3990 6130
287 342 344 403 lbd
784 344 1109 410 rueoloolcouunl
1136 344 1353 409 manarunt

283 508 406 589 genitus
431 509 488 571 Dei
510 510 593 573 lilius
611 511 806 574 dicaretur.»
833 513 913 574 Vide
939 511 1052 575 similia
1104 510 1200 573 nitate
1212 512 1465 593 conceptus.ullt
1477 529 1562 586 mox,
1581 510 1706 592 qualem
1719 509 1880 588 intelligat

203 628 207 633 ·
285 601 425 680 ejusdem
440 603 606 683 Augustini
619 604 884 678 locainlibrolV‚
900 602 1050 685 ospitex¹,
1103 604 1160 666 Dei
1185 604 1301 682 filium,
1330 605 1442 667 elarius
1469 604 1641 684 explioaus3
1670 624 1686 662 a
1714 603 1770 664 liei
1797 618 1879 681 ergo

283 693 318 755 in
332 694 445 773 quibus
467 695 577 756 eodem
600 702 772 772 momento,
796 714 859 776 quo
878 696 974 759 homo
988 713 1053 757 esse
1104 695 1199 757 Filius
1217 697 1307 758 lasus
1325 697 1474 772 Christus,
1497 695 1611 775 inquit,
1631 695 1747 774 quiset
1761 694 1881 755 adivi-

285 785 393 865 coepit,
412 786 541 848 unicum
561 788 616 849 liei
636 788 738 850 filium
759 787 852 850 fuisse
876 788 1052 850 confirmat.
1104 787 1201 849 nitate
1209 789 1343 867 genitus,
1361 794 1392 851 et
1414 808 1434 851 a
1454 788 1613 850 divinitate
1636 792 1817 866 conceptus.
1844 785 1882 846 Si

286 878 428 939 Gitantur
445 883 476 939 et
498 879 603 959 aliqua
619 880 715 960 ipsius
739 880 916 942 testimonia
934 881 974 942 ab
998 880 1054 942 nl·
1104 881 1243 959 ergoDei
1254 880 1443 960 Filius‚ergo
1454 879 1668 941 indubitanter
1677 880 1799 952 Deua»
1815 882 1878 939 etr„

286 969 378 1031 cuino
389 971 567 1032 insecundo
578 979 681 1034 eontra
695 971 833 1050 Felicem,
849 978 880 1034 et
893 990 912 1034 a
924 972 1055 1035 concilio
1104 972 1267 1052 Philippus
1278 973 1439 1054 presbyter
1458 972 1539 1033 libro
1557 972 1660 1052 primo
1683 974 1884 1032 commenta·

287 1062 552 1124 Franooiordiensi
574 1065 608 1124 in
631 1064 758 1145 epistola
786 1063 968 1145 synodioa':
997 1081 1056 1126 uec
1104 1064 1225 1126 riorum
1239 1064 1349 1138 indui,
1368 1086 1383 1124 o
1399 1067 1467 1145 lpse
1480 1065 1586 1141 homo,
1607 1063 1718 1142 inquit,
1735 1063 1806 1142 jam
1829 1079 1882 1123 as·

286 1172 352 1216 non
366 1154 406 1214 ab
419 1153 610 1234 agobardo&
624 1155 705 1217 libro
719 1155 855 1217 adverus
866 1154 1004 1218 Felices.
1105 1162 1247 1236 sumptus
1262 1157 1295 1217 in
1316 1156 1415 1236 gloria
1432 1175 1488 1237 per
1511 1158 1664 1218 unitatem
1681 1173 1828 1237 personas
1847 1154 1884 1215 in

327 1246 518 1307 Gaudentius
543 1245 783 1308 Brixianus⁸zc
810 1248 858 1308 Es
881 1265 943 1327 quo
971 1246 1057 1309 enim
1105 1248 1254 1309 ‘l'rinitate
1268 1266 1350 1309 unus
1364 1253 1411 1310 est
1424 1248 1519 1309 Filius
1532 1246 1630 1309 Dei.»

286 1355 423 1413 carnem,
440 1338 552 1418 inquit,
570 1345 684 1401 nosue
694 1338 867 1416 hagibtatis
877 1339 1053 1419 assumpsit,
1145 1339 1324 1401 Gennadius
1345 1340 1380 1400 in
1406 1339 1486 1400 libro
1508 1338 1544 1400 de
1565 1336 1748 1420 doprsatibas
1769 1336 1883 1400 E'eele·

286 1431 370 1493 idem
384 1428 468 1491 lilius
481 1444 527 1491 est
539 1430 688 1507 hominis,
703 1432 758 1511 qui
773 1437 804 1493 et
818 1431 891 1499 Dei:
906 1432 978 1511 qtria
991 1448 1057 1492 non
1104 1430 1240 1507 siastieis,
1264 1432 1364 1509 capite
1387 1431 1542 1507 seeundo;
1561 1451 1577 1489 a
1598 1430 1652 1492 Dei
1670 1447 1744 1509 ergo
1765 1429 1884 1507 Filius,

287 1522 365 1585 alius
379 1541 418 1584 ex
437 1523 533 1584 Maria
552 1527 645 1583 natus
665 1529 723 1600 est,
746 1542 841 1603 quam
855 1523 910 1604 qui
924 1541 980 1602 per
993 1541 1053 1585 ma·
1105 1522 1218 1603 inquit,
1239 1522 1337 1583 factus
1356 1528 1402 1584 est
1422 1523 1558 1584 hominis
1578 1522 1682 1598 filius;
1710 1526 1806 1581 natus
1833 1537 1885 1582 se·

286 1622 390 1675 ternas
416 1614 543 1695 illapsus
570 1633 661 1676 auras
687 1620 813 1676 uterum
838 1614 974 1695 Virginis
999 1634 1056 1696 op·
1105 1614 1243 1676 cundum
1255 1615 1417 1676 veritatem
1431 1621 1550 1675 nattum
1563 1631 1603 1675 ex
1623 1615 1688 1675 Deo
1707 1612 1763 1675 uei
1776 1612 1885 1683 Flius,

287 1707 425 1786 pluvit.»
1105 1712 1137 1769 et
1162 1707 1333 1768 secundum
1352 1707 1516 1768 veritatem
1541 1711 1661 1767 nature
1686 1724 1725 1765 ex
1745 1704 1887 1767 homine

327 1798 473 1878 Leporius
486 1798 521 1859 in
533 1798 638 1859 libello
647 1797 897 1875 Emendationis,
912 1800 960 1861 cui
976 1798 1057 1861 hiri-
1105 1799 1240 1861 hominis
1259 1799 1361 1860 filius:
1386 1812 1422 1860 ut
1443 1800 1556 1859 veritas
1579 1798 1675 1877 geniti
1689 1814 1755 1857 non
1779 1797 1886 1877 adop-

287 1891 358 1955 csui
369 1890 634 1971 episcopi,etinler
644 1889 1057 1971 hoshugustinussubserip·
1106 1891 1202 1967 tione,
1219 1909 1283 1951 non
1297 1891 1503 1972 appellatione
1515 1912 1523 1964 3
1535 1890 1589 1951 sed
1602 1890 1636 1950 in
1649 1895 1783 1968 utraque
1796 1890 1886 1949 nati-

286 1978 414 2057 serunt3
433 2002 444 2040 a
460 1984 498 2042 In
507 1982 567 2043 hoc
582 1983 716 2044 maxime
725 1982 810 2051 fides,
825 1983 939 2062 inquit,
951 1988 1057 2045 nostra
1106 1983 1203 2045 ritate
1221 1982 1277 2043 filii
1291 2000 1408 2045 nomen
1421 1982 1576 2043 nascendo
1590 1981 1739 2056 haberet;
1754 1987 1787 2041 et
1800 1987 1889 2043 esset

286 2073 435 2150 consistit,
446 2082 483 2134 ut
494 2074 656 2135 credamus
663 2074 793 2136 unicum
802 2075 918 2135 Filium
928 2074 982 2135 Dei
992 2093 1057 2136 non
1106 2092 1200 2136 verus
1213 2075 1305 2150 Deus,
1320 2079 1352 2134 et
1364 2091 1456 2135 verus
1469 2074 1575 2146 homo,
1590 2090 1674 2134 unus
1686 2072 1791 2133 Filius.
1811 2073 1888 2134 Non

286 2167 480 2245 adoptivum,
494 2166 548 2226 sed
558 2167 730 2247 proprium,
740 2185 806 2228 non
815 2166 1054 2246 phantasticum,
1107 2163 1886 2246 ergodnostristos‚nequeduosliliosletemur,

285 2260 340 2320 sed
352 2273 474 2330 verum,
489 2275 555 2318 non
567 2259 804 2337 temporarium,
821 2258 875 2319 sed
889 2263 1054 2335 aeternum,
1107 2259 1160 2320 sed
1175 2260 1274 2319 Deum
1287 2263 1319 2317 et
1330 2257 1492 2318 hominem
1505 2274 1606 2318 unum
1619 2255 1742 2318 Filium.
1760 2276 1773 2314 ι

285 2370 343 2433 pro
366 2350 457 2413 nobis
481 2352 587 2413 omnia
615 2351 787 2413 secundum
812 2365 938 2411 carnem
964 2350 1057 2411 fuisse
1147 2352 1190 2410 X.
1212 2348 1390 2427 Fulgentius
1404 2349 1488 2410 haud
1503 2367 1591 2410 secus
1603 2353 1696 2428 atqua
1709 2347 1754 2408 illi
1769 2365 1890 2410 omnes

285 2461 509 2523 perpessum.»
531 2445 572 2504 Et
596 2447 667 2503 ante
694 2443 762 2503 hsce
785 2442 958 2503 «Nascitur
982 2459 1057 2521 ergo
1107 2442 1146 2504 da
1167 2442 1226 2503 hac
1248 2458 1282 2501 re
1305 2442 1419 2503 statuit.
1446 2443 1483 2501 ln
1503 2440 1595 2502 tertio
1616 2440 1697 2500 libro
1717 2438 1758 2500 sd
1776 2441 1887 2501 Tausi-

286 2535 387 2609 nobis,
400 2536 445 2597 ait
456 2536 551 2609 idem,
567 2534 691 2615 proprie
705 2535 744 2595 de
758 2533 876 2613 Spiritu
893 2542 1010 2610 sancto,
1026 2537 1058 2595 et
1107 2532 1260 2606 mundum,
1276 2535 1374 2612 capite
1388 2538 1492 2609 sext03
1508 2553 1524 2591 a
1538 2534 1626 2594 Unus
1639 2531 1745 2610 igitur,
1760 2532 1887 2612 inquit,

286 2627 383 2688 Maria
410 2645 533 2708 semper
557 2626 698 2706 Virgine,
728 2628 809 2687 Deus
834 2626 941 2699 homo,
968 2628 1057 2688 lesus
1106 2625 1250 2703 idemque
1273 2625 1413 2686 Christus
1429 2625 1484 2686 Dei
1506 2628 1537 2685 et
1558 2623 1695 2684 hominis
1714 2622 1810 2699 lilius,
1829 2626 1889 2705 qui

288 2719 431 2780 Christus
439 2719 534 2780 Filius
544 2719 610 2794 Dei,
621 2736 657 2781 ao
666 2718 943 2779 sicinalterutrum
955 2712 1056 2778 unum
1107 2719 1358 2797 etsemetipsum
1379 2716 1558 2790 exinanivit,
1578 2720 1610 2777 et
1626 2715 1737 2795 plenus
1754 2717 1889 2795 gratiss,

286 2811 322 2871 fit
335 2811 486 2888 Verbum,
504 2815 535 2872 et
553 2828 637 2887 caro,
652 2816 689 2872 ut
705 2815 850 2871 manente
864 2810 897 2870 in
915 2827 972 2874 sua
985 2827 1056 2890 per·
1105 2809 1305 2889 veritatisque
1313 2808 1494 2889 permansit.
1512 2829 1524 2865 ι
1538 2809 1577 2868 Et
1589 2808 1623 2869 in
1634 2807 1714 2867 libro
1725 2805 1762 2867 de
1774 2806 1891 2869 Incer-

286 2902 416 2964 iectione
435 2901 617 2963 naturaliter
636 2906 767 2982 utraque
785 2901 965 2975 substantia,
988 2901 1056 2964 sine
1105 2901 1235 2974 natione,
1252 2900 1350 2980 capite
1365 2919 1399 2961 ιι.
1417 2901 1536 2961 «Unus
1547 2904 1578 2960 et
1590 2916 1682 2960 verus
1695 2899 1763 2975 Dei,
1783 2905 1890 2982 atque

286 2995 336 3058 sui
360 2994 550 3074 praejudicio,
579 2999 611 3054 et
628 2993 816 3055 humanitati
840 2993 945 3054 divina
967 3010 1056 3054 oom-
1106 2992 1242 3055 hominis
1260 2992 1360 3069 filius,
1383 3009 1465 3052 unus
1482 2992 1627 3072 idemque
1645 2991 1683 3052 de
1701 2990 1792 3052 Patre
1812 2993 1890 3056 sine

286 3087 457 3163 munirent,
473 3090 504 3147 et
526 3085 682 3146 divinitati
695 3086 835 3146 humana
847 3085 1054 3165 participent:
1105 3084 1196 3147 initio
1219 3084 1300 3145 Deus
1321 3101 1442 3164 semper
1459 3084 1603 3163 genitus;
1625 3082 1782 3145 demetra
1802 3102 1889 3147 vero

286 3196 344 3240 nee
369 3177 447 3237 alter
467 3179 559 3253 Deus,
584 3176 660 3237 alter
677 3176 792 3251 homo;
815 3176 869 3237 sed
888 3176 972 3236 idem
989 3177 1056 3256 ipse
1106 3178 1188 3239 Deus
1209 3176 1382 3237 secuudum
1409 3194 1535 3236 carnem
1563 3175 1775 3255 temporaliter
1801 3195 1889 3239 eon·

287 3272 379 3347 Deus,
395 3268 450 3349 qui
463 3274 495 3329 et
507 3268 622 3345 homo;
638 3273 671 3329 et
683 3269 819 3329 vicissim
836 3266 942 3342 homo,
959 3269 1058 3348 quiet
1106 3273 1224 3348 ceptus,
1240 3274 1271 3328 et
1281 3274 1383 3328 natus.
1399 3267 1571 3347 »Etcapite
1582 3268 1721 3346 sequenti
1733 3287 1740 3327 ε
1760 3292 1776 3320 ι
1790 3268 1891 3332 Unus

288 3363 368 3424 Deus
380 3363 469 3423 lasus
481 3360 630 3428 Christus,
647 3377 730 3420 unus
743 3360 798 3421 Dei
810 3359 917 3436 Filius,
932 3365 963 3420 et
973 3378 1056 3421 nun·
1106 3367 1153 3423 est
1165 3360 1262 3439 igitur
1278 3359 1417 3420 Christus
1437 3360 1492 3421 Dei
1509 3359 1604 3420 Filius
1619 3360 1653 3421 in
1672 3364 1784 3419 natura
1796 3359 1890 3423 divi·

287 3458 428 3534 cupetur,
443 3458 475 3513 ot
487 3470 560 3513 vere
574 3452 624 3513 sit.
640 3472 656 3511 u
675 3453 747 3513 Haeo
764 3451 886 3532 leporii
898 3451 1006 3529 verba,
1021 3458 1057 3513 ut
1106 3452 1211 3514 nitatis
1222 3457 1253 3513 et
1266 3452 1385 3527 carnis;
1400 3472 1416 3509 n
1434 3457 1465 3512 et
1477 3451 1511 3512 in
1529 3451 1648 3512 caeteris
1661 3449 1828 3531 capitibus,
1847 3470 1889 3515 ao

287 3551 318 3607 et
330 3546 392 3607 alia
404 3546 550 3625 pleraque
563 3544 722 3625 descripsit
734 3545 894 3605 Cassianus
907 3544 940 3604 in
953 3545 1056 3623 primo
1105 3544 1203 3613 libris,
1220 3543 1330 3623 saepius
1344 3544 1473 3603 unicum
1490 3547 1522 3604 el
1534 3543 1678 3604 eumdem
1692 3543 1726 3603 in
1742 3547 1890 3624 utraque

287 3636 367 3699 libro
385 3636 421 3697 de
440 3635 665 3712 Incommtioae,
691 3635 791 3714 capite
811 3634 932 3714 quinto.
956 3637 1057 3702 Quem
1106 3640 1218 3697 natura
1245 3634 1301 3695 Dei
1328 3652 1393 3695 essa
1420 3634 1530 3695 Filium
1559 3635 1695 3695 'affirmat
1720 3633 1890 3698 Christum

287 3728 419 3809 proinde
431 3727 690 3803 testemejusdem
704 3727 742 3787 de
756 3743 820 3787 uno
834 3726 898 3787 filio
914 3727 967 3787 liei
982 3745 1055 3788 sen-
1107 3728 1288 3789 Dominum.
1311 3727 1387 3787 Vide
1405 3726 1522 3787 librum
1541 3724 1577 3788 de
1597 3725 1672 3787 Fide
1685 3724 1726 3788 ad
1739 3725 1888 3807 Petrum,

287 3820 394 3881 tentiae
412 3818 483 3879 licet
495 3817 669 3897 appellare3
691 3817 773 3896 quod
788 3817 873 3877 illius
889 3818 970 3879 dicta
983 3836 1056 3898 pro·
1107 3820 1206 3899 capite
1218 3835 1286 3892 1111,
1301 3834 1363 3894 xrv,
1377 3835 1431 3879 xv.
1448 3818 1534 3879 Idem
1549 3817 1730 3897 Fulgentius
1745 3817 1781 3877 in
1799 3818 1892 3881 libro

287 3909 383 3985 havit,
409 3915 439 3970 et
461 3913 567 3969 eontra
594 3908 807 3969 Nestorianam
830 3909 972 3971 haeresim
1001 3929 1057 3991 op·
1107 3909 1298 3992 &inuisam
1312 3908 1490 3990 AEtlriopis:
1513 3910 1616 3971 «Ideo
1635 3909 1687 3971 Dei
1703 3909 1811 3986 Filius,
1827 3913 1890 3986 ait,

288 4000 401 4083 posuit.
417 4001 537 4061 Verum
558 4005 671 4079 praeter
691 3999 759 4074 ista,
788 4001 901 4079 passim
928 4001 962 4061 in
985 4002 1058 4064 totis
1107 4019 1173 4064 non
1200 4002 1303 4063 solum
1330 4001 1502 4064 secundum
1532 4019 1640 4063 veram
1667 4001 1891 4077 divinitatem,
1992 4002 1993 4023 ³

289 4092 349 4154 illis
362 4098 479 4174 septem
493 4091 529 4152 dc
542 4090 751 4153 Iaeamatione
763 4091 851 4153 libris
866 4092 968 4155 eidem
981 4094 1058 4175 dog·
1108 4111 1204 4174 quam
1223 4093 1317 4154 habat
1336 4093 1375 4155 de
1394 4098 1507 4154 natura
1524 4093 1635 4169 Patris,
1655 4091 1822 4153 sedetiam
1837 4112 1894 4156 se·

289 4185 367 4247 mati
380 4184 578 4263 suffragatur.
593 4184 726 4245 Maxime
739 4183 774 4245 in
793 4185 929 4246 secundo
941 4185 1021 4246 libro
1033 4183 1057 4260 ⁸,
1108 4186 1248 4248 cundum
1274 4202 1412 4262 carnem,
1439 4203 1535 4264 quam
1561 4199 1669 4245 veram
1697 4184 1896 4250 naturaliter

289 4276 324 4337 in
337 4294 400 4355 quo
413 4285 539 4349 θεοτόκον,
552 4275 585 4336 id
605 4280 652 4336 est
663 4276 835 4355 genitricem
849 4275 920 4353 Dei,
934 4277 1059 4337 beatam
1108 4276 1202 4339 habet
1224 4277 1262 4337 da
1288 4294 1417 4357 corpore
1440 4275 1607 4355 genitricis,
1633 4276 1714 4336 Deus
1736 4292 1837 4337 verus
1860 4284 1898 4341 et

290 4383 356 4430 esse
370 4367 499 4429 Mariam
516 4365 584 4428 fuse
603 4367 767 4446 approbat.
784 4366 866 4427 'lum
885 4367 930 4428 its
948 4367 1060 4429 Nesto·
1109 4369 1260 4442 ereditur,
1286 4373 1318 4429 et
1340 4368 1524 4448 predicatur
1549 4387 1569 4428 a
1590 4367 1704 4442 nobis,
1731 4368 1898 4445 quoniam
1991 4430 1992 4439 ,

290 4459 374 4521 rium
391 4456 611 4538 aggreditur⁷z
630 4479 642 4516 a
658 4459 803 4518 Primum
816 4475 890 4538 ergo
906 4458 1061 4521 illudate
1110 4467 1226 4523 aeterna
1239 4459 1383 4521 divinitas
1401 4460 1470 4521 Filii
1484 4476 1555 4520 cum
1576 4459 1668 4538 plena
1687 4459 1899 4523 humanitate
1991 4458 1992 4469 ’

290 4550 1058 4630 requirozhominumnostrumlesumChristum,
1110 4571 1178 4628 sua,
1207 4556 1238 4613 et
1265 4553 1373 4613 eadem
1400 4551 1493 4632 plena
1515 4551 1695 4613 humanitas
1720 4549 1790 4611 Filii
1814 4570 1900 4615 cum

292 4643 398 4723 quiex
411 4642 508 4704 lllaria
521 4642 648 4721 Virgine
665 4652 757 4702 natus
771 4645 828 4718 est,
841 4642 978 4704 hominis
992 4650 1061 4704 lan·
1111 4650 1228 4706 aeterns
1247 4643 1409 4704 divinitate
1429 4660 1496 4718 sua,
1522 4661 1586 4704 una
1612 4648 1658 4703 est
1680 4641 1714 4701 in
1731 4641 1900 4707 Trinitate
1990 4652 1991 4657 ’

291 4740 363 4794 tum
378 4733 491 4811 filium,
507 4753 548 4794 an
567 4734 661 4796 etiam
679 4733 734 4795 Dei
756 4734 840 4795 dicas
862 4751 927 4795 esse
948 4734 1061 4796 filium.
1111 4753 1264 4817 persona:
1287 4739 1318 4797 et
1339 4735 1405 4815 ipse
1427 4742 1511 4796 totus
1530 4735 1565 4795 in
1588 4733 1767 4808 divinitate,
1791 4742 1900 4816 atque
1990 4752 1991 4773 ¹

293 4825 356 4887 Nos
369 4824 466 4901 enim,
476 4825 508 4886 id
517 4830 564 4886 est
572 4826 800 4887 Catholicorum
813 4825 955 4886 omnium
969 4826 1060 4889 tides:
1111 4827 1304 4890 humanitate
1318 4845 1374 4888 sua
1387 4828 1566 4902 unigenitus
1579 4826 1675 4887 Filius
1687 4841 1760 4886 eum
1774 4827 1896 4907 Patre,

293 4932 363 4991 nos,
384 4915 525 4995 inquam,
546 4934 655 4979 omnes
677 4923 847 4997 utrumque
863 4918 923 4979 hoe
943 4923 975 4979 et
997 4937 1063 4981 cre·
1112 4927 1143 4984 et
1157 4919 1274 5001 Spiritu
1289 4924 1393 4980 sancto
1408 4937 1490 4980 unm
1502 4924 1549 4980 est
1563 4921 1686 4979 Deus.»

295 5008 398 5068 dimus
420 5012 451 5068 et
469 5007 683 5088 intelligimus,
709 5016 741 5071 ot
761 5010 887 5086 scimus,
911 5015 942 5071 et
963 5011 1062 5073 confl—
1153 5013 1284 5072 Faustus
1306 5011 1492 5090 Rhegiensis
1513 5011 1546 5071 in
1573 5010 1702 5090 epistola
1726 5009 1820 5071 tertia
1850 5012 1901 5075 aa
1989 5072 1990 5077 ,

294 5106 415 5176 temur3
438 5099 522 5178 quod
541 5106 573 5161 et
589 5101 727 5164 hominis
746 5110 793 5164 est
814 5102 907 5176 fliius,
931 5103 1006 5183 quia
1025 5122 1064 5165 ax
1115 5103 1286 5185 Grepmtum
1300 5101 1470 5178 diaconum,
1484 5103 1561 5163 dum
1578 5122 1591 5159 a
1609 5103 1734 5164 beatam
1753 5102 1899 5167 Mariam
1989 5104 1990 5107 ’

294 5191 423 5254 homine
436 5197 604 5270 natusest3
624 5200 656 5256 et
669 5195 724 5257 Dei
737 5195 831 5265 filius,
847 5195 921 5276 quia
934 5195 1063 5258 exdivi·
1113 5216 1178 5260 nou
1205 5200 1328 5257 tentum
1354 5202 1489 5259 matrem
1520 5193 1613 5256 fuisse
1640 5195 1801 5272 hominis,
1833 5197 1901 5260 sed

294 5481 309 5527 θ
323 5417 367 5537 gap
377 5418 524 5539 bil-“lgm
536 5419 670 5529 ἶξξοὲοἷ
679 5421 694 5467 a
702 5421 764 5468 lom.
772 5420 863 5468 nesti.
877 5422 948 5468 Pla-
959 5422 971 5466 i
983 5423 1057 5469 tract.
1071 5433 1112 5471 rur
1122 5424 1149 5470 de
1165 5425 1214 5471 Nat.
1230 5424 1294 5468 bom.
1306 5428 1323 5469 t.
1338 5420 1455 5468 ΠΜ.-
1464 5421 1479 5466 t
1489 5420 1514 5467 ln
1529 5422 1607 5477 Opino.
1618 5420 1689 5478 deuna
1699 5433 1712 5467 a
1723 5421 1788 5468 sirau
1799 5421 1890 5469 adit.-
