3932 6142
791 263 1117 329 nummulooauu
1136 260 1354 326 bauuauuu

1098 429 1191 489 unius
1214 426 1402 508 operationis
1415 427 1448 487 in
1468 426 1521 488 illo
1541 427 1628 488 notio
1642 424 1851 487 contineretur.
1945 446 1947 449 ¹

1098 522 1172 582 liare
1195 526 1239 582 est
1266 518 1467 582 celeberrima
1494 518 1548 580 illa
1569 525 1694 599 θεανδρινοὴ
1726 523 1853 598 ἐνέργειαι
1881 524 1941 581 aar

1098 613 1187 693 eujus
1199 612 1335 674 nominis
1348 612 1467 692 primus
1481 616 1588 672 auctor
1605 609 1665 670 luit
1682 609 1854 689 Dionysium
1875 633 1948 693 aa*

503 724 726 812 CAPUT
767 726 811 813 X
1098 724 1203 786 aquo
1227 705 1304 765 illud
1321 723 1354 766 se
1377 704 1529 784 aeeepisse
1552 702 1628 764 olim
1648 703 1780 782 utrique,
1796 708 1856 763 tarn
1887 692 1948 787 ,m

815 795 823 812 ⁹
1098 798 1244 860 Catholici
1260 844 1267 875 ,
1284 815 1378 876 quam
1396 796 1614 859 Monotheletae
1642 794 1762 870 gloriati
1778 800 1855 857 sunt.
1900 792 1948 869 Ἣ

1101 888 1311 955 Quamobrem
1327 889 1457 951 interest
1474 889 1579 950 loeum
1603 889 1708 967 ipsum
1730 886 1859 966 Dionysii
1946 880 1949 951 l

1099 980 1180 1043 bene
1193 981 1432 1053 consideratum,
1450 986 1480 1042 at
1494 979 1690 1060 exploratum
1698 978 1818 1055 babere,
1827 983 1860 1038 11
1948 968 1949 1059 l

282 1070 469 1152 Enplieatnr
482 1080 600 1146 aeterra,
622 1080 650 1132 et
664 1070 795 1153 propria
816 1069 894 1130 ratio
907 1069 1052 1151 operatio-
1101 1072 1139 1134 de
1149 1090 1208 1133 usu
1222 1073 1305 1133 vocis
1318 1073 1405 1134 istius
1419 1072 1531 1134 melius
1538 1071 1692 1152 judieium
1705 1070 1783 1132 ferre
1794 1088 1859 1151 pos

321 1182 392 1223 narra
410 1162 532 1236 Christi,
546 1180 613 1243 qaoe
630 1164 766 1235 θεανδρνκαὶ
789 1160 909 1235 Grreris,
935 1161 1052 1222 latinis
1101 1165 1208 1225 simus.
1948 1158 1949 1173 ¹

324 1255 481 1316 lleiviriles
491 1256 695 1315 nominantur.
706 1257 736 1314 2·
752 1253 902 1333 Enposita
913 1253 1051 1333 primum
1142 1259 1247 1318 Exstat
1260 1263 1365 1319 autem
1381 1256 1415 1316 in
1428 1255 1557 1335 epistola
1568 1260 1680 1335 quarta
1693 1252 1735 1316 ad
1753 1253 1861 1324 Caium,
1948 1286 1949 1289 =

324 1352 402 1406 trotio
420 1346 555 1408 vocabuli
574 1353 721 1426 θεανδρινὴ,
743 1363 810 1426 qnae
833 1353 957 1405 naturas
979 1343 1052 1407 duas
1102 1348 1190 1427 eujus
1214 1351 1248 1409 iu
1275 1349 1338 1410 fine
1354 1348 1414 1408 ista
1432 1348 1582 1426 leguntur
1605 1366 1612 1407 :
1638 1346 1812 1417 «Etenim,
1832 1350 1864 1405 ut

323 1439 480 1518 erytrtntt.
498 1441 527 1499 3.
545 1436 614 1499 Non
629 1456 717 1496 unane
737 1435 889 1517 significat
909 1442 1054 1517 operatio·
1102 1459 1167 1501 uno
1188 1441 1283 1502 verbo
1303 1442 1452 1509 dicamus,
1473 1458 1513 1500 ne
1531 1440 1626 1501 bomo
1639 1438 1765 1519 quidem
1778 1445 1862 1497 erat:

324 1527 966 1611 1111111111111111111111111111111111.
986 1528 1053 1591 Tri·
1103 1551 1167 1594 non
1181 1535 1265 1613 quod
1279 1552 1343 1594 uon
1357 1532 1543 1594 essethomo
1566 1531 1641 1592 :sod
1655 1530 1740 1610 quod
1760 1547 1797 1590 ex
1813 1529 1864 1589 ho·
1949 1552 1950 1577 1

319 1622 397 1701 plen
415 1642 503 1704 penus
517 1621 719 1701 operationum
735 1618 855 1692 Christi,
873 1639 964 1681 anam
977 1641 1054 1683 mere
1103 1625 1240 1685 minibus
1266 1624 1348 1685 ultra
1377 1624 1520 1685 homines
1542 1624 1701 1695 existeret,
1724 1639 1760 1682 ue
1782 1639 1867 1700 supra

325 1714 472 1789 diuinam,
488 1711 644 1773 seennclnm
653 1731 731 1772 rnere
743 1712 915 1789 barranum,
929 1715 1053 1775 tertiam
1104 1716 1263 1777 hominem
1276 1734 1386 1778 revera
1403 1722 1480 1777 assat
1493 1716 1599 1776 homo.
1617 1715 1675 1788 Qui
1688 1732 1753 1775 uon
1765 1730 1865 1773 seruu-

326 1827 364 1868 11
376 1806 639 1886 ntroqnemistnm.
656 1803 760 1881 b.,Hoe
773 1806 892 1865 tertium
906 1805 1059 1887 appellari
1105 1808 1179 1868 dum
1192 1810 1290 1869 1111111
1301 1809 1405 1868 divina
1418 1808 1524 1887 gessit,
1548 1825 1605 1868 nee
1614 1807 1752 1868 humana
1765 1823 1866 1866 111111·

328 1917 346 1960 a
361 1899 501 1978 Dionpn'o
515 1898 672 1977 precipue
685 1905 824 1976 θεανδρικὸν
847 1905 954 1958 ueteres
975 1900 1056 1959 arbi·
1105 1900 1180 1960 dum
1194 1899 1355 1960 homiuem
1372 1918 1379 1958 :
1395 1916 1505 1959 verum
1520 1899 1583 1959 Deo
1592 1899 1659 1958 viro
1670 1898 1749 1959 laeto
1763 1913 1867 1956 novam

329 1988 1056 2070 1111111.6.8111111111ρ11111111111111ςρ1111
1105 1993 1272 2070 quamdam
1295 1991 1473 2052 Deivirilem
1493 1990 1583 2052 nobis
1598 1991 1811 2070 operationem
1824 2005 1868 2049 ex·
1950 1974 1951 1989 ¹

327 2092 361 2142 nt
375 2081 576 2162 intelligatur,
593 2082 727 2162 primaru
741 2079 832 2141 radin
843 2079 1055 2161 appellationis
1105 2085 1216 2163 pressit
1229 2084 1263 2144 in
1275 2084 1367 2144 uita⁰.
1391 2104 1406 2141 u

329 2175 414 2235 istius
426 2173 607 2254 enpliratar,
624 2192 691 2254 quer
707 2181 749 2233 est
764 2172 863 2232 unitio
877 2172 1055 2235 substantiva
1148 2177 1185 2236 ll.
1202 2176 1339 2237 Voxista
1352 2182 1478 2257 θεανδρικὴ
1496 2174 1688 2236 hauddubie
1705 2191 1744 2235 ex
1758 2172 1868 2234 duabus
1920 2185 1952 2237 na

329 2274 507 2327 naturarum
517 2264 655 2326 daurom.
668 2267 696 2325 7.
717 2263 824 2326 Utrum
839 2272 867 2324 et
876 2266 1059 2345 operationes
1107 2268 1236 2341 deflexa,
1267 2277 1334 2337 θεοῦ,
1346 2273 1377 2328 11
1391 2274 1488 2347 ἀνδρὸς,
1509 2272 1678 2346 utrumque
1692 2284 1868 2328 coneurrere
1902 2246 1952 2345 311

330 2360 402 2438 ipses
429 2356 574 2417 similiter
615 2360 708 2417 uniter
733 2355 792 2415 sint
818 2355 987 2435 pueritiam
1023 2377 1058 2417 nr
1108 2363 1141 2420 in
1161 2359 1256 2420 talem
1284 2359 1499 2440 operationem
1526 2359 1666 2419 iudicat:
1690 2360 1742 2419 sed
1771 2363 1868 2419 utrum
1895 2342 1952 2441 ,ζῇ

326 2449 428 2530 primo
447 2455 711 2508 canimemorantnr
733 2446 839 2527 quiid
861 2454 979 2527 negant,
996 2456 1057 2509 tarn
1108 2451 1289 2512 uniusmodi
1309 2452 1358 2526 sit,
1381 2451 1441 2511 hoa
1454 2455 1500 2510 est
1525 2450 1693 2529 singularis
1713 2449 1816 2529 aliqua
1836 2466 1869 2508 ex

331 2541 385 2621 qni
399 2538 566 2620 affirmant.
583 2540 612 2599 8.
638 2537 685 2599 Hi
706 2556 771 2598 uero
793 2545 965 2618 posteriores
982 2540 1059 2600 mul·
1109 2549 1240 2622 utroque
1255 2542 1358 2617 mista,
1374 2547 1586 2620 attemperata
1603 2560 1718 2620 genere
1735 2561 1742 2601 ε
1757 2560 1797 2601 au
1808 2541 1869 2601 dua

334 2639 397 2694 tnrn
420 2630 457 2692 ab
478 2630 622 2692 toeretieis
642 2628 833 2705 discrepem,-
850 2649 903 2692 nee
918 2632 948 2691 in
971 2651 1060 2693 unam
1111 2636 1182 2709 sint,
1197 2641 1227 2696 et
1241 2635 1279 2695 ab
1295 2634 1424 2714 singulis
1436 2634 1580 2713 protentae
1601 2634 1721 2694 naturis
1736 2632 1869 2711 singule,
1952 2618 1953 2629 ¹

332 2723 524 2805 operationem
537 2720 611 2784 duas
621 2722 762 2802 conjungi
770 2730 910 2784 mserernt.
926 2724 972 2784 lo.
988 2723 1062 2784 Pro
1110 2733 1289 2806 nonaperte
1304 2727 1507 2786 demonstrat.
1524 2727 1664 2799 Quorum
1674 2725 1763 2804 prius
1776 2726 1871 2785 blano

332 2823 484 2897 ponuntur
496 2813 719 2894 ruodr’qaataor
737 2832 775 2873 aa
795 2813 936 2875 Patribus
949 2816 1061 2875 unitio·
1111 2818 1235 2879 theletae
1252 2837 1259 2878 ε
1277 2819 1430 2898 posterius
1450 2817 1600 2878 Catholici
1623 2822 1804 2878 tenuerunt.
1817 2815 1871 2876 ad·

334 2910 379 2969 nis
405 2907 606 2988 operationum
630 2903 754 2967 Christi.
785 2908 833 2966 ll.
858 2905 917 2967 His
942 2908 1063 2987 quintas
1112 2916 1334 2970 monetautem
1349 2910 1389 2969 ad
1402 2908 1492 2969 illum
1515 2908 1620 2969 loeum
1634 2909 1798 2983 Maximus,
1817 2925 1873 2968 noa

335 2999 456 3061 ariditas
469 3017 506 3059 en
512 2988 669 3078 personali
689 2995 773 3056 Verbi
783 2998 977 3078 proprietate,
998 3016 1064 3079 ques
1113 3019 1178 3063 esse
1201 3000 1428 3062 nominandum
1443 3019 1481 3061 ex
1501 3000 1596 3078 hujus
1616 3000 1801 3061 auctoritate
1817 3017 1875 3059 sen-
1953 3068 1954 3073 .

338 3093 370 3154 in
391 3091 571 3173 operationes
592 3089 734 3150 dumanas
760 3088 883 3170 aliquid
898 3090 1019 3170 consen,
1035 3100 1065 3153 et
1113 3095 1220 3155 tentiae
1251 3093 1407 3154 Christum
1442 3093 1609 3153 Dominum
1637 3097 1789 3175 1εονδρίτγν.
1816 3093 1875 3152 1111

336 3204 384 3247 eas
402 3182 530 3263 deificat.
559 3183 607 3243 12.
634 3178 717 3256 Quod
742 3188 869 3241 veterna
893 3184 1066 3246 anctoritate
1114 3186 1199 3247 enim
1227 3193 1391 3266 θεανδριτοιὴν
1408 3192 1527 3265 ἐνέργειαν
1550 3184 1718 3263 appellari,
1759 3190 1794 3245 ut
1813 3182 1876 3244 iude

333 3277 492 3360 probatur.
510 3277 559 3334 13.
575 3272 762 3353 Proponitar
779 3273 899 3352 qaoenio
913 3274 1064 3356 difficilis,
1114 3286 1254 3358 θιανδρίτγς
1279 3277 1382 3337 vorari
1418 3277 1512 3354 possit
1538 3278 1604 3355 ipse
1629 3276 1773 3338 Christus
1801 3274 1876 3337 :sod

338 3366 478 3449 qnonrodo
488 3365 618 3447 operatio
632 3363 745 3440 divina,
760 3383 798 3425 en
813 3384 871 3446 qua
890 3385 956 3446 pure
967 3367 1067 3429 tbean·
1115 3378 1267 3451 θεανδρικὴν,
1282 3374 1318 3430 11
1328 3368 1517 3446 intelligatur
1531 3386 1596 3429 asse
1609 3378 1675 3440 θεοῦ,
1688 3378 1730 3429 καὶ
1743 3366 1878 3447 neptali

338 3461 421 3522 driea
435 3459 549 3520 dieitur
558 3462 682 3532 constat,
691 3457 820 3537 propria
832 3457 871 3517 sit
889 3456 983 3533 Verbi,
1000 3478 1066 3522 sum
1117 3469 1163 3524 est
1176 3462 1245 3537 Dei,
1261 3480 1297 3522 ae
1309 3460 1380 3523 uiri.
1392 3460 1437 3520 lta
1446 3460 1620 3535 Maximus3
1636 3460 1691 3539 qui
1699 3459 1763 3521 hoe
1774 3459 1877 3520 cavisse

340 3554 376 3614 s'it
401 3552 490 3613 totius
521 3548 690 3612 Trinitatis.
722 3550 771 3608 11.
798 3547 984 3629 Explicatur
1011 3552 1068 3612 ista
1117 3555 1250 3630 videtur,
1275 3571 1315 3614 ne
1349 3553 1504 3632 singulare
1539 3552 1664 3631 aliquod
1699 3550 1878 3613 vocabulum

341 3651 465 3727 qaeestio
484 3661 522 3702 en
542 3660 572 3702 eo
586 3637 664 3721 quod
676 3639 807 3720 operatio
819 3639 932 3702 divina.
944 3641 1070 3721 perinde
1118 3644 1239 3706 Christo
1261 3645 1428 3719 tribuatur,
1444 3644 1528 3724 quod
1551 3650 1719 3723 utramque
1743 3651 1877 3705 naturam

342 3756 377 3797 ae
389 3743 509 3803 natura,
525 3752 581 3797 non
594 3730 681 3793 aliter
695 3749 784 3811 quant
798 3730 1069 3815 determinatnper·
1119 3738 1326 3816 complexum,
1343 3743 1494 3815 tanquam
1511 3737 1645 3807 tertiam,
1664 3752 1798 3815 eamque
1814 3750 1878 3794 oon·

343 3827 436 3888 sonuli
455 3824 540 3889 Verbi
557 3823 738 3905 proprietate
760 3823 792 3883 in
805 3826 966 3887 unitionem
981 3826 1069 3888 illam
1120 3830 1226 3892 ssatam
1249 3848 1266 3890 1
1287 3829 1418 3902 duabus,
1455 3835 1486 3889 11
1510 3827 1713 3906 eompositam
1747 3832 1880 3889 naturum

346 3919 436 3980 uersit.
1121 3921 1272 3997 signifieat
1287 3941 1294 3981 ε
1307 3926 1342 3981 11
1356 3921 1380 3980 si
1394 3928 1533 4000 θεανδρίτρς
1553 3920 1726 3993 diaeretur3
1754 3919 1837 3979 velut
1848 3933 1881 3975 ex

478 4088 481 4094 ¹
1121 4015 1184 4075 Deo
1217 4013 1346 4085 mistus,
1375 4017 1406 4072 et
1437 4011 1565 4072 homine
1591 4031 1598 4072 :
1625 4009 1879 4090 quemadmodum

347 4105 370 4166 1.
389 4104 457 4165 Nou
477 4121 585 4179 unam,
607 4100 856 4179 singularemque
872 4100 985 4162 Christi
1004 4102 1071 4179 Dei,
1122 4112 1241 4186 οἰνόμελι,
1259 4110 1426 4185 1111ρ1ρελν,
1442 4110 1473 4164 11
1494 4104 1606 4164 similia
1623 4104 1767 4164 nomina.
1785 4099 1882 4165 atille

308 4205 339 4259 et
353 4197 488 4259 hominis
502 4195 714 4275 operationem
726 4210 802 4268 esse,
818 4194 952 4263 ratione,
969 4200 1072 4255 aueto·
1122 4216 1186 4258 non
1198 4198 1403 4269 abana,seda
1417 4196 1538 4256 duabus
1546 4196 1686 4276 proxime
1696 4192 1883 4268 autumabat

308 4292 460 4368 ritateque
486 4293 626 4347 veterum
655 4286 728 4346 satis
756 4285 956 4345 ostendimus.
984 4287 1074 4347 Nune
1123 4288 1592 4371 1111111κα1,1ν1ρ111111ν11ἰτὴν
1620 4283 1881 4366 benepatvmaluit.

309 4380 481 4462 eujusmodi
493 4380 532 4440 sit
543 4378 658 4457 duplex
670 4376 723 4437 illu
732 4394 788 4456 pro
801 4394 932 4437 numero
946 4385 1073 4439 natura·
1125 4381 1182 4441 Cui
1210 4381 1318 4443 similis
1340 4379 1555 4460 appellationis
1582 4380 1672 4453 ratio,
1697 4386 1729 4439 et
1751 4374 1882 4451 analogia

308 4492 391 4546 rum,
406 4473 572 4533 constituta
580 4470 643 4530 illie
657 4476 773 4549 ἐνέργεια,
781 4474 905 4547 tempus
919 4476 965 4530 est
978 4488 1073 4549 expo·
1126 4473 1208 4550 apud
1223 4472 1431 4552 Epiphanium
1445 4470 1553 4531 olima
1572 4470 1662 4530 nobis
1685 4476 1732 4530 est
1753 4465 1882 4529 animad-

308 4584 390 4626 nere.
405 4569 448 4629 de.
459 4560 869 4645 principiumdisputationis
883 4561 972 4623 istius
985 4563 1025 4623 ab
1038 4581 1074 4624 eo
1124 4584 1213 4626 versa
1225 4566 1259 4625 in
1272 4583 1348 4626 voce
1363 4571 1522 4643 ἀνδρόγυνον,
1539 4565 1572 4623 11
1584 4562 1696 4623 heresi
1705 4556 1881 4634 1111111111,
1908 4576 1954 4625 antu

308 4658 492 4738 rapiendum
520 4655 670 4716 vocabulo
696 4653 837 4727 videtur,
874 4655 957 4732 quod
992 4657 1074 4734 apud
1126 4662 1265 4737 quaeest
1291 4653 1884 4717 Ebionitnrnrn:ubiaonsuetudiuem
1932 4638 1954 4673 '¹'

309 4752 431 4810 Graecos
454 4748 614 4825 theologos
641 4745 776 4806 maxime
796 4749 842 4805 est
855 4745 1016 4818 usitatum,
1045 4753 1076 4807 et
1127 4748 1213 4809 illam
1236 4754 1324 4808 notat
1351 4748 1556 4809 Thermarum
1584 4747 1837 4816 Gadarenarum,
1856 4742 1883 4800 in

308 4843 392 4920 quod
404 4840 540 4902 haeretiei
551 4838 705 4918 imprimis
714 4838 915 4912 adamarunt3
927 4842 1075 4917 tanquam
1128 4839 1239 4920 quibus
1257 4840 1432 4921 promiseue
1451 4837 1510 4901 viri
1534 4858 1570 4900 ao
1587 4838 1711 4899 leminea
1724 4836 1883 4905 lavabant3

346 5040 364 5079 α
386 5023 463 5078 brou.
489 5019 567 5089 epist.
594 5034 631 5073 lt.
651 5018 699 5071 Kal
712 5018 770 5090 γὰρ,
789 5019 833 5070 ἵνα
846 5017 986 5081 συνελόντες
1000 5016 1074 5073 etna·
1126 5020 1222 5075 tenta
1239 5023 1339 5094 δράσας,
1360 5020 1388 5075 ob
1410 5021 1442 5076 τὰ
1456 5017 1670 5092 ἂνθρώπειακατὰ
1683 5017 1821 5090 ἄνθρωπον,
1836 5010 1886 5066 tll'

310 5126 364 5178 per.
379 5104 434 5158 115ῧὲ
449 5104 574 5175 ἅνθρωπος
593 5098 633 5170 bl·
656 5100 704 5174 obp
724 5101 758 5163 ὣς
773 5100 805 5174 pb
821 5102 955 5174 ἅνθρωπος·
972 5102 1029 5155 ἀλλ’
1043 5103 1078 5164 ὼς
1126 5111 1288 5182 ἀνδρωθέντος
1298 5109 1364 5169 θεοῦ,
1374 5104 1459 5172 καινήν
1474 5121 1529 5157 τινα
1542 5102 1586 5169 τὴν
1600 5100 1742 5174 θεανδρικὴν
1756 5100 1815 5173 ἡμῖν
1829 5096 1886 5166 asp

310 5188 335 5252 ἐξ
348 5188 491 5260 ἀνθρώπων,
507 5186 640 5258 ἀνθρώπων
662 5182 779 5249 ἐπέκεινα,
806 5186 848 5238 nal
866 5184 925 5256 ὑπὲρ
950 5185 1077 5256 ἄνθρωπον
1125 5212 1192 5265 γριαν
1201 5190 1414 5262 πεπολιτευμένος.

311 5274 436 5344 ἄνθρωπος
449 5270 545 5338 ἀληθῶς
558 5269 674 5340 γεγονὼς·
694 5268 736 5321 nul
755 5267 785 5321 τδ
796 5267 882 5322 λοιπὸν
897 5266 926 5321 ὀὗ
946 5266 1010 5322 κατὰ
1022 5268 1076 5322 θεὸν

339 5429 408 5485 rsa.
