4104 6160
128 775 194 818 Falsa

111 826 221 872 coituris.

131 905 195 948 Falso

93 958 236 1012 Eutychiana

90 1011 235 1159 αυξῖῐῖιῗίοειι·

3 3282 5 3303 ι
106 3261 231 3306 muirt-

257 303 297 361 Ἃ

258 466 528 545 explicavitlonge
540 469 579 529 ab
593 487 631 531 eo
642 469 890 550 diversus,que1n
904 466 1026 530 calum-

258 557 362 619 niator
384 577 561 638 anonymus
585 561 726 638 ridicule,
750 568 782 623 et
802 559 945 641 imperite
965 557 1025 619 sibi

258 646 359 709 finxit.

300 740 353 799 IV.
370 740 430 800 Par
443 747 490 802 est
496 745 673 820 argumenti
682 745 807 807 alterius
829 753 1024 827 ἀσυλλογιστία,

260 831 344 909 quod
371 850 410 892 cx
436 835 618 896 oecumenici
641 837 719 897 sexti
751 837 872 898 concilii
905 839 1026 900 actione

260 928 415 1002 quarta,et
426 924 547 986 decima
558 928 786 1008 tertiacollr'git3
798 930 880 991 unde
888 930 1026 1011 Dionysii

259 1014 461 1076 Alexandrini
484 1017 577 1078 verba
590 1019 644 1080 illa
663 1019 775 1081 refert:
793 1022 1027 1100 «Agnoscimus

260 1123 361 1165 unum
378 1106 545 1183 Christum,
569 1115 600 1170 et
618 1130 719 1172 unum
731 1111 831 1173 filium
845 1125 1026 1193 operantem

261 1197 335 1270 Deo,
352 1203 382 1258 et
394 1199 514 1260 homini
528 1201 670 1263 decibilia
688 1222 753 1264 una
765 1205 900 1265 beivirili
914 1223 1025 1286 opera-

263 1289 356 1349 tione.
371 1311 385 1347 u
402 1290 496 1370 Atqui
510 1293 648 1373 Dionysii
661 1293 863 1356 Alexandrini
875 1316 940 1358 non
954 1305 1027 1360 sunt

744 298 1067 366 rnuewsleouuu
1089 300 1307 365 munuum

1074 466 1259 530 absolutioni
1284 468 1532 550 subscripserint.
1563 467 1659 549 (iujos
1679 466 1838 529 urstivs·

1074 560 1161 620 niam
1174 560 1209 621 in
1218 560 1459 624 Chalcedonensi
1467 567 1575 643 postea
1587 560 1707 640 synodo
1720 558 1840 640 suppli·

1075 651 1151 713 citer
1162 657 1324 733 rogarunt,
1346 658 1410 715 eta
1432 653 1575 716 Patribus
1604 652 1769 732 impetrata
1788 668 1837 724 ea,

1074 743 1108 804 in
1121 745 1288 824 pristinum
1311 750 1428 807 statum
1447 745 1581 807 restituti
1604 749 1687 805 sunt.
1711 744 1840 805 Nunca

1075 835 1252 915 prolusione
1265 837 1305 897 ad
1324 837 1451 911 serium,
1476 842 1507 898 et
1519 835 1695 916 legitimum
1710 832 1839 895 conflic-

1074 932 1209 1006 tumpro
1219 928 1550 1008 cyrillo,etEphcsines
1560 926 1672 1008 synodi
1683 926 1839 998 Patribus,

1075 1019 1223 1080 adversos
1236 1020 1461 1099 Anonymum,
1486 1020 1654 1081 transitum
1680 1017 1839 1079 faciamus.

1076 1113 1142 1185 Quo
1153 1112 1186 1171 in
1196 1113 1365 1175 certamine
1379 1112 1499 1188 eedem,
1516 1112 1605 1190 cuijus
1619 1108 1841 1171 inretitatiouc

1074 1203 1249 1284 periculum
1273 1204 1414 1272 fecimus,
1429 1203 1599 1265 adversarii
1619 1202 1792 1282 stupiditas,
1811 1206 1844 1262 ct

1076 1297 1223 1362 docuinae
1236 1296 1451 1358 reconditioris
1465 1313 1575 1376 expers
1587 1313 1623 1356 sc
1633 1294 1753 1374 judicii,
1767 1293 1843 1355 leui-

261 1379 511 1443 istaverbarsed
525 1385 597 1462 Cyri
617 1386 821 1466 impurissimi
835 1388 1027 1451 Monothele·
1076 1393 1123 1449 tas
1143 1395 1176 1450 et
1191 1396 1335 1464 ἀλαζονεία,
1362 1387 1582 1450 illustrioribus
1606 1404 1639 1448 ss
1660 1386 1783 1448 indiciis
1809 1386 1843 1448 in
1882 1389 2013 1436 W·

261 1475 301 1529 tos
312 1491 322 1539 ‚·
335 1472 418 1550 quie
438 1475 547 1535 Lazica
559 1477 772 1539 manslatnsad
786 1480 1028 1557 patriarchatum

261 1561 455 1625 Alexandriae
480 1566 520 1626 ab
539 1567 678 1629 Heraclio
693 1569 891 1648 imperatore,
916 1591 1029 1635 novem

261 1656 424 1732 proposuit
442 1657 731 1736 anathematismos3
757 1680 891 1741 quorum
914 1665 947 1725 in
960 1683 1030 1744 sep·

260 1744 338 1804 timo
354 1747 498 1808 heresim
518 1767 606 1811 suam
620 1753 791 1831 publicavit
803 1755 898 1815 unius
912 1775 1028 1837 propu-

261 1837 435 1914 gnatricem
449 1842 635 1918 operationis
643 1844 676 1905 iu
686 1845 804 1906 Christo
817 1853 868 1907 :ut
880 1848 913 1907 in
927 1849 1028 1928 primo

261 1925 341 1987 libro
354 1931 550 1993 narravimus
562 1932 635 1993 ¹.Ex
647 1936 860 2015 hoc,inquam,
876 1939 948 2019 Cyri
959 1940 1029 2001 Mo-

261 2019 492 2082 nothcletarum
508 2024 654 2104 principis
688 2027 823 2105 decreto,
839 2031 922 2109 quod
957 2050 1030 2093 corn

261 2112 379 2171 crateris
402 2114 521 2175 actione
542 2132 597 2176 xrrr
621 2123 714 2179 sextae
737 2121 849 2199 synodi
866 2124 1029 2185 recitatum

261 2202 335 2276 est¹,
352 2204 447 2264 verba
458 2205 511 2266 illa
519 2207 690 2285 desumpsit
702 2210 897 2291 Anonymus,
917 2232 987 2293 quae
1001 2222 1032 2277 et

261 2292 384 2371 Agatho
408 2296 491 2374 Papa
514 2299 621 2359 citavit
634 2301 762 2379 epistola
777 2304 816 2364 ad
829 2303 1032 2384 imperatores

261 2384 369 2460 missa3
386 2404 456 2465 quae
480 2389 578 2450 relata
598 2395 645 2452 est
658 2392 692 2453 in
711 2394 866 2457 actionem
887 2404 1032 2477 quartam

263 2476 402 2554 ejusdem
413 2485 506 2540 sextae
525 2483 648 2559 synodi.
677 2485 778 2546 Verba
791 2488 1031 2565 CyriitaGraece

263 2568 481 2647 concipiuntur
497 2591 504 2632 :
525 2573 671 2654 «Siquis
692 2594 757 2637 non
778 2579 955 2656 confitetur,
971 2589 1030 2647 etc.

263 2658 348 2719 huuc
361 2662 506 2723 eumdem
512 2665 721 2744 Christum,et
731 2669 843 2743 filium,
851 2681 1032 2751 operantem

265 2767 334 2827 quoe
350 2752 412 2812 [leo
431 2756 631 2834 conveniunt,
652 2763 683 2818 et
700 2779 770 2839 quoe
790 2762 928 2824 humana
947 2774 1030 2845 sunt,

264 2859 328 2901 una
350 2843 538 2925 theandrico,
562 2849 657 2911 idest
679 2851 816 2913 Deivirili
838 2858 1030 2933 operatione,

264 2935 435 2995 secundum
448 2943 591 3000 sanctum
602 2942 809 3021 Dionysium&
819 2969 833 2998 s
861 2947 914 3007 Est
927 2956 1032 3011 autem

265 3025 429 3105 Dionysius
443 3030 509 3104 iste,
534 3050 599 3092 non
617 3033 856 3110 Alexandrinus,
869 3038 923 3098 sed
941 3042 1034 3102 Areo·

265 3118 370 3195 pogiis
381 3120 474 3198 vulgo
494 3122 608 3199 dictus3
624 3125 721 3204 quiin
735 3127 864 3206 epistola
877 3132 1034 3208 quartaad

269 3206 388 3283 Caium,
413 3220 552 3294 θεανδρικὴν
568 3221 688 3297 ἐνέργειαν
711 3217 894 3281 nominavit.
932 3222 1033 3301 Hujus

96 3325 145 3358 cam
160 3324 242 3368 esre-
266 3301 461 3379 potissimum
476 3307 655 3368 auctoritate
669 3306 739 3368 irati
752 3309 979 3387 Monotbeletse,
1003 3323 1034 3377 et

126 3368 214 3413 tionem.

266 3391 424 3472 Acephali,
449 3414 537 3457 suam
564 3398 707 3460 heresim
733 3399 950 3465 affirmarunt:
985 3412 1031 3485 ot,

267 3491 379 3562 prester
402 3487 528 3567 Cyrum,
552 3491 707 3551 Macarius
727 3492 938 3555 Antiochcnus
951 3497 1032 3577 epis-

268 3593 363 3654 copus
377 3575 400 3654 ³,
416 3580 584 3641 acerrimus
607 3583 700 3642 unius
713 3583 843 3644 actionis
856 3585 890 3645 in
911 3587 1032 3650 Christo

267 3665 434 3729 defensor:
464 3670 503 3729 de
527 3690 589 3750 quo
615 3673 648 3733 in
669 3673 749 3733 libro
770 3675 872 3753 primo
890 3679 1034 3740 memini-

1076 1487 1219 1562 apertum
1233 1480 1379 1561 proteret.

1259 1786 1275 1903 ‚⁵
1317 1799 1520 1882 CAPUT
1560 1799 1613 1882 V.

1080 2118 1128 2180 Ad
1140 2115 1259 2198 Cyrillr'
1270 2114 1467 2193 defecissem
1478 2110 1786 2195 preparatorium
1799 2128 1850 2172 er·

1115 2207 1251 2290 ponendo
1282 2206 1431 2284 Nestorii,
1453 2222 1547 2287 quem
1573 2203 1623 2265 itte
1651 2202 1847 2283 improperavit,

1120 2299 1263 2362 saratico
1287 2299 1431 2380 opinione.
1447 2300 1477 2359 2.
1493 2296 1599 2377 Itaque
1616 2294 1847 2366 demomtrotur,

1122 2391 1293 2454 Nestorium
1311 2395 1434 2451 naturas
1447 2387 1566 2450 Cirr'sto
1585 2386 1660 2449 duos
1677 2383 1762 2447 orello
1779 2383 1847 2445 mb-

1120 2485 1244 2543 stontiuo
1253 2500 1331 2542 mersu
1342 2479 1499 2561 copulasse,
1506 2477 1556 2540 scd
1566 2477 1676 2538 morali
1689 2476 1847 2538 domarat.

1121 2577 1151 2636 3.
1175 2573 1258 2650 Quod
1278 2572 1412 2653 deinceps
1434 2571 1526 2632 uariis
1545 2568 1627 2630 illius
1648 2587 1687 2630 ex
1705 2567 1778 2628 iocis
1797 2566 1850 2629 ud-

1120 2669 1259 2726 struitur.
1274 2666 1305 2725 6.
1326 2662 1407 2725 Unde
1415 2663 1552 2743 primum
1567 2666 1773 2741 orpummtum
1782 2658 1848 2738 effl-

1121 2758 1222 2832 cr'tur,
1255 2754 1333 2837 quod
1361 2754 1423 2814 solo
1456 2751 1616 2833 dipsitotis
1650 2750 1850 2812 commuuione

1115 2848 1234 2930 junctos
1261 2866 1316 2909 esse
1342 2852 1467 2908 moturos
1485 2843 1602 2905 diceret.
1623 2844 1655 2906 8.
1681 2840 1755 2901 Tum
1776 2839 1850 2902 alte

1122 2959 1189 3000 rum
1203 2945 1457 3019 orpumeutumec
1465 2954 1509 3012 eo,
1526 2931 1606 3016 quod
1615 2931 1738 3014 erepebat
1749 2931 1847 3012 optim,

1121 3049 1156 3091 oc
1174 3028 1331 3111 pertulisse
1343 3027 1437 3091 Deum
1459 3026 1525 3101 ilio,
1543 3042 1607 3107 que
1627 3021 1848 3103 Cisristusepit,

1122 3140 1156 3181 uc
1188 3120 1340 3182 sustinuit.
1375 3123 1424 3181 11.
1461 3117 1593 3180 Tertium
1626 3118 1847 3196 orpumeutum,

1122 3213 1201 3293 quod
1215 3211 1444 3273 r'ucoruotiouem
1456 3208 1520 3270 solo
1541 3205 1759 3268 inlustratione
1776 3203 1850 3285 defi·

1122 3302 1227 3366 uiebct.
1256 3305 1304 3365 li.
1341 3301 1487 3379 Quartum
1522 3303 1740 3379 orpumerrtum,
1773 3294 1851 3377 quod

1122 3397 1216 3457 Deum
1238 3414 1276 3456 ec
1291 3394 1404 3476 sessim
1423 3397 1556 3475 pesitum
1574 3388 1671 3451 dicere
1690 3387 1848 3451 absurdum

1117 3486 1286 3570 judicabat.

1096 3672 1147 3751 ‚l
1177 3671 1250 3732 Post
1276 3668 1398 3748 ejectos,
1428 3671 1459 3727 et
1483 3664 1671 3746 proscriptos
1699 3661 1739 3723 ab
1765 3667 1849 3723 ooetu

1895 3665 2008 3711 inaudita

1894 3720 2013 3774 Anonynl

267 3776 339 3818 mus
363 3757 386 3819 ⁸.
413 3762 465 3821 Est
487 3767 594 3823 aretem
617 3764 731 3843 oppido
752 3766 903 3845 ineptum,
933 3768 1034 3831 ticon-
1081 3763 1304 3824 catholicorum
1321 3758 1426 3819 Patres
1443 3757 1733 3838 aliquot,tanquam
1746 3758 1850 3814 conta-
1884 3772 2015 3826 rannus

267 3847 358 3910 sirice
380 3851 501 3911 octiom's
528 3870 638 3914 vocem
665 3861 775 3934 putare
799 3857 947 3920 idoneum
968 3878 1032 3922 esse

268 3940 465 4019 Eutychianae
490 3945 615 4006 heresis
632 3953 883 4023 argumentum:
914 3957 950 4012 ut
976 3971 1032 4014 suo

266 4032 334 4094 loco
353 4034 478 4112 patebit.

305 4125 344 4185 V.
368 4126 544 4192 Quinetiam
566 4133 693 4202 temere,
723 4149 759 4191 ac
785 4130 861 4192 falso
881 4134 1032 4212 quosdam

265 4215 382 4295 alioqui
396 4218 560 4280 catholicos
581 4220 730 4282 antistites
745 4222 780 4282 in
794 4223 921 4283 classem
939 4226 1033 4306 Euty-

253 4308 451 4371 arrianorum
474 4311 604 4372 includit
612 4313 809 4393 Anonymus,
825 4314 865 4374 ob
879 4315 911 4375 id
931 4335 1033 4379 unum

266 4401 350 4478 quod
370 4402 478 4481 Cyrilli
501 4404 686 4465 sententiam
709 4404 762 4465 illa
780 4406 1030 4485 approbaverint,

264 4499 382 4552 uoturoe
394 4497 484 4555 mrim
494 4503 556 4575 post
565 4495 727 4555 um‘tiouem
735 4495 910 4573 succurratis,
924 4500 962 4560 dc
971 4519 1034 4579 qua

264 4580 419 4646 locutione
434 4587 533 4647 multa
550 4587 729 4666 scripsimus
743 4587 776 4647 in
789 4594 900 4666 quarto
913 4589 992 4650 libro
1007 4589 1030 4653 ⁸.

266 4675 339 4736 Haeo
361 4677 446 4737 enim
468 4678 615 4756 loquendi
635 4679 768 4740 formula
793 4696 919 4741 sensum
939 4681 1032 4745 babet

265 4769 465 4845 catholicum,
485 4772 607 4831 tametsi
635 4777 762 4832 eatenus
784 4765 1035 4851 reprehendendi

265 4859 457 4934 illifuernnt,
473 4862 557 4939 quod
569 4868 653 4922 metu
669 4861 815 4937 Dioscori,
832 4863 864 4923 in
879 4863 1033 4942 Ephesino

266 4951 437 5020 latrocinio,
455 4952 593 5013 Flaviani
605 4954 810 5031 damnationi,
833 4961 864 5018 et
885 4957 1032 5037 Eutychis

300 5172 321 5212 a
340 5154 602 5213 (incusantibus.
623 5156 670 5209 tat
689 5156 733 5210 rbi
753 5155 827 5212 citis
850 5158 894 5212 iva
914 5158 1026 5231 Χριστὸν,

1081 3850 1469 3934 gioueApollinaristorum
1478 3848 1605 3909 heresis
1618 3845 1748 3919 afflatos,
1763 3844 1849 3906 dein·

1081 3964 1151 4026 ceps
1165 3945 1282 4023 majore
1291 3942 1402 4023 spiritu
1415 3958 1451 4001 ac
1469 3939 1575 4001 irruere
1600 3935 1797 4017 perbacchari
1813 3934 1848 3995 in

1080 4039 1215 4117 reliquos
1229 4036 1446 4116 aggressusest
1458 4028 1695 4109 Anonymuslit
1707 4032 1781 4087 sunt
1790 4026 1848 4087 im·

1081 4129 1264 4209 potentis,ac
1272 4123 1395 4187 fauabci
1401 4121 1575 4184 lucumonis
1581 4117 1783 4181 memoranda
1787 4117 1849 4198 pri·

1082 4238 1170 4281 mum
1183 4219 1237 4279 illa
1246 4217 1352 4292 verba,
1368 4215 1536 4295 quibos,ut
1546 4210 1766 4274 memororum
1780 4226 1848 4270 mos

1081 4317 1138 4388 est,
1167 4312 1204 4372 ad
1229 4326 1347 4371 norum
1374 4312 1406 4368 et
1431 4304 1615 4366 inusitatum
1638 4300 1848 4381 spectaculum

1082 4406 1219 4467 curiosos
1227 4400 1370 4462 homines
1383 4400 1538 4478 provocat.

1125 4516 1141 4554 c
1156 4497 1233 4556 Rem
1246 4508 1371 4563 novam,
1385 4489 1488 4568 inquit
1505 4534 1513 4564 ,
1546 4492 1578 4548 et
1590 4486 1741 4548 haetenus
1755 4484 1848 4545 inau-

1081 4588 1178 4649 ditam
1201 4586 1265 4665 iam
1291 4580 1564 4644 demonstrandam
1590 4577 1789 4657 suscipimus,
1818 4581 1850 4637 et

1084 4683 1211 4761 propter
1233 4691 1327 4754 mam
1346 4672 1543 4753 potissimum
1565 4669 1705 4730 instituta
1718 4672 1764 4728 est
1783 4667 1851 4728 haic

1085 4767 1263 4850 disputatio.
1278 4787 1294 4823 s
1310 4763 1421 4825 Audite
1430 4767 1523 4841 atque
1537 4768 1641 4837 togam
1654 4757 1846 4839 componite:

1087 4861 1229 4923 «scilicet
1256 4855 1406 4937 cyrillum
1433 4852 1697 4916 Alexandrinum.
1719 4854 1751 4911 et
1775 4848 1851 4909 alios

1083 4939 1851 5035 cpiscopos‚quiprimomnoiliooecumeniooEphe-

1080 5156 1121 5211 uui
1136 5154 1189 5208 oibr
1213 5149 1357 5223 ivrpyoir'rra
1379 5146 1411 5201 τὰ
1432 5145 1563 5217 θεοπρεπῆ,
1577 5145 1619 5197 καὶ
1643 5142 1782 5214 ἀνθρώπινα
1805 5144 1851 5213 μιᾷ

1079 5240 1205 5311 θιαὶδρυιῇ
1220 5232 1337 5306 ivspyslqr,
1351 5229 1413 5284 κατὰ
1424 5229 1466 5283 τὸν
1479 5226 1503 5282 ἐν
1514 5226 1593 5300 ἁγίοις
1604 5227 1741 5283 Διονύσιον.

294 5434 302 5477 1
319 5434 370 5490 Cap.
384 5432 449 5489 rins
459 5432 533 5479 2-‘t
543 5430 758 5479 remunera-s
769 5432 801 5477 ib.
814 5435 866 5489 Syn.
875 5444 905 5485 rr.
919 5404 961 5480 scr.
973 5447 1027 5479 rr.-
1036 5435 1049 5478 t
1058 5435 1110 5491 Gap.
1121 5446 1155 5486 ιι,
1168 5432 1238 5491 §t—
1252 5432 1267 5476 s
1279 5432 1332 5487 cap.
1346 5439 1368 5481 t.
1380 5437 1403 5472 vt
1414 5433 1437 5472 tt
1446 5434 1486 5469 '¹¹-
