3990 6130
4 5452 7 5567 Ι

5 6004 11 6091 l

527 338 577 399 DE
596 335 903 415 menedemus,
924 337 997 399 LlB.
1019 337 1091 413 vll,
1123 338 1210 401 CAP.
1233 342 1270 401 li.
1633 336 1691 401 tlt
1813 410 1819 417 ‚

101 500 242 580 synodus
276 502 558 566 Frsnoofordisnsis
589 504 623 564 in
656 500 784 583 epistole
817 518 874 563 sus
924 507 956 562 et
970 502 1138 564 Ph'otinum
1157 506 1207 566 vel
1219 507 1355 566 maxime
1374 506 1457 567 feeit.
1482 504 1515 565 Si
1529 504 1613 565 enim
1627 504 1693 582 ipse

105 591 243 673 posuit¹.
923 599 969 655 est
994 595 1162 657 esoendens
1186 597 1220 658 in
1246 598 1350 676 coelos,
1376 598 1431 678 qui
1457 598 1496 658 de
1517 596 1602 657 eoelis
1622 599 1694 655 unte

140 685 228 747 vm.
251 687 437 749 Ambrosius
448 688 526 749 libro
539 685 699 767 quintode
720 684 805 761 Fide,
820 702 871 747 oe·
923 686 1133 763 descenderat,
1149 690 1305 768 quomodo
1320 690 1470 751 Dominus
1487 693 1593 749 noster
1605 688 1694 748 Jesus

104 779 163 858 pite
174 777 294 841 tertio:
309 801 322 838 ι
339 779 400 841 Sed
411 778 698 854 Eeclesiustiosfide‚
712 777 824 857 inquit,
840 783 872 840 et
924 777 1061 839 Christus
1074 797 1139 840 non
1153 787 1225 841 onte
1242 782 1373 842 Marium
1387 788 1443 858 est,
1469 780 1522 841 sed
1537 784 1606 858 post
1623 779 1691 838 Mo·

104 871 153 933 liei
175 871 291 945 Patris,
315 878 347 934 et
366 873 465 934 David
480 873 575 945 idem,
600 877 693 950 etque
718 887 801 931 unus
826 875 873 931 est
923 868 1025 930 riam?
1038 889 1096 931 neo
1109 889 1175 932 non
1193 878 1223 933 et
1239 879 1349 933 contre
1366 891 1429 946 eos,
1445 871 1500 951 qui
1520 871 1598 931 duos
1611 869 1691 930 filios
1801 860 1805 867 ’

105 963 237 1025 Filius.»
265 965 306 1025 Et
324 965 359 1025 in
373 964 454 1026 libro
475 963 511 1025 de
531 963 751 1035 incarnatione,
772 962 872 1043 espite
923 961 1034 1022 insono
1058 980 1163 1025 errore
1188 964 1395 1044 confingunt,
1421 964 1522 1025 tilium
1547 961 1692 1023 videlieet

103 1062 185 1118 sexto
210 1055 274 1117 sub
295 1056 443 1118 initium:
471 1076 488 1115 s
509 1057 625 1118 lithos
645 1055 741 1132 igitur
761 1054 816 1134 qui
837 1055 872 1115 in
924 1056 990 1130 Dei,
1006 1060 1038 1114 et
1057 1054 1157 1116 illium
1171 1056 1319 1118 hominis.
1339 1059 1415 1119 Eoee
1435 1055 1486 1116 hie
1500 1054 1692 1135 apertissime

102 1148 319 1228 phantasmate
339 1149 460 1210 rennos
485 1149 594 1211 lesum
616 1146 817 1227 proedioent¹3
840 1152 872 1207 et
923 1147 1046 1222 dieitur,
1070 1149 1152 1226 quod
1173 1148 1238 1227 ipse
1261 1150 1301 1209 sit
1318 1149 1486 1210 ascendens
1507 1153 1600 1226 etque
1621 1145 1690 1205 des·

103 1241 167 1301 illos
185 1240 400 1303 condemnere
419 1241 579 1317 debemus,
600 1240 655 1319 qui
673 1240 804 1301 adverse
822 1256 871 1299 er·
923 1238 1067 1301 condens.
1096 1239 1158 1300 Neo
1185 1239 1291 1301 stetim
1316 1241 1375 1301 iste
1402 1240 1559 1313 dieentes,
1586 1237 1690 1298 looum

102 1332 176 1393 ror'm
195 1331 297 1408 lines,
319 1350 384 1395 non
406 1348 517 1408 unum,
534 1333 741 1411 eumdemque
760 1330 873 1392 Filium
923 1331 1012 1392 elteri
1023 1332 1135 1393 heresi
1147 1332 1268 1406 demus,
1282 1350 1353 1411 que
1373 1332 1566 1392 dimidiatum
1580 1327 1691 1390 Christi

102 1423 153 1485 liei
167 1423 295 1495 dieunt,
310 1425 364 1487 sed
377 1424 474 1485 elium
487 1442 564 1499 eme,
580 1425 633 1504 qui
647 1443 686 1486 ex
700 1424 764 1484 Deo
778 1423 872 1483 Petre
922 1424 1031 1486 usserit
1044 1423 1303 1503 dispensationem
1316 1442 1324 1498 ;
1341 1424 1395 1484 sod
1408 1423 1452 1483 sio
1464 1437 1565 1482 unum
1579 1427 1610 1482 et
1624 1419 1689 1497 Dei,

102 1520 188 1576 notus
200 1515 256 1589 sit,
268 1515 366 1577 olium
379 1515 435 1595 qui
447 1516 486 1576 slt
498 1521 664 1595 generatus
677 1534 718 1576 ex
729 1514 869 1593 Virgine,
921 1522 954 1579 et
974 1516 1111 1577 hominis
1130 1515 1230 1576 filium
1251 1514 1446 1590 eonfitemur,
1470 1532 1510 1575 ne
1533 1514 1689 1593 dispense-

103 1620 169 1669 suni
194 1608 396 1684 Evangellsto
421 1609 519 1670 diostx
548 1609 622 1690 quio
657 1605 780 1669 Verbum
804 1624 872 1667 coro
921 1610 1041 1671 tionem
1054 1608 1205 1687 assumpti
1215 1607 1362 1683 hominis,
1374 1625 1436 1685 que
1449 1605 1555 1667 salvati
1569 1623 1687 1683 orimus,

102 1699 211 1780 fustem
226 1707 283 1772 est,
305 1705 342 1760 ut
360 1717 462 1761 unum
487 1701 658 1762 Dominum
673 1701 783 1761 iesum
807 1716 871 1759 non
921 1720 960 1763 ex
974 1706 1061 1780 porte
1075 1700 1244 1774 eredentes,
1261 1705 1396 1777 exparte
1410 1707 1633 1757 truncemus.»

102 1795 175 1853 duos
200 1792 356 1853 moderes.
386 1792 536 1854 Nonnulli
569 1793 664 1853 etiam
700 1791 787 1852 eliud
815 1791 870 1851 Del
961 1789 1689 1868 Faustinusinlibrocontrarlrr'aoos,adoptivum

103 1883 259 1958 Verbum3
287 1884 384 1944 elium
416 1901 526 1945 verum
553 1884 609 1945 Dei
634 1882 747 1944 Filium
772 1882 870 1943 oredi-
920 1903 986 1948 non
1009 1902 1074 1946 esse
1097 1884 1211 1944 Filium
1233 1884 1287 1944 Dei
1303 1883 1480 1957 Christum3
1503 1882 1557 1943 sed
1578 1898 1689 1942 verum

102 1976 223 2049 tems,
249 1979 456 2055 camimum,
483 1977 540 2055 qui
565 1977 599 2038 in
626 1974 777 2054 principio
805 1979 871 2035 eret
920 1977 1078 2039 uberrime
1091 1977 1282 2042 demomtrat
1298 1975 1333 2036 in
1346 1975 1446 2054 oepite
1460 1974 1605 2049 seeundo,
1621 1990 1688 2034 me-

102 2066 242 2128 Verbum
263 2066 346 2145 apud
361 2068 460 2129 Deum
479 2067 613 2144 Putrem,
629 2067 663 2128 in
676 2084 732 2127 suo
746 2067 871 2145 proprie
919 2071 1003 2131 xime
1017 2087 1056 2130 ex
1069 2069 1122 2129 illu
1136 2068 1233 2129 Petris
1246 2085 1338 2138 vooe,
1353 2066 1416 2128 Hie
1435 2071 1475 2126 est
1490 2064 1575 2146 filios
1588 2083 1686 2138 meus,

102 2159 220 2221 venisse
230 2159 427 2238 Evmgolios
440 2165 612 2221 testetur.»
920 2169 951 2224 et
965 2161 1094 2235 ueteris,
1108 2160 1142 2220 in
1164 2159 1277 2238 quihus
1298 2158 1393 2219 Filius
1415 2157 1473 2217 Dei
1494 2158 1685 2219 nominetur.

137 2253 176 2312 lit
201 2251 239 2311 in
265 2250 347 2312 libro
372 2250 408 2312 de
431 2251 514 2313 obitu
541 2250 649 2332 fratros
671 2251 719 2312 sui
738 2248 849 2331 Satyri
859 2271 867 2312 ι
924 2254 1043 2315 «Certe
1056 2253 1197 2332 Moyses,
1213 2258 1244 2312 et
1258 2250 1340 2311 Elios
1354 2250 1481 2328 puriter,
1499 2246 1625 2326 inquit‘,
1640 2249 1689 2308 vi·

105 2343 255 2417 «Faetus,
272 2343 385 2422 inquit,
406 2360 445 2404 ex
457 2348 568 2417 matre,
589 2350 681 2404 nulus
700 2360 740 2404 ex
755 2343 867 2404 Petro:
919 2346 1072 2407 debentur
1093 2361 1165 2405 oum
1183 2361 1220 2404 eo
1234 2342 1404 2421 loquentes,
1430 2359 1508 2420 quos
1526 2340 1633 2420 utique
1649 2339 1688 2403 de

102 2435 342 2496 idemtamenet
350 2440 453 2508 nutus,
466 2441 497 2498 et
505 2436 690 2497 dotusznon
699 2434 868 2510 diversum,
919 2437 1085 2516 adoptione
1107 2434 1203 2495 tuetos
1226 2450 1290 2495 esse
1311 2432 1391 2493 filios
1411 2432 1466 2495 Dei
1488 2450 1602 2511 negare
1622 2450 1687 2492 non

102 2528 153 2588 sed
174 2544 281 2588 unmn
297 2534 396 2606 putes.
424 2528 511 2589 Unus
533 2528 619 2588 enim
639 2528 694 2588 Dei
712 2527 816 2602 Filius,
839 2532 871 2588 et
918 2535 1015 2609 potes.
1031 2530 1069 2590 Et
1081 2527 1238 2606 quomodo
1253 2526 1290 2587 de
1304 2525 1571 2586 soloeinistovox
1584 2524 1688 2585 divine

102 2625 190 2679 nutus
206 2634 248 2680 ex
267 2619 369 2695 Petro,
385 2624 416 2679 et
428 2624 515 2680 ortus
526 2636 566 2681 ex
578 2619 726 2697 Virgine3
743 2618 870 2679 distenti
919 2625 1050 2682 testetur
1070 2619 1196 2693 dioens3
1213 2617 1263 2678 tio
1281 2624 1322 2678 est
1342 2615 1441 2679 Filius
1460 2634 1539 2676 meos
1557 2613 1686 2692 dilectus,

102 2711 222 2785 ordine,
240 2710 296 2771 sed
310 2710 346 2771 ln
359 2728 460 2772 unum
477 2715 682 2772 eoneurrents
694 2710 834 2771 nomine.
852 2732 865 2769 s
919 2715 951 2774 s'o
962 2709 1019 2793 quo
1032 2709 1107 2771 miti
1120 2709 1294 2790 conploret,
1305 2713 1404 2788 ipsum
1414 2708 1539 2773 audite?
1555 2707 1588 2767 Si
1602 2708 1688 2769 enim

139 2801 259 2862 ditetur
277 2808 308 2862 et
319 2802 360 2862 eb
374 2803 501 2863 Leontio
514 2803 548 2863 in
560 2801 640 2863 libro
653 2810 753 2863 eontra
768 2798 870 2862 Nesto
919 2810 951 2866 et
963 2803 1101 2865 Christus
1109 2803 1148 2863 de
1162 2802 1329 2880 adoptione
1342 2800 1424 2861 filius
1436 2806 1492 2874 est,
1507 2817 1580 2861 eum
1594 2805 1689 2861 steret

101 2893 175 2954 rimi
184 2894 237 2954 hio
246 2893 335 2954 loeus
345 2912 384 2955 ex
393 2892 610 2955 librisdeFide
619 2892 660 2956 ud
669 2891 866 2956 Gratianum:
917 2898 1001 2958 inter
1014 2895 1092 2956 duos
1104 2893 1185 2955 filios
1200 2893 1370 2972 adoptivos,
1386 2892 1511 2954 dixisset
1522 2892 1640 2970 utique,
1657 2898 1689 2952 et

105 2986 296 3047 «servemus
304 2985 510 3046 differentium
520 2985 699 3058 divinitatis,
711 2988 744 3046 et
755 2985 866 3047 eernis.
917 2988 969 3049 hie
990 2986 1074 3048 filius
1093 2999 1182 3046 meus
1205 2992 1263 3057 est,
1288 3003 1329 3047 ne
1343 2984 1481 3045 Christus
1500 2983 1583 3044 solus
1605 2983 1688 3045 filius

103 3077 185 3139 Unus
200 3077 287 3138 enim
301 3077 337 3138 in
348 3084 481 3157 unoque
493 3083 607 3139 nature
621 3077 760 3156 loquitur
773 3077 869 3139 Filius
919 3096 984 3142 esse
1006 3078 1192 3141 crederetur.
1216 3078 1256 3139 At
1273 3092 1345 3138 eum
1366 3075 1455 3152 dixit,
1471 3074 1520 3136 iio
1540 3083 1580 3136 est
1602 3074 1688 3156 filius

96 3169 177 3239 ,ὓιιίε
201 3169 358 3248 siquidem
380 3169 415 3230 in
436 3169 504 3249 ipso
522 3175 568 3229 est
588 3174 720 3247 utreque
743 3174 867 3230 notura.
918 3190 998 3234 meris
1015 3169 1151 3244 dilectus,
1174 3170 1348 3250 adoptionis
1369 3167 1449 3230 filios
1472 3168 1636 3247 separavit,
1652 3174 1688 3229 ut

103 3260 162 3320 Etsi
174 3261 260 3322 enim
273 3260 359 3321 idem
377 3267 423 3322 est
438 3260 494 3341 qui
510 3260 648 3339 loquitur
660 3279 669 3334 ;
684 3265 791 3322 tumen
804 3278 869 3321 non
918 3263 1091 3345 proprietas
1099 3280 1183 3324 verm
1195 3261 1365 3322 nativitatis
1374 3261 1409 3321 in
1419 3260 1538 3321 Christo
1547 3260 1612 3320 solo
1622 3259 1688 3321 filio

103 3368 222 3431 suuper
234 3368 300 3413 uno
316 3350 422 3428 modo,
437 3357 469 3412 et
481 3369 569 3413 mors
582 3351 730 3431 loquitur.
746 3372 762 3410 o
779 3353 817 3413 Et
830 3370 869 3413 ex
918 3356 1107 3417 erederelur.
1133 3354 1195 3416 Sed
1222 3371 1288 3414 non
1310 3352 1441 3427 suffieit,
1470 3356 1506 3411 ut
1531 3351 1688 3412 Christum

102 3442 179 3505 libro
188 3452 293 3505 eontra
306 3441 551 3524 Apollinarium:
565 3445 679 3505 «Unus
688 3449 744 3511 est,
754 3444 867 3523 inquit,
918 3445 1134 3508 tantummodo
1154 3444 1256 3505 filium
1273 3460 1366 3507 suum
1387 3460 1452 3503 esse
1466 3442 1685 3521 profiteretur:

103 3535 137 3597 in
148 3541 291 3615 utroque,
308 3536 343 3596 id
361 3541 418 3604 est.
440 3535 475 3596 in
487 3535 657 3609 divinitate,
676 3541 707 3597 ot
726 3553 866 3615 oorpore.
919 3538 1040 3601 eddidit
1067 3538 1162 3599 etiem
1188 3536 1273 3614 quod
1301 3552 1376 3594 vero
1403 3533 1468 3593 filio
1494 3533 1685 3611 debebatur,

103 3626 170 3688 Non
181 3627 266 3689 enim
277 3626 358 3688 elius
372 3644 411 3688 ex
420 3628 520 3695 Putre.
536 3634 567 3688 et
580 3626 659 3689 elius
672 3644 712 3688 ex
724 3627 866 3705 Virgine:
918 3631 1034 3705 dieens,
1051 3629 1146 3710 ipsum
1161 3625 1262 3689 audite
1274 3646 1281 3687 z
1297 3642 1455 3704 magnum,
1464 3626 1528 3686 imo
1537 3630 1569 3686 et
1579 3641 1687 3705 psrem

103 3718 246 3780 sedidem
259 3719 368 3799 ipse.»
918 3722 977 3783 sibi
999 3721 1215 3782 auctoritatem
1240 3718 1376 3780 ostendit
1397 3718 1432 3778 in
1455 3717 1530 3794 filio,
1552 3735 1625 3778 oum
1644 3718 1687 3778 ite

139 3810 351 3890 Hieronymus
374 3810 412 3877 in
435 3814 528 3889 ouput
540 3809 689 3871 ultimum
714 3808 867 3872 uertet.
919 3812 1092 3875 audiendus
1114 3816 1161 3872 est
1180 3811 1274 3890 filius,
1300 3817 1337 3871 ut
1359 3810 1533 3872 audiendus
1553 3818 1585 3870 et
1598 3810 1688 3871 Peter

106 3903 283 3964 «Dominus
300 3908 419 3978 noster,
439 3901 552 3980 inquit,
574 3912 656 3963 unns
669 3906 763 3980 utque
785 3902 870 3963 idem
919 3912 1009 3968 est.»

104 3992 196 4055 Filius
207 3994 274 4069 nei,
289 4000 321 4055 et
330 3994 415 4055 filius
428 3993 575 4063 hominis,
594 3993 684 4072 juxte
703 3999 869 4074 utrumque
960 3997 1012 4058 lX.
1034 3996 1181 4075 Sequitur
1194 3995 1401 4072 Augustinus:
1416 3995 1504 4073 etrjus
1517 3995 1636 4073 aliquot
1648 3994 1687 4056 de

104 4092 242 4148 mtunm
255 4085 437 4153 divimtetis‚
459 4093 491 4146 ot
510 4085 620 4163 cernis,
641 4102 726 4146 nune
746 4089 869 4165 mogui-
919 4090 1029 4151 eudem
1051 4106 1085 4149 re
1099 4088 1262 4166 seligendse
1283 4093 1357 4148 sunt
1370 4088 1541 4149 sententie.
1566 4088 1605 4147 In
1624 4086 1687 4148 Ere

103 4177 214 4238 tudinis
231 4195 309 4253 sues,
324 4194 410 4237 nuno
426 4176 610 4237 humilitatis
632 4177 718 4254 signu
737 4177 867 4239 demon·
918 4178 1055 4253 elindeo,
1065 4198 1120 4258 oep
1131 4196 1231 4240 xxxv.
1246 4177 1377 4255 «Unus,
1389 4178 1502 4257 inquit,
1515 4179 1569 4239 Dei
1582 4179 1686 4255 Filius,

102 4274 188 4343 stret,
206 4269 291 4330 unde
313 4275 346 4329 et
365 4268 399 4329 in
422 4269 569 4347 presenti
586 4268 665 4344 loeo,
687 4286 868 4348 quenquam
919 4272 1065 4351 idemque
1078 4270 1215 4331 hominis
1227 4270 1328 4332 filius:
1345 4288 1428 4331 unus
1443 4269 1579 4331 hominis
1592 4270 1686 4344 filius,

103 4359 195 4420 homo
207 4361 257 4435 sit,
271 4360 328 4440 qui
342 4358 508 4421 muoifixus
521 4365 577 4435 est,
592 4359 647 4438 qui
659 4360 797 4439 sepultus
810 4366 868 4438 est,
920 4365 1065 4442 idemque
1078 4364 1134 4424 Dei
1147 4362 1238 4424 filius.
1264 4364 1334 4424 Non
1356 4365 1418 4424 duo
1439 4362 1495 4423 filii
1510 4362 1578 4440 Dei,
1595 4365 1686 4439 Deus,

106 4452 159 4530 qui
171 4450 292 4513 οΙιιιιιιι
306 4451 443 4525 tumulo,
467 4464 562 4530 quem
580 4452 658 4531 lupis
680 4453 796 4530 positus
818 4472 870 4515 oo·
921 4463 952 4518 et
965 4457 1083 4530 homo;
1108 4455 1162 4515 sed
1179 4473 1262 4516 unus
1280 4455 1336 4515 Dei
1358 4455 1449 4516 illius.
1464 4474 1480 4513 o
1498 4455 1536 4514 Et
1556 4457 1689 4517 trootetu

107 4542 190 4603 mne
201 4564 210 4617 ς
223 4549 330 4605 temen
344 4561 415 4622 quse
435 4542 511 4604 foris
532 4547 679 4622 aguntur,
705 4545 873 4607 ostendunt
922 4565 967 4609 ru
988 4548 1019 4607 in
1037 4546 1197 4608 loannem:
1220 4547 1411 4626 «Oportebat
1425 4564 1508 4625 ergo,
1525 4547 1638 4625 inquit,
1654 4550 1690 4606 ut

109 4633 217 4694 Filium
229 4635 304 4696 Dei:
319 4634 367 4695 sol
382 4633 516 4712 lugiens,
529 4634 666 4695 tenebre
678 4635 870 4713 ingruentes,
923 4640 975 4700 ille
988 4639 1167 4718 baptizaret,
1183 4639 1238 4718 qui
1254 4646 1300 4699 est
1313 4639 1408 4700 Filius
1422 4639 1476 4699 Dei
1490 4638 1609 4705 uniens.
1625 4655 1691 4700 non

106 4731 362 4801 terrooommote,
375 4725 482 4787 velum
496 4727 636 4798 missurn,
652 4728 871 4808 amenopis,
924 4731 1096 4808 udoptetus.
1117 4730 1260 4809 ltdoptuti
1278 4729 1346 4805 filii,
1361 4730 1495 4790 ministri
1508 4736 1583 4791 sunt
1594 4731 1690 4792 unici.

109 4818 221 4877 mortui
233 4817 385 4890 inusitati,
398 4817 591 4896 Angelorum
604 4818 786 4892 ministeriu,
802 4838 874 4899 qum
928 4823 1043 4884 Unieus
1056 4823 1150 4883 hebet
1171 4813 1365 4901 potestatem,
1392 4823 1530 4902 udoptuti
1552 4826 1693 4887 ministe-

109 4907 149 4967 sb
161 4908 249 4970 initio
262 4908 435 4970 nativitatis
448 4908 516 4986 ejus
530 4910 629 4970 ileum
637 4910 821 4989 probabunt.
837 4933 853 4970 o
926 4916 1020 4976 rium.
1037 4936 1052 4972 o
1070 4916 1150 4975 Item
1163 4913 1202 4976 od
1219 4914 1370 4976 Psolmom
1391 4932 1476 4990 euru,
1498 4917 1531 4977 in
1552 4917 1691 4999 Exposi-

147 5000 187 5059 Et
197 4999 230 5061 in
245 5000 470 5061 oommentsrio
488 5000 528 5061 ud
541 5006 636 5079 eaput
650 5008 797 5080 quartum
810 5004 877 5083 epi·
926 5006 1001 5067 tione
1014 5006 1172 5069 seeundo:
1191 5007 1330 5083 «Nullis,
1348 5008 1460 5088 inquit,
1482 5027 1613 5089 operum
1631 5027 1695 5071 me·

109 5089 410 5171 stolseodle'pliesioo,
429 5092 468 5152 sd
486 5091 540 5153 ills
554 5092 670 5153 verbe:
692 5094 754 5168 Qui
765 5093 880 5156 descen·
926 5098 993 5158 ritis
1020 5098 1263 5178 precedentibus
1284 5100 1319 5160 in
1338 5106 1458 5161 tentum
1480 5102 1694 5163 celsitudinem

109 5180 165 5257 dit,
191 5182 250 5262 ipse
268 5191 307 5244 est
332 5183 387 5263 qui
408 5182 535 5245 monde
550 5201 638 5265 super
649 5202 747 5247 omnes
759 5185 874 5261 coloe,
926 5190 1073 5251 subvecta
1084 5199 1129 5252 est
1138 5191 1276 5254 humens
1285 5199 1409 5269 nutrire,
1425 5199 1460 5253 ul
1472 5199 1572 5255 totum
1586 5193 1692 5270 simul,

110 5271 326 5335 heeudnotet:
342 5295 355 5332 ι
371 5274 521 5338 Hioloeus
530 5275 695 5337 adversum
709 5278 874 5346 Ebionem,
927 5282 1067 5342 Verbum
1081 5288 1113 5343 et
1126 5302 1207 5357 earo,
1223 5283 1342 5346 honest
1357 5288 1437 5346 Deus
1450 5291 1483 5347 et
1499 5286 1604 5357 homo,
1620 5287 1692 5347 uni-

140 5475 153 5513 1
166 5469 227 5515 'rom
235 5472 262 5516 vl
273 5473 338 5518 Coos.
345 5494 367 5506 -
376 5475 393 5516 t
402 5473 465 5518 'lom
477 5472 514 5529 lv,
526 5474 568 5521 ool,
581 5476 684 5522 sse-s
696 5480 750 5533 Epir.
759 5489 790 5529 ιι,
801 5476 887 5525 so.-s
898 5480 974 5526 Fsust.
984 5486 1002 5526 t.
1015 5482 1043 5527 Ν
1053 5483 1109 5528 etot.
