4104 6160
845 310 1170 373 rnnnnnmnonnnt
1191 310 1410 373 manarunt

1151 473 1298 553 rigodem
1335 475 1482 552 Severus,
1512 476 1693 539 Theodorus
1727 477 1916 557 Pharaaites,

1152 567 1302 627 Macarius
1322 567 1545 641 Antiochenus,
1569 569 1668 648 Cyrus
1679 569 1917 645 Alexandrinus,

1151 658 1266 737 aliique
1291 659 1520 721 Monotheletce.
1536 660 1652 721 Praeter
1663 679 1742 740 quos
1755 662 1916 741 vigilium,

550 708 731 788 CAPUT
766 709 886 788 Xffl·
1152 755 1184 811 et
1207 751 1382 811 Honorinm
1401 753 1560 812 Romanos
1585 752 1745 832 pontifices
1769 760 1917 817 recenset.

1153 843 1196 903 De
1209 842 1258 903 his
1272 842 1418 903 omuibus
1438 861 1536 921 pauca
1556 845 1699 923 quadam
1712 846 1920 927 expromenda

1153 938 1242 1008 sunt3
1269 951 1371 1013 neque
1398 936 1482 996 enim
1508 935 1650 1015 pluribus
1670 942 1791 998 tantam
1817 937 1920 1018 impu·

339 1029 491 1111 Anonymi
518 1026 678 1087 calumniae
706 1028 737 1085 in
768 1024 944 1107 Cyrillum,
976 1025 1105 1107 aliosque
1153 1025 1291 1086 dentiam
1303 1043 1338 1086 ac
1346 1027 1522 1088 vecordiam
1535 1028 1763 1108 profligandam
1776 1047 1855 1108 opus
1863 1035 1918 1094 est.

377 1131 482 1183 ionem
500 1119 636 1200 conjectu
649 1117 863 1179 discutiuntur.
885 1122 914 1178 l.
931 1117 1104 1179 Ridiculum
1194 1118 1238 1179 11.
1269 1119 1391 1179 Primus
1407 1121 1441 1180 in
1463 1121 1603 1181 medinm
1624 1121 1735 1182 citatur
1760 1123 1922 1183 &manus
1953 1147 2026 1201 nnn

379 1216 443 1292 ejus
457 1212 583 1291 facturn,
611 1211 664 1289 qui
680 1229 738 1289 pro
760 1209 925 1284 catholicis,
953 1209 1105 1272 hereticos
1154 1211 1240 1289 Papa
1265 1210 1421 1290 Vigilius:
1451 1231 1546 1292 quem
1573 1212 1732 1273 Liberatus
1757 1214 1863 1275 scribit
1890 1214 1922 1275 in
1961 1210 2026 1298 m

381 1304 519 1365 obtrusit.
541 1304 571 1362 2.
596 1301 641 1362 lle
671 1301 779 1383 Vipilio
799 1303 900 1383 Papo,
916 1309 944 1362 ot
959 1303 1103 1363 Honorio.
1154 1301 1312 1362 Breviorio
1325 1300 1346 1380 ¹,
1372 1302 1520 1364 abdicatis
1543 1304 1664 1365 duabus
1677 1305 1806 1381 namn,
1827 1323 1924 1366 unam

380 1399 410 1456 3.
429 1394 565 1474 Cyrinus
582 1400 813 1475 propupnutum
832 1395 916 1474 eujus
932 1413 970 1454 eu
986 1394 1063 1454 libro
1072 1393 1107 1455 de
1154 1393 1303 1454 duntaxat
1316 1395 1350 1455 in
1371 1396 1494 1456 Christo
1508 1397 1661 1471 statuisse,
1676 1415 1711 1457 ac
1723 1397 1820 1459 verba
1830 1397 1924 1459 retert

383 1488 410 1549 Τ
408 1488 541 1560 rinitutc,
568 1487 621 1567 qui
643 1495 681 1546 est
707 1487 927 1566 supposititius,
956 1487 1107 1548 sententiaa
1155 1485 1240 1546 illius
1257 1503 1296 1546 ex
1314 1487 1454 1566 epistola,
1475 1488 1626 1567 quemad
1647 1487 1808 1550 haereticos
1828 1489 1923 1562 misit,

380 1578 516 1661 quadum
530 1597 679 1658 expensae:
700 1577 830 1638 cumdem
852 1577 973 1651 librum,
998 1579 1107 1656 [biro-
1158 1577 1288 1637 Silverio
1306 1579 1408 1639 adhuc
1426 1580 1611 1658 superstite;
1635 1580 1722 1658 cujus
1743 1582 1867 1656 sedem',
1891 1600 1926 1642 ac

381 1677 477 1753 pinam
486 1689 586 1731 rouen
598 1670 712 1729 loonne
724 1669 899 1730 Bonimoeno
911 1678 1105 1749 eorropotcm.
1157 1669 1351 1747 dignitatem,
1370 1689 1409 1731 ex
1421 1677 1511 1750 pacto
1527 1691 1600 1733 cum
1613 1673 1774 1734 Theodora
1788 1674 1926 1753 tmpera-

383 1767 414 1824 l.
430 1762 583 1841 Anonymi
590 1760 755 1829 oscitantia,
774 1770 803 1821 et
814 1768 925 1840 stupor.
938 1764 968 1821 5.
983 1762 1107 1822 Librum
1157 1762 1232 1821 trice
1246 1762 1334 1834 inito,
1354 1763 1549 1842 profitendus,
1566 1784 1602 1826 ac
1614 1765 1788 1826 sanciendae
1802 1765 1928 1827 haeresis

385 1855 600 1917 Tbeoourorum
628 1871 760 1912 nonense
790 1852 901 1933 Cyrilti
924 1852 1001 1933 salso
1020 1862 1109 1933 putot
1159 1852 1241 1913 illius
1254 1854 1396 1915 mercede
1414 1863 1581 1917 meruerat.
1597 1857 1714 1917 Verum
1728 1857 1841 1935 partim
1855 1876 1928 1938 aup-

381 1944 844 2026 Anonymus.6.Necrepu9nont
859 1954 972 2006 cotenu
984 1944 1110 2026 quadem
1159 1944 1294 2023 posititia
1308 1952 1365 2021 est,
1378 1948 1492 2026 partim
1513 1948 1592 2008 nihil
1617 1949 1656 2009 ad
1679 1966 1747 2010 rem
1770 1950 1851 2011 actio
1872 1951 1930 2011 ista

383 2039 527 2100 doctrinm
547 2055 613 2114 quoe
640 2034 705 2095 inde
721 2036 932 2115 proferuntur.
963 2035 1109 2110 Quomodo
1159 2037 1301 2116 pertinet.
1315 2038 1599 2117 Vigilinscumista
1614 2040 1771 2115 scriberet,
1787 2044 1930 2103 noandum

383 2131 482 2210 major
495 2127 525 2189 F
524 2128 575 2188 ilio
584 2127 704 2187 di'cotur
715 2127 817 2187 Potor.
832 2132 863 2189 8.
877 2126 969 2189 Foeda
983 2126 1111 2189 halluci-
1159 2128 1572 2206 legitimuseratPontife13
1588 2132 1641 2192 sed
1655 2133 1792 2193 intrusus
1806 2133 1839 2193 in
1853 2135 1930 2195 alie-

382 2223 462 2282 notio
469 2220 596 2301 ejusdem
604 2220 754 2300 Anonymi
763 2220 795 2278 in
801 2218 1005 2300 explicandoC
1005 2220 1107 2299 yrillo.
1161 2236 1234 2280 nam
1245 2221 1360 2291 sedem,
1371 2241 1517 2302 oppresso
1529 2224 1660 2285 Silverio
1672 2224 1790 2304 optimo
1802 2230 1834 2286 et
1843 2226 1932 2287 inno-

384 2316 415 2373 9.
428 2312 619 2393 Reselluutur
632 2321 747 2384 coetero,
760 2319 939 2392 quoecontro
957 2310 1111 2390 cyrillum
1160 2312 1337 2373 cautissimo
1365 2315 1464 2392 Papa,
1494 2334 1550 2393 per
1578 2315 1642 2375 vim
1669 2334 1705 2376 ac
1733 2318 1931 2394 tyrannidem

384 2401 648 2485 proscribitiden.
1160 2403 1368 2480 grassabatur,
1378 2423 1475 2484 quam
1484 2404 1524 2466 ob
1532 2407 1931 2486 caummsilveriiejmdem

1161 2495 1313 2555 sententia
1334 2496 1499 2557 damnatus
1519 2503 1575 2558 est.
1600 2498 1688 2572 Quod
1712 2499 1839 2577 quidem
1864 2500 1933 2578 plu·

1180 2586 1186 2598 .
1271 2587 1277 2599 .
1433 2589 1439 2600 .
1628 2590 1634 2602 .
1774 2591 1781 2603 .
1832 2590 1844 2623 ,
1923 2593 1929 2602 .

182 2617 313 2712 *aare
346 2587 1113 2758 ..utuunianimamnum
1161 2585 1933 2756 ιιιιΒΜὈ

189 2725 308 2819 lm·
346 2781 383 2835 ut
416 2773 558 2834 Ecclesia
592 2772 648 2831 toti
675 2772 877 2840 Christiana,
906 2772 1112 2851 omnibusque
1161 2769 1306 2830 Liberato
1327 2770 1456 2832 diacono
1479 2772 1643 2850 epistolam
1664 2772 1734 2833 falsi
1758 2780 1932 2852 suspectam

202 2826 294 2872 ’Μ’
347 2867 521 2940 veteribus,
550 2883 586 2925 ac
611 2864 835 2925 recentioribus
862 2864 1055 2937 doctoribus,
1083 2871 1114 2926 et
1161 2859 1264 2933 habet,
1294 2862 1466 2940 cujusmodi
1492 2870 1522 2924 et
1549 2863 1625 2924 alias
1651 2865 1802 2943 quasdam
1831 2864 1933 2926 eidem

348 2958 483 3018 conciliis
492 2956 531 3017 ab
541 2956 695 3035 Ephesino
704 2955 892 3033 deincepsad
901 2964 1006 3015 nostra
1015 2975 1112 3035 usque
1162 2952 1323 3032 inscriptas
1341 2955 1557 3016 Monotheletae
1576 2956 1774 3035 protulerunt
1794 2957 1829 3018 in
1847 2964 1933 3019 sexta

348 3054 490 3128 tempora
505 3047 664 3108 celebratis
678 3047 839 3107 inimicum
853 3065 884 3106 se
893 3047 1007 3125 palam,
1023 3067 1112 3127 aper·
1162 3045 1281 3123 synodo
1292 3044 1314 3120 ³;
1330 3065 1401 3124 quae
1414 3046 1454 3107 ab
1471 3047 1591 3125 Legatis
1611 3049 1764 3109 Romanoa
1779 3049 1861 3110 sedis
1877 3049 1934 3111 lal-

347 3147 440 3220 teque
453 3141 660 3220 profiteretur.
677 3139 759 3198 Fecit
772 3139 832 3199 hoc
845 3157 908 3198 una
925 3139 977 3198 illa
992 3141 1112 3200 denun-
1162 3136 1259 3196 sitatis
1268 3138 1647 3217 convictae,consensuque
1659 3141 1802 3201 omnium
1811 3141 1934 3220 rejectae

348 3233 487 3307 tiatione,
505 3250 566 3309 qua
581 3230 773 3308 cyrillianos‚
795 3230 855 3289 hoc
869 3237 916 3289 est
928 3231 1113 3292 catholicum
1163 3233 1247 3288 sunt.
1267 3229 1417 3294 Quocirca
1436 3236 1548 3308 praeter
1567 3249 1694 3292 omnem
1709 3231 1839 3292 modum
1858 3232 1932 3293 ridi-

348 3342 465 3384 nomen
478 3341 571 3383 omne
580 3323 748 3393 damnavit,
758 3340 794 3382 ac
804 3322 1114 3403 proscripsitAnony·
1163 3320 1233 3380 cula
1254 3325 1315 3393 est,
1338 3321 1493 3400 planeque
1515 3333 1641 3400 κιηνώδης
1657 3324 1813 3404 Anonymi
1837 3325 1933 3405 stupi-
1966 3320 2028 3369 Ν

349 3408 432 3477 mus.
466 3415 676 3483 «Concilium,
705 3414 818 3492 inquit,
841 3414 1030 3492 Ephesinnm
1053 3416 1115 3494 pri·
1163 3410 1252 3483 ditas,
1283 3413 1338 3491 qui
1364 3431 1401 3473 ex
1429 3413 1482 3473 illo
1507 3414 1573 3493 ipso
1599 3419 1693 3475 sexta
1726 3415 1839 3494 synodi
1866 3417 1932 3477 loco

348 3525 436 3568 mum
450 3507 632 3587 approbavit
646 3506 829 3565 Caelestinus
840 3523 920 3585 papa
935 3507 1112 3582 Romanus;
1163 3503 1269 3581 vigilii
1281 3503 1442 3582 epistolam
1451 3505 1490 3565 ad
1500 3506 1711 3566 iustinianum
1721 3506 1860 3585 proferre
1870 3526 1934 3569 non

231 3617 237 3626 ·
348 3600 403 3678 qui
416 3607 508 3660 antea
528 3604 696 3659 convocato
711 3597 840 3657 coneilio
854 3598 1025 3657 doctrinam
1039 3599 1114 3659 Nes·
1164 3595 1298 3668 erubuit,
1313 3595 1365 3655 ubi
1380 3614 1437 3674 pro
1451 3599 1556 3673 spuria
1569 3597 1705 3676 falsaque
1717 3598 1913 3676 repudiatur.

347 3692 419 3751 torii
431 3692 642 3762 damnaverat,
656 3694 687 3748 et
695 3689 842 3749 haeretica
852 3688 959 3766 Cyrilli
971 3689 1116 3762 dogmata
1205 3689 1247 3747 lie
1269 3687 1403 3747 Honorio
1430 3689 1574 3749 Manena
1602 3691 1677 3749 item
1704 3689 1851 3768 pontifice
1871 3691 1935 3752 dixi

348 3782 562 3855 confirmarem
574 3786 609 3840 ut
619 3785 702 3858 patet
711 3780 828 3839 exactis
838 3779 958 3839 concilii
968 3781 1115 3859 Ephesini
1164 3784 1318 3857 quantum
1332 3785 1398 3839 arat
1409 3779 1482 3840 satis
1493 3780 1526 3839 in
1536 3781 1637 3859 primo
1649 3781 1740 3855 libro,
1757 3785 1860 3859 capite
1873 3800 1933 3855 m,

347 3874 452 3953 primi.
470 3874 532 3933 Nec
544 3874 610 3952 ipse
624 3872 788 3932 duntaxat:
804 3871 858 3931 sed
870 3877 901 3931 et
912 3889 1020 3932 omnes
1031 3879 1113 3933 vete-
1164 3869 1219 3930 ubi
1231 3870 1270 3931 de
1282 3870 1561 3931 Monothelctarum
1572 3870 1690 3943 haeresi,
1707 3878 1737 3933 et
1750 3872 1818 3950 ejus
1832 3880 1937 3935 aucto

346 3983 407 4039 rea,
417 3972 448 4025 et
455 3964 640 4026 recentiores
652 3963 791 4024 Ecclesia
804 3963 955 4038 deuteron,
967 3970 999 4024 et
1007 3966 1114 4025 omnia
1163 3963 1261 4034 ribus,
1274 3980 1309 4023 ac
1318 3962 1510 4041 principibus
1518 3963 1655 4041 egimus3
1668 3982 1739 4043 quaa
1749 3964 1803 4043 qui
1812 3964 1935 4046 legerit,

347 4059 476 4118 eoncilia
509 4057 727 4135 subsequentia
760 4075 815 4134 per
849 4056 933 4116 mille
966 4057 1114 4119 ducentos
1164 4060 1195 4115 et
1207 4071 1279 4114 cum
1291 4053 1449 4133 Anonymi
1459 4054 1527 4114 loeo
1542 4054 1606 4128 illo,
1620 4060 1653 4115 et
1667 4057 1938 4134 argumentatione

346 4169 455 4212 annos.
480 4172 495 4207 n
516 4149 647 4227 Subjicit
665 4148 828 4224 «insignes
849 4148 931 4208 viros
952 4149 1114 4229 quamplu-
1164 4145 1348 4220 contulerit,
1378 4145 1509 4205 miretur
1538 4146 1685 4223 omnino,
1711 4146 1768 4207 sub
1795 4148 1937 4209 humano

346 4243 453 4314 manos,
467 4243 521 4321 qui
543 4247 611 4321 post
626 4241 752 4301 concilia
768 4241 931 4319 Ephesiae,
947 4247 977 4301 et
991 4242 1115 4303 Chalce-
1162 4237 1262 4307 vultu,
1285 4255 1321 4298 ac
1343 4237 1455 4316 specie,
1480 4236 1564 4298 bruti
1582 4238 1659 4299 adeo
1677 4239 1822 4313 similem,
1850 4241 1937 4302 dissi-

347 4334 501 4406 donanse‚
516 4333 661 4393 heresim
675 4332 887 4411 Cyrillianam,
909 4337 940 4391 et
952 4332 1112 4411 Eutychia·
1163 4330 1327 4390 millimam
1339 4345 1413 4388 vero
1427 4328 1563 4389 hominis
1575 4329 1711 4390 indolem
1725 4329 1831 4392 latere.

346 4444 421 4488 nam
444 4425 579 4504 amplexi
600 4431 682 4484 sunt.
706 4448 717 4481 ι
742 4426 782 4483 At
805 4424 933 4502 quinam
953 4424 1002 4483 isti
1021 4443 1113 4502 porro
1205 4421 1257 4481 ΙΙΙ.
1280 4421 1457 4482 Secundum
1471 4422 1538 4481 hoec
1551 4422 1588 4481 ad
1603 4422 1753 4501 cyrillum
1767 4425 1936 4486 revertitur
1981 4439 2028 4496 aa

346 4518 442 4579 sunt?
455 4519 536 4578 Vide
549 4516 715 4577 nebulonis
725 4514 874 4594 ineptiam
887 4515 927 4574 ad
939 4515 1113 4577 durandum
1163 4514 1347 4593 Anonymus
1363 4533 1371 4573 :
1387 4531 1481 4593 quem
1504 4519 1538 4573 ut
1556 4514 1749 4591 hereticum,
1783 4521 1815 4576 et
1839 4517 1935 4596 Apol·
1964 4504 2028 4588 ’Ἦ

345 4609 509 4671 hominum
527 4610 706 4689 patientiam
731 4607 812 4667 lacti.
830 4606 968 4683 Insignes
981 4607 1025 4666 illi
1040 4608 1111 4683 viri,
1162 4604 1254 4666 linari
1272 4605 1515 4666 consentientem
1535 4605 1628 4665 luisse
1649 4605 1763 4680 vincat,
1790 4608 1936 4686 quaedam

347 4718 410 4761 uno
425 4701 559 4762 alterove
586 4706 725 4779 excepto,
752 4704 825 4758 sunt
842 4697 977 4758 haeretici
990 4697 1111 4775 lamosi,
1163 4695 1267 4777 objicit
1280 4695 1350 4766 sibi,
1364 4713 1434 4775 que
1447 4696 1481 4756 in
1496 4694 1579 4755 illius
1592 4696 1802 4759 defensionem
1822 4699 1935 4760 adduci

346 4794 625 4873 Eutychianorum,
646 4791 987 4868 Monotheletarumque
1006 4790 1110 4862 duces,
1163 4793 1295 4867 queant;
1312 4787 1363 4847 ubi
1378 4794 1562 4848 naturarum
1575 4788 1709 4848 duarum
1723 4796 1769 4850 est
1787 4808 1935 4869 expressa

346 4891 379 4945 et
389 4885 551 4955 antistites,
564 4883 733 4943 Anthimus
742 4901 781 4942 ex
794 4882 1024 4960 Trapezuntino
1035 4884 1115 4942 Con·
1162 4881 1241 4941 facta
1254 4879 1381 4940 mentio.
1396 4879 1434 4938 ln
1445 4896 1508 4958 quo
1523 4878 1634 4939 ludum
1649 4878 1794 4952 hominis,
1810 4887 1843 4942 et
1855 4882 1932 4943 arti-

344 4976 637 5055 stantinopolitanns
658 4975 755 5035 iactus
773 4974 935 5053 episcopus
954 4972 993 5034 ab
1008 4974 1113 5034 Theo·
1164 4973 1269 5033 sscirrm
1289 4990 1354 5032 non
1374 4971 1462 5033 valde
1481 4976 1618 5046 acutum,
1642 4971 1695 5031 sed
1716 4972 1822 5048 hebes,
1843 4979 1877 5035 et
1889 4974 1934 5035 in·

345 5068 422 5128 dora
438 5067 606 5129 iustiniani
616 5067 811 5144 imperatoris
826 5067 956 5144 conjuge
969 5065 1113 5127 haeretica
1163 5064 1280 5125 sulsum
1295 5062 1408 5144 oppido
1422 5068 1530 5123 notare
1543 5062 1682 5142 primum
1701 5070 1833 5143 oportet.
1853 5066 1934 5126 Nam

343 5160 477 5234 famina,
494 5164 524 5220 et
544 5159 584 5219 ob
602 5159 743 5219 baeresim
758 5157 797 5219 ab
817 5160 953 5237 agapeto
967 5159 1112 5218 Romano
1164 5175 1202 5217 cx
1239 5155 1358 5234 ingenti
1399 5153 1639 5234 Gyrtllimarum
1678 5154 1935 5217 lucubrationum

344 5251 489 5331 pontifice
503 5252 680 5332 depositus:
702 5250 888 5311 themistius
901 5250 1112 5328 Agnoetarum
1163 5247 1251 5326 copis
1266 5247 1343 5309 duas
1358 5246 1488 5307 omnino
1501 5246 1634 5324 delegit;
1654 5264 1789 5325 quarum
1802 5248 1934 5310 alteram

374 5455 385 5500 t
398 5455 451 5509 cap.
462 5465 544 5498 ura·
557 5452 572 5495 t
583 5453 616 5496 td
629 5462 682 5497 ann.
695 5450 744 5504 aso,
754 5449 770 5506 S
780 5449 841 5494 tt.-
853 5451 882 5493 tt
895 5450 958 5495 sorta
970 5449 1021 5503 syn.
1032 5454 1074 5492 aot
1086 5459 1121 5501 ιιι,
1133 5454 1150 5491 t.
1162 5446 1252 5491 tcoac.
