3936 6146
347 298 407 363 θθθ
853 290 1180 363 rsuomultotdtt
1204 290 1421 357 DOGMATUM

346 460 432 522 tione
446 459 598 540 producit.
622 460 692 522 Non
706 460 790 522 enim
803 458 910 520 electio
934 458 973 518 uh
988 462 1115 519 externo
1166 460 1201 519 ut
1218 454 1268 521 rel
1282 454 1337 517 lici
1355 455 1411 519 tilii
1424 471 1480 537 per
1495 454 1667 519 virtumm:
1688 452 1738 517 νο]
1753 454 1850 535 hosts,
1860 476 1901 539 per

347 552 466 613 moveri
487 556 595 629 potest.
612 554 728 612 Verum
744 550 800 612 etsi
822 552 864 623 id,
882 550 965 630 quod
979 549 1113 627 eligitur,
1167 547 1280 609 vitium
1294 547 1415 609 fiant.»

348 644 537 705 extrinsecus
551 645 705 722 objectum
719 645 768 716 sit,
788 648 892 704 tomen
915 642 1023 702 electio
1038 642 1115 720 ipsa,
1207 640 1250 701 lta
1266 640 1406 702 Clemens
1422 640 1647 702 Alexandrinus
1658 640 1692 700 in
1706 640 1827 720 septimo
1837 640 1903 703 Stro-

347 741 379 796 et
405 737 503 797 motio
522 737 562 797 ad
586 737 629 813 id,
655 737 738 817 quod
757 736 892 815 eligitur,
913 735 953 794 cb
977 731 1116 794 interiori
1167 739 1269 805 ιπαίοο,
1290 734 1349 793 oin
1364 731 1452 793 nohis
1466 732 1520 807 ait,
1537 750 1601 793 esso
1621 733 1691 806 sita,
1707 750 1775 810 quur
1788 734 1903 795 mandato

348 828 553 908 provenite»
1168 824 1353 903 praecipiunt
1362 823 1397 885 ’ἰ
1425 844 1441 881 n
1463 825 1547 903 quod
1574 824 1653 885 nihil
1673 824 1756 885 aliud
1780 830 1821 886 est
1833 844 1905 905 ιγιιοοι

390 922 426 980 Et
447 922 486 981 ad
511 926 603 1000 caput
629 920 799 981 secundum
823 919 907 980 idem
930 916 1116 997 Simplicius,
1167 934 1256 995 posse
1265 934 1323 977 nos
1337 935 1373 979 eu
1391 915 1506 989 faeere,
1525 915 1573 977 vel
1586 935 1651 977 non
1666 916 1775 977 lucore.

351 1014 456 1086 «Qum
481 1014 514 1074 in
527 1013 626 1087 nobis,
642 1013 696 1087 sit,
721 1012 778 1072 sits
797 1018 880 1084 sunt,
906 1011 1115 1082 liberaverat,
1211 1007 1261 1068 Sic
1286 1008 1420 1069 Isidorus
1457 1008 1606 1070 Pelusiotc
1633 1008 1715 1069 libro
1739 1009 1776 1079 V,
1804 1008 1906 1088 epistole

348 1106 497 1184 quonism
511 1124 612 1185 neque
634 1111 668 1165 ut
689 1105 777 1181 fiant,
802 1103 964 1165 necessitas
984 1103 1023 1163 ab
1050 1102 1118 1163 aliis
1170 1116 1277 1161 οοκιιι.
1311 1121 1326 1157 ο
1358 1100 1550 1175 Persuaderi,
1573 1100 1623 1161 νε]
1654 1118 1718 1161 non
1747 1100 1905 1178 persuaderi,

348 1203 448 1276 potest
462 1198 581 1277 imponi
595 1218 603 1274 3
619 1215 720 1277 neque
731 1197 888 1277 prohiberi
898 1199 1045 1275 possunt:
1060 1213 1117 1257 nec
1169 1192 1348 1253 auditorum
1362 1210 1427 1253 esse
1440 1193 1524 1267 dicit,
1540 1198 1572 1254 et
1593 1191 1628 1253 in
1640 1190 1767 1251 illorum
1789 1196 1907 1271 potestate

348 1287 427 1350 alius
447 1308 541 1351 usum
561 1291 700 1369 ipsorum
714 1290 747 1349 in
765 1293 914 1369 potestate
928 1286 1031 1349 hahet.
1044 1286 1118 1347 Tale
1169 1285 1276 1347 situm.
1292 1290 1418 1364 propter
1429 1284 1518 1346 libori
1531 1284 1650 1345 arbitrii
1663 1283 1859 1346 definitionem
1865 1293 1881 1345 ².
1893 1306 1904 1339 i

349 1385 394 1441 est
404 1381 488 1445 enim
499 1383 582 1462 quod
594 1383 729 1443 liberum
744 1398 902 1453 vocamus,
924 1384 961 1439 ut
987 1380 1028 1439 sit
1036 1379 1119 1458 juris
1170 1376 1257 1451 Quod
1270 1377 1374 1455 ipsum
1387 1382 1469 1439 reete
1482 1376 1666 1454 intelligitur
1679 1396 1717 1439 ex
1732 1377 1905 1451 illatormuls,

348 1473 407 1549 sui,
423 1491 458 1535 nc
471 1475 638 1550 potestatis,
653 1481 684 1535 et
711 1492 784 1535 usus
809 1475 856 1535 sui
877 1471 1041 1533 dominum
1055 1469 1078 1527 ί.
1098 1492 1115 1528 ν
1166 1486 1261 1548 quam
1269 1469 1422 1547 Propheta
1444 1469 1535 1529 lsaius
1547 1467 1696 1548 concipit¹
1710 1468 1767 1531 :Sr'
1776 1469 1907 1543 ostendis,

349 1567 445 1627 Recte
459 1566 491 1627 id
505 1566 631 1645 quidem
649 1564 843 1644 Simplicius:
860 1582 918 1625 nec
932 1563 1021 1624 aliter
1040 1563 1119 1623 chri·
1169 1570 1196 1621 et
1206 1558 1363 1623 suduodis
1377 1579 1436 1631 mc,
1458 1567 1515 1621 etc.
1543 1559 1629 1636 Quod
1651 1564 1678 1621 ri
1699 1560 1852 1635 nolueritis,
1863 1567 1907 1625 etc.

349 1657 441 1717 odoni
463 1675 571 1718 omnes
591 1657 778 1737 philosophi,
801 1675 837 1717 so
856 1655 1003 1733 theologi,
1026 1660 1061 1715 ut
1081 1673 1120 1715 ex
1172 1654 1283 1714 «Cum
1304 1653 1400 1726 enim,
1429 1657 1465 1713 ui
1490 1651 1534 1712 ait
1560 1653 1793 1732 chysostomus,
1813 1673 1867 1717 nou
1884 1656 1908 1715 in

349 1767 458 1810 eorum
473 1750 633 1812 sententiis
647 1753 786 1828 opponet,
803 1765 881 1826 quas
895 1755 926 1809 et
948 1746 1008 1808 hoc
1024 1747 1117 1824 libro,
1168 1750 1289 1807 ustiure
1312 1746 1491 1806 necessitate
1504 1744 1624 1805 donum
1643 1745 1721 1806 illud
1744 1747 1909 1825 posuerittut

349 1846 381 1903 et
393 1843 427 1901 in
444 1841 512 1902 aliis
533 1842 650 1902 offatim
664 1839 884 1919 congessimus,
901 1840 975 1912 Οιιω
993 1839 1119 1917 quidem
1171 1837 1261 1908 bene,
1278 1842 1308 1897 et
1322 1855 1361 1897 εκ
1373 1836 1498 1909 virtute,
1520 1854 1556 1897 sc
1572 1836 1678 1898 divina
1698 1838 1768 1917 lege
1789 1837 1907 1917 virumn}

349 1951 458 1994 omnes
479 1933 512 1994 io
543 1934 575 1994 id
603 1933 790 2010 conspirant,
819 1937 855 1992 ut
880 1937 1002 2010 ἐρ’ἣμῖν,
1022 1931 1121 1992 idest
1171 1930 1223 1991 sed
1237 1929 1394 1990 electionis
1406 1928 1541 1991 libertati
1562 1929 1750 2007 permiserit,
1770 1933 1801 1992 iu
1819 1937 1845 1992 tc
1860 1934 1908 2010 ipsc

351 2023 381 2085 in
409 2025 490 2085 cobi's
516 2024 635 2107 aliquid
666 2028 818 2103 positum,
859 2022 937 2083 nihil
964 2023 1048 2084 uliud
1069 2023 1118 2099 sit,
1171 2021 1314 2100 deinceps
1336 2022 1431 2083 situm
1456 2025 1514 2097 est,
1540 2026 1575 2081 ut
1597 2022 1657 2083 hoe
1671 2023 1723 2095 sis,
1740 2028 1772 2085 et
1790 2024 1907 2085 huot.»

349 2134 444 2195 quam
472 2136 529 2178 nos
556 2135 644 2197 posse
667 2116 746 2176 illud
773 2116 919 2194 amplecti
934 2120 966 2176 et
992 2115 1118 2191 eligere,
1170 2118 1250 2197 Ergo
1266 2124 1290 2179 ἐν
1304 2125 1363 2197 ἡμῖν
1380 2119 1453 2190 εἶναι,
1470 2118 1533 2178 duo
1547 2116 1628 2179 iuter
1640 2135 1673 2180 se
1693 2120 1828 2198 oppositu
1838 2119 1909 2198 signi·

349 2213 403 2269 aut
423 2210 586 2288 repudiare
608 2228 665 2290 pro
693 2207 844 2284 arbitrio,
893 2226 929 2269 uc
962 2207 1121 2269 voluntate
1170 2209 1252 2285 licat,
1265 2228 1282 2270 e
1296 2209 1409 2288 quibus
1423 2209 1517 2271 unius
1542 2215 1590 2271 est
1604 2210 1691 2289 optio
1713 2211 1819 2272 libero.
1836 2212 1909 2272 Sinin

349 2306 467 2361 nostra.
1170 2301 1279 2362 eadem
1292 2301 1431 2362 homilis.
1452 2302 1554 2363 «Non
1572 2308 1618 2363 est
1639 2302 1734 2377 idem,
1749 2305 1802 2376 ait,
1825 2302 1911 2365 anime

390 2392 430 2452 ll.
455 2389 621 2469 Gregorius
634 2391 791 2469 Nyssenus
810 2390 990 2470 hujusmodi
1005 2400 1036 2453 et
1049 2409 1122 2469 par·
1170 2411 1206 2453 ee
1226 2393 1364 2473 corporis
1391 2394 1535 2463 essentis,
1565 2400 1596 2459 et
1620 2395 1798 2459 electionis:
1820 2396 1910 2455 lenm

350 2482 512 2543 ticularem
525 2483 665 2554 istorum,
679 2488 710 2542 ct
722 2482 827 2545 liberae
839 2483 1009 2544 voluntatis
1021 2482 1122 2544 notio·
1170 2485 1224 2547 illa
1238 2492 1311 2545 sunt
1323 2503 1419 2564 opere
1433 2486 1489 2546 Dei
1501 2506 1510 2561 ;
1526 2486 1723 2560 herodotum,
1740 2488 1830 2549 motio
1840 2491 1911 2547 ester

350 2574 633 2654 demonstrantis
647 2574 872 2654 aodcmdequo
882 2575 975 2636 modo
988 2576 1119 2654 agimus,
1170 2576 1348 2656 nobisipsis
1372 2577 1462 2655 fucta,
1477 2578 1517 2638 ud
1530 2578 1748 2658 quodcumque
1772 2580 1858 2658 ipson
1871 2579 1910 2638 de

350 2668 464 2728 honest
474 2665 747 2744 filiivelcligends,
759 2667 806 2727 νε]
817 2667 1008 2747 repudienda
1021 2668 1120 2746 digni·
1170 2670 1283 2730 ducere
1294 2668 1484 2731 voluerimus
1494 2679 1518 2732 ν.
1534 2691 1551 2728 o

349 2764 410 2820 tete
424 2758 632 2821 confirmatio
646 2758 726 2820 libro
747 2760 882 2819 sceiiudo
897 2767 1000 2822 eontra
1014 2760 1121 2821 Euno-
1211 2763 1258 2821 Ito
1282 2761 1414 2840 Cyrillus
1440 2762 1669 2825 Alexandrinus
1700 2762 1735 2825 in
1761 2763 1835 2825 coloe
1857 2760 1911 2823 libri

349 2856 460 2912 mium:
486 2873 501 2909 ιι
515 2853 552 2911 ln
569 2857 692 2925 notura,
716 2851 828 2929 iuquit,
858 2851 1014 2926 interiore,
1031 2858 1063 2914 et
1087 2853 1121 2912 in
1170 2853 1273 2931 quarti
1287 2852 1470 2915 inlusionem
1490 2899 1498 2921 .
1518 2875 1533 2911 u
1547 2871 1665 2917 cessere
1678 2875 1698 2917 ιι
1710 2856 1912 2934 pertiuhatioue

348 2945 441 3005 rebus
452 2944 733 3022 nostriS,quouinm
747 2944 785 3003 ad
807 2948 1119 3024 utrumquepropen·
1171 2944 1203 3005 in
1218 2944 1308 3006 nobis
1322 2945 1415 3007 situm
1429 2963 1495 3007 esse
1508 2944 1597 3020 dicit,
1619 2947 1737 3026 quippe
1756 2948 1862 3009 malum
1878 2946 1911 3005 la·

348 3036 468 3099 sionem
480 3036 574 3097 hebet
587 3037 725 3097 humanu
739 3041 862 3111 notura,
879 3036 911 3095 in
925 3036 1121 3097 nobissitum
1170 3054 1239 3099 cere
1260 3037 1448 3114 desinemus,
1475 3037 1501 3099 si
1521 3040 1719 3118 propriarum
1747 3040 1912 3101 voluntatum

349 3135 405 3206 est,
421 3127 591 3200 velnoctis,
615 3127 665 3188 νε]
691 3127 753 3189 diei
776 3145 840 3191 csse
863 3127 951 3202 tiliis3
974 3135 1121 3189 mouente
1169 3129 1409 3207 propensionem
1422 3128 1495 3189 ferri
1521 3130 1552 3189 io
1575 3130 1704 3191 meliora
1726 3133 1910 3192 concedamus.

349 3218 598 3300 principalitcrin
613 3218 1057 3298 propriisdnihusueturu,etc
1067 3230 1088 3282 ⁰.
1104 3243 1116 3279 ν
1172 3223 1286 3281 Verum
1310 3220 1435 3282 liberari
1448 3221 1572 3301 penitus
1585 3241 1605 3282 a
1627 3224 1848 3302 perturbatione
1864 3239 1911 3281 uon

348 3312 429 3373 Tum
449 3311 553 3390 peucis
577 3310 768 3389 interjectis:
788 3311 935 3372 «Verum
959 3317 1070 3373 notura
1085 3312 1120 3375 in
1169 3313 1341 3373 omninoin
1355 3312 1444 3374 nohis
1458 3313 1647 3375 astsitumt.
1663 3336 1679 3372 ν)

347 3403 486 3483 utrisque
511 3409 623 3482 stante,
647 3421 718 3483 quse
742 3420 780 3464 ex
805 3401 955 3465 electione
979 3402 1121 3465 incidunt
1209 3404 1288 3465 Vide
1303 3405 1409 3484 Cyrilli
1431 3405 1571 3483 ejusdem
1590 3406 1658 3468 loca
1672 3425 1768 3487 supro
1781 3405 1912 3486 capitose

347 3494 542 3575 differentior,
561 3495 691 3557 nomina
709 3494 947 3577 propinquitatis
967 3495 1118 3561 subeunt:
1170 3498 1271 3558 cundo
1309 3496 1420 3573 cllata;
1459 3499 1523 3558 imo
1560 3498 1771 3579 plurimorum
1807 3498 1912 3559 olionm

382 3711 403 3751 tt
421 3698 514 3753 Stulni..
539 3693 598 3767 Ἐφ’
616 3694 675 3768 ἡμῖν
697 3693 775 3749 ἐκεῖνον
787 3696 864 3767 λέγει,
884 3690 920 3749 ὧν
939 3695 1017 3766 κύριοί
1031 3694 1114 3768 tepet,
1163 3717 1213 3761 σεις
1226 3698 1339 3769 διαφοραί
1351 3696 1383 3751 τὰ
1397 3697 1509 3770 ὀνόματα
1522 3703 1566 3766 τῆς
1585 3698 1736 3769 οἰκειότητος
1750 3698 1907 3761 ὑποθῶνται]

346 3778 387 3830 καί
401 3773 436 3831 ὧν
451 3777 494 3846 τὴν
510 3776 619 3841 θὶουσίαν
634 3777 735 3850 ἔχομεν.
747 3773 873 3835 ταῦτακαὶ
886 3776 925 3833 ἐπ’
940 3779 1007 3850 αθτῷ
1021 3778 1117 3851 ἑκάστῳ
1166 3785 1221 3839 θεοῦ
1243 3781 1316 3834 τέκνα
1337 3778 1370 3833 δι’
1385 3780 1482 3852 ἀρετῆς,
1509 3782 1525 3849 ἢ
1546 3786 1590 3837 τοῦ
1606 3781 1770 3855 ἀντικειμένου
1792 3782 1829 3836 διὰ
1847 3780 1910 3838 sulit

346 3860 462 3933 λέγομεν,
475 3862 491 3914 ἃ
505 3859 538 3932 μὴ
553 3860 610 3933 παρ’
632 3860 709 3915 ἄλλον
733 3860 797 3937 ἔχει,
823 3860 884 3934 μηδὲ
897 3861 939 3915 θπ’
953 3861 1030 3917 ἄλλον
1052 3862 1118 3925 τινὀς
1165 3865 1304 3936 γινόμενοι.

348 3940 517 4015 ἐμποδίζεσθαι
531 3944 638 3998 δύναται.
660 3948 762 3997 τοιαῦτα
780 3945 807 3997 δέ
825 3941 876 3998 ἔστι
892 3946 923 3998 τὰ
935 3945 1057 4015 κινήματα
1076 3948 1119 4012 τῆς
1202 3946 1328 4002 dCtutt.
1348 3946 1431 4002 ALEX-
1457 3963 1531 4003 vers·
1558 3947 1608 4004 ult.
1627 3948 1726 4004 Ὄντων
1749 3948 1785 4022 tp’
1805 3948 1911 4021 ᾓμῖνῐρν

346 4025 425 4098 ψυχῆς
438 4026 469 4081 τθι
493 4027 588 4081 ἔνδοθεν
603 4026 645 4080 θπ’
664 4027 737 4095 αὐτῆς
757 4027 819 4082 κατὰ
833 4026 877 4094 τὴν
892 4025 966 4094 αὐτῆς
978 4026 1056 4101 κρίσιν
1078 4027 1119 4081 καί
1167 4031 1311 4084 στάττουσιν
1323 4029 1348 4082 αί
1362 4027 1472 4084 ἔντολαί.

347 4109 440 4181 αἵρεσιν
451 4112 576 4183 γινόμενα.
588 4111 617 4164 oi
631 4109 678 4183 γὰρ
692 4111 794 4163 δυνατὸν
810 4108 856 4173 ἔξω
869 4111 985 4162 κινεῖσθαι
999 4109 1042 4177 τὴν
1053 4111 1120 4183 ulpe-
1204 4129 1219 4168 e
1237 4114 1338 4168 lsroos,
1358 4113 1458 4168 Penus.
1478 4111 1536 4168 Ὅτι
1558 4114 1588 4168 τί)
1609 4116 1744 4182 πεισθῆναι,
1763 4117 1802 4170 καί
1817 4114 1855 4187 μὴ,
1874 4117 1911 4165 τῶν

346 4211 395 4246 σιν.
407 4191 472 4245 ἀλλὰ
484 4196 530 4246 κάν
545 4194 573 4247 τδ
583 4193 676 4265 αίρετθν
692 4192 777 4255 ἔξωθεν
794 4190 821 4266 ᾖ,
836 4192 852 4262 ἡ
868 4193 957 4265 αἵρεσις
969 4192 1040 4261 nii-d,
1053 4192 1119 4262 καὶὴ
1168 4193 1307 4250 ἀκουόντων
1322 4194 1389 4266 ἐστὶ,
1406 4195 1447 4248 διὰ
1461 4198 1503 4250 τὸν
1519 4201 1561 4265 τῆς
1576 4196 1788 4267 αθτεξουσιθτνγτος
1800 4201 1859 4271 θρυν.

349 4273 426 4329 intro
439 4276 533 4348 αίρετδν
543 4278 646 4345 κίνησις,
663 4275 755 4330 ἔνδοθέν
769 4275 829 4330 ἐστι.
1205 4277 1226 4351 s
1241 4279 1340 4334 Cusus.
1354 4278 1430 4334 hom.
1446 4295 1495 4335 τινι
1509 4279 1540 4335 in
1550 4280 1630 4350 epist.
1647 4281 1690 4336 ud
1704 4284 1782 4336 Rom.
1798 4297 1859 4337 vers.
1875 4277 1911 4332 ult.

386 4358 403 4415 θ
423 4359 510 4415 Idem.
531 4358 589 4414 Ὅτι
611 4359 643 4415 τὰ
662 4358 699 4429 ἀφ’
719 4359 781 4431 ἡμῖν
796 4358 918 4432 ἐλεύθερα,
933 4360 971 4412 δτι
985 4356 1041 4413 οὔτε
1054 4358 1121 4430 γανί-
1173 4358 1276 4428 Ἐπειδὴ
1292 4360 1339 4432 γὰρ
1351 4360 1395 4414 otc
1410 4360 1502 4434 ἀνάγκῃ
1514 4363 1607 4433 pineus
1618 4364 1647 4416 τδ
1659 4366 1739 4435 δῶρον
1754 4363 1861 4433 ἔνίθηκτν,
1870 4359 1913 4412 tit'

348 4442 403 4495 σθαι
421 4440 581 4512 ἀναγκάζεται
594 4441 635 4497 θπ’
651 4442 744 4506 ἄλλων,
767 4441 825 4496 οὔτε
841 4443 961 4497 κωλύεται
975 4440 1032 4496 οὔτε
1046 4440 1122 4503 ἀλλος
1170 4440 1292 4516 ἐλευθερία
1304 4445 1466 4516 προαιρέσεως
1480 4443 1673 4517 {reprimeretis
1688 4448 1820 4501 euticeo
1830 4444 1872 4499 ἐστι
1883 4441 1913 4494 ul

349 4524 402 4598 ἔχει
415 4522 459 4591 τὴν
475 4521 585 4585 ἐξουσίαν
598 4528 641 4592 τῆς
652 4526 764 4597 γρήσεως
779 4523 871 4580 αθτῶν.
887 4518 997 4579 τοιοῦτον
1011 4525 1058 4597 γάρ
1070 4521 1121 4578 ἔστι
1169 4531 1243 4579 τοῦτο
1256 4527 1376 4598 γενέσθαι,
1391 4527 1501 4582 κάκεῖνο.

351 4608 380 4662 τδ
390 4604 513 4681 ίλεύθερον
529 4605 681 4671 citreorum
695 4607 817 4681 ὑπάρχον,
828 4609 870 4661 καί
881 4608 961 4681 κύριον
975 4611 1019 4675 τῆς
1033 4606 1121 4665 tauros
1205 4625 1226 4679 9
1245 4609 1285 4664 ld.
1305 4610 1340 4664 Οὖ
1354 4608 1402 4682 γὰρ
1417 4608 1505 4665 ratiti
1519 4612 1597 4685 ψυχῆς
1612 4610 1693 4682 οθσία,
1708 4614 1747 4666 καί
1760 4614 1872 4684 σώματος,
1883 4606 1913 4660 ui

349 4691 469 4763 χρήσεως.
1170 4694 1342 4764 προαιρέσεως.
1355 4692 1420 4746 ἀλλὰ
1429 4693 1460 4747 τὰ
1475 4695 1518 4766 μέν
1528 4693 1593 4749 ἔστιν
1608 4694 1667 4768 ἔργα
1675 4697 1739 4750 θεοῦ·
1750 4696 1779 4750 τδ
1788 4696 1814 4748 δὲ
1826 4693 1847 4755 ἔξ
1858 4691 1913 4763 ἡμῖν

261 4810 266 4815 -
383 4774 542 4829 chsuott·
561 4772 737 4832 Ntsssrelib.
755 4773 777 4828 ll
795 4777 869 4828 cotti.
895 4775 971 4827 Euro.
996 4770 1059 4827 Ἐπί
1077 4772 1120 4845 μὲν
1170 4773 1252 4829 αθτῶν
1269 4778 1386 4849 γινομένη
1399 4776 1492 4845 κίνησις
1506 4778 1566 4850 πρδς
1580 4780 1639 4851 ὅπερ
1652 4778 1681 4831 ἀν
1697 4779 1769 4848 coitis
1780 4776 1913 4850 βωλιγθιῖγιιν

348 4853 390 4907 σθν
404 4859 448 4923 τῆς
461 4857 528 4910 κάτω
553 4857 655 4927 φύσεως,
677 4857 718 4909 κα]
741 4861 791 4910 τῶν
812 4856 866 4908 καθ’
879 4854 944 4927 ἡμᾶς
957 4857 1120 4928 πραγμάτων,
1170 4856 1282 4930 ἀγαγεῖν.

348 4936 394 4992 dit
407 4937 437 4992 τδ
451 4939 512 5009 πρὸς
526 4938 638 5010 ἑκάτερον
664 4936 799 5011 ίπιρῤεπῶς
821 4938 851 4992 τδ
875 4936 1024 5010 ἀνθρώπινον
1043 4938 1119 5011 ἔχειν,
1204 4939 1221 4995 lt
1242 4941 1351 4996 Croton.
1368 4944 1400 4997 tn
1413 4945 1518 4999 Joctmr.
1531 4940 1609 4996 Ἀλλὰ
1622 4946 1651 4997 τδ
1664 4944 1708 5015 μὲν
1722 4944 1823 5018 ἀργῆσαι
1834 4940 1914 5001 incr,

347 5020 408 5091 πρδς
420 5020 506 5074 κακίαν
525 5022 603 5093 λέγω,
618 5021 657 5073 καί
673 5020 772 5093 ἀρετὴν,
789 5020 826 5092 ἀφ’
839 5020 898 5092 ἡμῖν
918 5018 1007 5088 tursolt
1023 5022 1118 5085 νυκτδς,
1170 5021 1223 5095 ἔχει
1237 5020 1292 5077 τινά
1307 5025 1396 5096 μοῖραν
1412 5030 1456 5080 τοῦ
1474 5026 1514 5079 καί
1529 5024 1567 5098 ἀρ’
1580 5025 1639 5099 ἡμῖν
1656 5030 1746 5081 κεῖσθαι
1760 5029 1844 5081 δοκεῖν.
1855 5041 1914 5077 κατι·

347 5103 362 5169 ἢ
377 5101 470 5174 ἧμίρας
483 5103 550 5165 elohe
568 5102 688 5175 γενέσθαι,
706 5103 823 5176 pocione
842 5103 906 5158 κατὰ
924 5102 953 5157 τθ
965 5103 1120 5176 προηγοθμτ-
1168 5105 1330 5179 λήξομενγᾶρ
1345 5111 1388 5161 τοῦ
1396 5104 1474 5163 κακοῖν
1481 5112 1532 5172 τοῖς
1542 5107 1653 5180 ἀμείνοσι
1664 5116 1713 5164 τῶν
1721 5110 1785 5164 ἰδίων
1794 5107 1914 5177 eornm

348 5204 390 5238 νον
406 5182 430 5239 lv
446 5188 499 5249 τοῖς
514 5186 583 5248 ίδίοις
597 5188 662 5259 θροις
675 5191 718 5254 τῆς
738 5187 843 5257 φύσεως,
865 5191 920 5242 etc.
936 5187 1022 5242 Mox:
1043 5186 1119 5239 ‘titt
1168 5185 1315 5252 ἐπιδιδόντες
1341 5188 1385 5257 τὴν
1411 5191 1499 5264 ῥοπὴν.
1523 5192 1552 5246 τδ
1574 5193 1600 5246 δὲ
1614 5191 1805 5247 ἀπαλλάττεσθαι
1830 5190 1915 5247 πάθους,

347 5271 393 5336 τῆς
407 5268 499 5342 ρθσιως
513 5268 550 5341 ἀρ’
564 5268 683 5343 ἑκατίρων
699 5267 818 5339 tochone,
833 5268 860 5327 αί
875 5268 937 5325 κατὰ
951 5268 994 5332 τίνα
1003 5270 1118 5341 προαιρί·
1167 5269 1226 5344 οὐχ]
1242 5272 1339 5335 πάντως
1350 5270 1387 5344 ἐρ’
1400 5272 1471 5346 ἡμῖν.

377 5446 443 5492 lira·
459 5458 475 5499 ν,
491 5448 523 5496 tit,
