3956 6158
337 288 396 356 568
846 289 1173 355 Tarouedounon
1194 290 1412 357 mannaan

337 456 501 531 sustinuit;
517 456 642 537 quando
656 463 830 526 cruentum,
849 465 881 520 et
902 459 1099 536 cruciatibus,
1157 478 1239 537 mus,
1264 461 1486 539 Theodoretus,
1516 461 1731 541 OEcumenius‚
1748 466 1881 552 'theophy-

337 568 373 611 ac
408 547 573 611 mortiferis
608 550 777 629 angoribus
809 551 1014 627 horrendum,
1049 553 1102 613 sed
1157 551 1883 631 lactus‚Primasius‚etaliiadillumPculilocun:

337 645 476 705 humano
490 644 596 721 generi
609 642 753 717 salutare,
765 662 800 704 ac
816 645 988 724 pretiosum
1010 645 1102 709 sacri-
1157 663 1214 707 uec
1235 664 1299 707 non
1316 647 1527 727 Epiphanius⁸
1544 655 1575 710 et
1602 650 1884 735 Hieronymus⁸3qui

337 734 443 796 licium
458 734 587 795 obtulit:
604 735 732 796 alteram
745 741 775 795 et
788 736 881 817 paulo
901 741 984 813 unte,
1009 753 1103 816 quam
1157 757 1196 800 ex
1229 742 1389 801 communi
1410 742 1588 803 Graeeoram
1617 743 1742 805 Petrum
1767 751 1887 809 nunriis

338 833 494 908 pateretur
517 846 572 908 per
585 846 651 887 sese
671 828 831 907 transegit,
854 847 926 889 cum
940 825 1104 890 duodecim
1156 834 1285 892 testatur
1298 832 1341 892 ita
1354 833 1486 893 Paulum
1499 833 1631 914 intelligi
1653 835 1772 911 debere,
1789 842 1886 901 cunuti

338 919 501 999 Apostolis:
534 925 565 980 et
585 919 730 999 deinceps
740 938 795 1000 per
809 920 947 981 Christos
960 939 1042 997 siros,
1069 940 1105 983 ac
1161 924 1251 984 csr’ae
1273 930 1370 1004 putre,
1398 925 1589 995 ciuemque:
1616 946 1727 1008 nempe
1740 930 1770 990 id
1781 949 1834 992 uno
1845 938 1887 995 sta·

338 1012 509 1073 sacerdotes
518 1012 690 1074 instaurare
700 1013 819 1092 pergit3
833 1019 999 1094 pergatque
1012 1032 1105 1094 porro
1155 1015 1213 1076 tim
1236 1014 1331 1076 verbo
1359 1017 1507 1097 explicari
1529 1021 1723 1100 ἀγενεαλόγητος
1739 1027 1887 1104 :ncnqnod
1903 1032 1932 1077 ar

337 1103 377 1166 ad
390 1121 532 1165 occasum
547 1122 644 1184 usque
658 1104 779 1165 mundi.
804 1105 904 1184 Hujus
917 1106 1008 1166 nobis
1026 1107 1105 1167 ratio
1156 1105 1380 1187 absquepetre,
1395 1114 1426 1170 et
1440 1115 1538 1172 matre
1559 1110 1654 1173 fuerit
1669 1132 1676 1188 ς
1699 1131 1768 1175 cum
1780 1115 1889 1179 Chrbtn
1953 1109 1956 1116 ’

337 1195 515 1278 posterioris
523 1215 562 1257 ex
576 1196 647 1273 illis,
663 1214 740 1276 ques
750 1197 911 1276 proposui,
926 1197 1041 1276 regulis
1060 1199 1104 1259 ita
1156 1218 1279 1280 queque
1293 1201 1466 1262 secundum
1484 1208 1651 1283 utramque
1663 1211 1802 1267 naturam
1813 1214 1838 1269 ct
1848 1228 1889 1288 pc·

337 1293 467 1371 constat.
498 1289 665 1369 Scriptura
689 1307 782 1349 sacrae
817 1307 915 1368 genus
948 1291 1104 1369 quoddam
1156 1296 1236 1352 trem
1254 1291 1409 1364 habuerit.
1425 1300 1456 1355 et
1469 1301 1624 1357 matrem:
1650 1299 1794 1378 sedquod
1810 1301 1888 1362 subito

337 1390 509 1463 agnoscunt
535 1385 569 1446 in
598 1385 719 1446 Christo
744 1386 924 1462 sacerdotii,
950 1388 1033 1466 quod
1059 1394 1105 1449 est
1156 1384 1371 1446 introducatur
1393 1386 1427 1446 in
1457 1385 1561 1449 Genesi
1580 1391 1749 1452 occrrrrisse
1765 1392 1889 1454 Abraham

337 1478 506 1539 secundum
517 1478 659 1540 ordinem
673 1478 896 1554 Melchisedech
908 1486 938 1540 et
951 1478 990 1539 ab
1010 1482 1105 1542 Aaro·
1155 1477 1271 1537 accede
1296 1478 1432 1555 bestium
1453 1482 1631 1557 revertenti,
1647 1489 1678 1543 et
1690 1502 1747 1546 nec
1765 1494 1889 1552 autema

336 1570 408 1631 nico
421 1569 588 1633 diversum.
618 1572 691 1630 Haec
703 1575 808 1631 autem
834 1569 995 1633 diversitas
1017 1573 1050 1633 in
1066 1592 1102 1634 eo
1155 1573 1260 1648 postea
1276 1570 1342 1647 ejus
1360 1589 1476 1633 nomen
1497 1572 1615 1634 feratur
1636 1576 1889 1657 adscriptumrtt

336 1663 396 1724 sita
407 1669 464 1739 est,
480 1664 564 1744 quod
573 1663 711 1724 Christus
724 1681 838 1742 panem
851 1669 882 1725 et
895 1664 1004 1726 vinum
1016 1667 1104 1728 obtu-
1156 1661 1355 1741 Epiphanius,
1375 1684 1387 1721 ο
1404 1664 1585 1744 Sincpntm,
1602 1668 1715 1748 inquit,
1731 1677 1761 1731 et
1772 1673 1828 1734 sine
1839 1693 1888 1735 rna·

336 1755 383 1831 lit,
399 1756 528 1835 perinde
543 1775 579 1817 ac
593 1755 809 1831 Melchisedec3
825 1763 1011 1836 queetamen
1026 1777 1100 1838 non,
1155 1757 1202 1814 ire
1228 1755 1352 1829 dicitur,
1378 1775 1443 1817 1¹⁰ss
1470 1759 1555 1836 qUOd
1580 1766 1703 1839 patrem
1732 1764 1890 1839 nullumne

336 1853 481 1924 cierunt,
497 1854 528 1909 et
541 1847 579 1910 ab
590 1848 650 1910 hoc
670 1847 916 1926 oblataiuerant
938 1868 1025 1912 mera
1039 1871 1104 1913 cor-
1155 1845 1274 1906 millam
1289 1854 1421 1910 mairam
1433 1849 1578 1912 habuerit
1594 1871 1601 1912 ε
1618 1854 1672 1915 sad
1686 1857 1768 1934 quod
1781 1858 1890 1919 nulhsit

336 1942 420 2021 poris
437 1941 584 2002 alimenta
598 1942 859 2002 manserunt:sed
874 1943 907 2003 in
921 1961 1042 2023 corpus,
1067 1965 1103 2007 ac
1155 1939 1320 2001 110mi1111m
1342 1941 1469 2003 illorum
1492 1943 1525 2003 in
1548 1944 1714 2024 Scripturas
1736 1951 1835 2009 sanctis
1855 1968 1891 2011 ex·

335 2033 520 2113 sanguinem
539 2034 660 2094 Domini
672 2034 778 2095 divina
801 2035 831 2094 vi
850 2040 981 2110 munta,
1010 2055 1104 2118 supra
1155 2034 1444 2110 pressameniio⁶o
1458 2035 1646 2117 Inhocergo
1666 2040 1775 2102 Gliristi
1787 2041 1891 2121 figuram

336 2135 448 2205 typum
460 2145 496 2187 ac
508 2125 640 2205 figuram
655 2132 901 2192 assurrexerunt:
918 2131 1103 2208 quamobla-
1156 2125 1371 2186 adumbravit:
1388 2127 1474 2205 eujus
1499 2146 1601 2208 neque
1614 2137 1703 2210 pater
1719 2135 1797 2194 ullus
1808 2153 1891 2196 resera

334 2217 429 2280 tionis
439 2218 572 2280 formam
584 2218 738 2299 hodieque
759 2237 955 2298 perseverare
964 2223 1103 2284 indidem
1155 2216 1224 2294 init,
1238 2237 1299 2297 qua
1311 2220 1406 2280 homo
1420 2225 1485 2294 cst;
1500 2239 1601 2299 neque
1615 2229 1726 2300 mater,
1739 2246 1796 2306 qua
1812 2229 1889 2288 Deus:

335 2313 520 2391 accepimus.
1156 2314 1191 2367 ut
1202 2311 1327 2389 exponit
1341 2312 1564 2373 Theodoretus.
1586 2317 1628 2375 At
1643 2317 1784 2380 Sedulius
1796 2320 1889 2391 inscite

376 2405 426 2467 IV.
451 2404 585 2466 Celebris
599 2410 655 2481 est,
670 2410 702 2465 et
726 2422 785 2465 usu
805 2405 947 2466 omnium
975 2408 1103 2472 detritus
1155 2402 1349 2482 qllodneque
1362 2412 1450 2483 pater
1463 2405 1694 2487 Melchisedeco,
1710 2430 1805 2491 neque
1816 2420 1892 2473 mater

336 2497 388 2559 ille
409 2497 521 2558 Psalmi
546 2499 621 2563 noui
635 2503 666 2557 et
690 2498 849 2558 centesimi
875 2498 978 2576 loeus,
993 2500 1026 2560 in
1040 2520 1102 2581 quo
1156 2493 1194 2553 de
1204 2494 1276 2554 Levi
1289 2495 1384 2575 stirpe
1403 2495 1530 2558 fuerint.
1545 2500 1648 2561 Tertia
1658 2504 1738 2564 ratio
1750 2504 1893 2564 similitudi

336 2590 500 2670 insigniter
513 2590 551 2650 de
564 2589 674 2650 Christi
695 2590 863 2651 sacerdotio
887 2591 930 2651 sic
952 2594 1103 2673 Propheta
1157 2584 1511 2665 115⁵,(lllodllaaihiiihm²
1519 2592 1894 2657 necfinbcommemoreur

336 2683 522 2745 vaticinatur
538 2701 545 2742 ι
560 2682 683 2744 durarit
698 2681 842 2744 [lominus
855 2690 884 2743 et
906 2703 964 2744 nou
978 2689 1103 2764 penite·
1157 2678 1191 2737 iu
1206 2678 1366 2759 Scriptura
1379 2681 1591 2745 Melchisedeai
1608 2705 1615 2746 :
1631 2705 1702 2766 quae
1713 2706 1812 2750 rerem
1827 2688 1892 2750 nula

337 2774 469 2837 dr'tecan⁰
485 2777 529 2837 Tc
543 2794 571 2837 cs
586 2772 728 2837 Sacerdos
747 2774 777 2835 in
791 2783 932 2838 cranam
948 2779 1113 2841 secuudum·
1156 2770 1284 2831 omniuo
1298 2772 1435 2835 Christus
1448 2774 1567 2837 habuit.

335 2867 468 2930 ordinem
482 2865 689 2930 Melchisedech
702 2887 714 2929 .·
730 2868 790 2929 Sed
809 2887 846 2928 ea
865 2868 978 2930 Christi
1006 2890 1103 2934 sacer-
1196 2862 1232 2923 V·
1257 2864 1408 2937 Quartum
1416 2866 1450 2926 in
1464 2867 1684 2932 Melfllissssslssffl
1698 2872 1842 2951 singulare
1849 2878 1891 2945 (⁵¹,

335 2961 415 3022 dotis
429 2962 468 3022 acl
481 2961 739 3023 Melchisedeeum
749 2962 994 3023 accommodatio
1004 2964 1103 3044 dupli·
1156 2956 1240 3035 quod
1254 2961 1284 3017 ei
1302 2957 1478 3020 Abrahaffla
1492 2962 1685 3039 antecelluit,
1700 2970 1842 3043 quanin
1852 2966 1892 3026 de·

333 3054 410 3115 nter
423 3054 459 3114 fir
473 3074 480 3114 :
495 3053 986 3133 veletraeaecumenicae
1000 3064 1101 3120 οεοεε-
1155 3065 1260 3108 cumas
1283 3049 1322 3109 ab
1349 3069 1386 3111 co
1412 3052 1450 3112 dc
1473 3053 1628 3114 manubiis
1654 3058 1891 3135 renouauerit

336 3173 409 3227 μενον
427 3148 507 3207 :hoc
520 3151 566 3207 est
577 3144 627 3205 vel
641 3145 756 3205 ratione
767 3163 912 3226 personae,
928 3147 977 3208 rel
990 3150 1102 3211 retrone
1155 3139 1245 3218 tique
1273 3142 1460 3204 benedixit⁸·
1476 3145 1528 3205 Fal
1553 3155 1658 3207 atatem
1685 3150 1741 3227 qui
1767 3149 1893 3209 benedicit

332 3240 467 3322 subjecti,
482 3237 565 3319 quod
577 3246 623 3299 est
637 3238 741 3298 oblata
754 3256 814 3316 res,
826 3245 857 3299 et
869 3239 903 3299 in
917 3240 1100 3303 sacrificium
1154 3235 1257 3311 Polior
1280 3235 1346 3311 illo,
1368 3237 1418 3297 cui
1445 3237 1647 3315 benedicitur,
1671 3247 1703 3301 et
1728 3242 1833 3302 Amani
1848 3242 1892 3319 ipsi

334 3333 483 3412 impensa.
500 3332 580 3392 Nam
592 3336 722 3409 utroque
734 3328 874 3409 praedem
888 3331 977 3392 illum
990 3351 1100 3395 semo.
1154 3327 1305 3404 prestitit.
1322 3328 1480 3407 Siquidem
1490 3330 1658 3392 Abrahcmi
1682 3332 1721 3393 de
1741 3333 1827 3414 stirpe
1838 3351 1893 3413 pre

334 3443 399 3485 nem
410 3424 548 3486 continet
559 3422 583 3499 ¹,
598 3428 630 3485 et
645 3421 932 3503 ininterpretabilem
948 3422 988 3485 ud
1004 3424 1101 3489 diceu-
1154 3424 1283 3496 pflgflius
1306 3427 1352 3482 est
1373 3422 1459 3497 laevi,
1472 3440 1512 3482 ex
1533 3442 1594 3503 quo
1623 3424 1780 3487 deseendit
1799 3428 1891 3487 huon.

334 3515 404 3578 dam
417 3518 455 3579 de
469 3536 531 3596 quo
543 3515 681 3595 loquitur
698 3515 871 3593 Apostolus.
1154 3512 1242 3573 Unde
1254 3513 1409 3593 colligitur
1422 3516 1629 3576 sacerdotium
1643 3517 1840 3579 Melchisedici
1851 3536 1892 3578 er·

375 3611 416 3672 Ut
430 3630 449 3671 a
461 3608 659 3671 contentione
672 3625 875 3686 personarum
891 3608 1003 3684 ordiar,
1016 3609 1100 3672 idem
1153 3604 1314 3667 celleniius
1325 3625 1390 3668 ame
1404 3608 1554 3670 banonico
1569 3610 1750 3672 sacerdotio.
1778 3611 1892 3689 lienique

333 3703 498 3784 Apostolus
507 3700 629 3774 mmcd,
639 3705 669 3760 et
679 3699 870 3778 praeclarade
880 3701 1098 3765 Melchisedeco
1153 3716 1190 3757 cx
1223 3698 1276 3759 illa
1308 3703 1538 3779 comparatione
1571 3701 1696 3763 coniicit
1728 3703 1892 3784 apostolae

332 3802 449 3873 narrat,
459 3812 528 3874 quae
542 3792 581 3853 ad
595 3791 749 3852 Christum
762 3792 950 3854 referuntur.
967 3795 1011 3853 Ea
1023 3813 1097 3857 vero
1151 3791 1350 3868 duronicum,
1372 3792 1422 3854 rel
1440 3792 1612 3854 Lavit-icum
1638 3795 1835 3856 secerdotium
1851 3812 1892 3855 es·

332 3894 467 3969 quatuor
479 3884 630 3967 capitibus
645 3885 865 3964 comprehendi
878 3892 1018 3965 possunt.
1033 3888 1098 3948 Pri·
1151 3883 1282 3945 tinctum
1296 3903 1373 3958 esse,
1391 3885 1461 3946 etei
1475 3886 1655 3947 successisse
1672 3887 1814 3960 alterum,
1827 3886 1892 3967 quui

331 4000 420 4043 mum
442 3983 476 4041 in
494 3978 700 4060 appellatione
726 3978 865 4039 consistit
897 3984 961 4039 tem
987 3979 1094 4058 ipsius,
1151 3979 1378 4038 estseeuudum
1397 3977 1538 4038 ordinem
1550 3978 1772 4041 Melchisedeci.
1792 3982 1892 4041 Etenim

329 4092 425 4156 quam
452 4073 592 4147 civitatis,
624 4070 738 4148 inqua
763 4070 932 4149 regnabat3
960 4072 1043 4150 quod
1066 4081 1097 4134 ct
1150 4069 1260 4130 Christi
1273 4070 1479 4132 sacerdotium
1493 4071 1694 4132 substitutum
1706 4079 1755 4133 est
1766 4071 1890 4141 Levitico,

328 4186 445 4231 nomen
458 4166 542 4226 illius
556 4181 653 4243 regem
660 4162 794 4240 justitie
807 4162 959 4240 significet
972 4183 979 4224 :
994 4169 1026 4224 et
1038 4183 1096 4225 uo·
1150 4178 1186 4222 ex
1197 4180 1234 4222 eo
1253 4163 1337 4241 quod
1354 4162 1473 4240 jurasse
1500 4163 1588 4224 Pater
1610 4164 1732 4239 dieitur,
1757 4166 1892 4226 Christum

329 4278 404 4321 men
426 4259 515 4319 urbis
538 4256 643 4331 regia,
666 4272 781 4333 pacem.
809 4255 997 4331 Secundum,
1013 4259 1097 4335 quod
1148 4256 1337 4316 sacerdotem
1350 4272 1417 4317 esse
1431 4274 1496 4316 non
1508 4275 1546 4317 ex
1560 4255 1669 4318 ordine
1689 4259 1834 4333 Levitico,
1851 4254 1893 4317 sed

327 4371 384 4413 rex
397 4352 480 4412 idem
492 4350 555 4408 cine
563 4355 660 4427 putre,
671 4345 842 4423 schemorre,
855 4349 918 4408 cine
928 4348 1097 4428 genealogia
1147 4349 1318 4409 secundum
1338 4348 1479 4409 ordinem
1501 4349 1711 4411 Melchisedec.
1736 4350 1831 4412 Ambo
1846 4349 1893 4408 itr-

327 4444 451 4506 iuerit‘¹.
477 4441 631 4503 Nimirum
650 4435 723 4516 quia
749 4446 916 4517 parentum
936 4439 1019 4500 illius
1041 4461 1097 4503 no·
1147 4460 1207 4520 que
1221 4442 1342 4503 diversa
1354 4446 1443 4513 sunt3
1458 4447 1489 4502 et
1505 4442 1576 4517 quia
1590 4443 1755 4521 posterius,
1770 4441 1846 4522 quod
1857 4448 1892 4500 est

326 4539 412 4599 mina
428 4534 588 4615 Scriptura
605 4530 801 4609 pretermisit
813 4551 821 4605 ;
833 4532 917 4611 quod
929 4533 969 4593 ud
983 4540 1095 4613 mystc·
1147 4535 1319 4595 meandum
1341 4534 1482 4594 ordinem
1516 4534 1726 4609 Melchisedec,
1755 4535 1892 4612 sempiter-

326 4631 409 4691 rium
430 4628 527 4689 trahit
551 4622 726 4704 Apostolus.
759 4623 859 4696 Quare
893 4625 955 4686 duo
990 4625 1096 4705 priora
1145 4644 1223 4686 num
1237 4633 1293 4702 est,
1309 4643 1500 4705 consequeus
1513 4634 1559 4686 est
1578 4628 1768 4688 Aaronicum
1781 4642 1892 4687 mesu·

326 4722 474 4783 vocabule
488 4729 590 4798 ἀπάτωρ
605 4721 635 4777 et
647 4721 750 4794 ἀμήτωρ
764 4734 819 4794 per
832 4723 1026 4797 postremum
1040 4738 1093 4780 ex·
1143 4717 1274 4780 blatum.
1287 4719 1435 4793 Quocirca
1448 4719 1641 4797 propositum
1655 4720 1687 4780 in
1705 4719 1761 4779 illo
1772 4718 1833 4779 loco
1844 4715 1891 4775 luit

325 4816 493 4895 plicantur,
510 4821 704 4895 ἀγενεαλόγητος
720 4813 1091 4894 :utinterpretesomnes,
1143 4812 1302 4890 Apostolo,
1315 4812 1426 4873 docere
1441 4812 1596 4872 Christum
1622 4813 1789 4873 Dominum
1806 4826 1890 4871 sacer

325 4914 357 4969 et
370 4907 534 4970 Christiani
552 4909 658 4967 Patres
680 4907 888 4979 consentiunt,
912 4905 1094 4985 Chrysosto·
1141 4903 1263 4966 dotium
1273 4923 1337 4966 esse
1349 4910 1476 4966 nactam
1485 4904 1611 4967 alterins
1624 4905 1756 4985 generis,
1767 4911 1798 4966 et
1807 4901 1889 4964 multe

359 5144 380 5183 a
399 5126 582 5188 Heh.v11,3.
606 5124 730 5197 Ἀττάτωρ,
749 5123 868 5196 ἀμήτωρ,
889 5123 1089 5196 ἀγενεαλόγητος,
1177 5124 1193 5179 ir
1213 5122 1451 5179 limentinum.
1472 5120 1543 5174 itti
1558 5121 1669 5194 ἀπάτωρ,
1689 5122 1798 5195 ἀμήτωρ,
1819 5117 1887 5173 ethi

324 5213 385 5284 μήτε
401 5209 479 5283 ἀρχὴν
501 5209 610 5281 ἡμερῶν,
625 5211 685 5281 μήτε
699 5211 763 5276 ζωῆς
780 5209 849 5270 τέλος
863 5208 938 5281 ἔχων·
957 5207 1090 5279 &peporc—
1140 5206 1169 5260 τὸ
1183 5206 1292 5279 adipeis
1302 5204 1376 5258 edidi
1387 5205 1489 5277 πατέρα,
1506 5205 1522 5272 ἢ
1537 5207 1639 5278 μητέρα,
1654 5206 1716 5259 ἀλλὰ
1730 5205 1771 5259 erl
1789 5205 1816 5258 nb
1828 5199 1885 5274 ριὴὶν

323 5297 394 5368 μένος
403 5294 429 5347 δὲ
442 5299 479 5365 τῷ
493 5292 539 5364 υἱῷ
548 5297 591 5346 τοῦ
604 5286 670 5359 θεοῦ,
685 5293 750 5365 μένει
761 5292 835 5364 ἱερεὺς
849 5290 881 5354 εἷς
894 5291 923 5345 τὸ
936 5292 1051 5359 διηνεκές.
1067 5299 1069 5302 ⁴
1138 5295 1169 5362 τῇ
1183 5289 1233 5361 θείᾳ
1243 5294 1322 5363 γραφῇ
1336 5288 1399 5344 κατὰ
1412 5288 1442 5343 ‘ch
1454 5291 1627 5360 φανερώτατον
1642 5289 1814 5361 ἐπωνομάσθαι.

353 5474 363 5516 t
392 5474 426 5518 et.
437 5485 459 5525 v,
473 5473 506 5517 u.
516 5472 567 5516 -2
580 5473 630 5519 liet.
643 5471 735 5515 vic-tt
746 5469 803 5516 liar.
816 5481 850 5515 iv.
862 5471 909 5514 -l
921 5470 989 5526 Epist.
1000 5479 1068 5513 cxxvi.
1080 5490 1107 5503 -
1120 5468 1197 5513 tant.
1208 5479 1252 5512 nv.
