4104 6160
573 256 623 316 66
642 252 944 330 6616616666,
965 253 1043 314 na.
1064 252 1119 329 vr,
1142 251 1225 314 cae.
1248 251 1317 313 vn.
1703 247 1740 307 u

150 418 282 481 dirersae
295 425 372 481 sunt
384 420 506 502 speciei,
524 438 582 483 nec
596 420 654 481 sibi
667 425 778 480 mutuo
793 417 927 479 consub·
977 435 1078 479 unum
1091 417 1206 479 animal
1220 416 1334 478 existit.
1349 416 1450 490 Quare
1472 432 1536 474 non
1561 414 1637 474 duas
1654 412 1746 474 abso-

151 512 319 585 stantialia,
335 513 389 574 sed
403 514 556 593 copulata,
572 529 668 572 unam
682 512 817 573 efficiunt
830 510 930 570 homi·
976 510 1041 571 1616
1055 517 1182 571 naturas
1192 516 1356 589 essenegat
1374 530 1380 569 :
1396 525 1507 569 verum
1521 525 1557 567 eo
1571 523 1744 585 sensn,quo

151 602 198 663 nis
214 611 364 665 naturam
378 615 404 666 ⁶.
420 632 434 659 ν
465 608 507 667 116
527 607 586 666 hac
611 604 724 665 Christi
749 622 787 664 ex
809 603 929 662 naturis
978 601 1489 675 Nestorianiduasexistimabant3
1513 616 1625 677 nempe
1644 616 1745 678 perse

150 694 273 756 duabus
297 698 463 776 compositi
488 715 558 758 cum
576 696 703 756 homine
722 714 761 756 ex
779 695 883 754 anima
899 700 929 754 et
977 696 1177 767 cohaerenles
1194 697 1260 756 sine
1275 699 1385 755 mutuo
1396 711 1479 754 nexu
1493 690 1674 766 6166166611,
1691 708 1743 751 νο-

150 803 280 865 corpore
295 788 432 848 eonilato
446 786 648 848 similitudine
662 786 926 864 antiquisusitata,
976 806 1072 867 reque
1076 787 1247 865 junctione.

143 877 211 955 jam
226 878 262 938 in
275 879 357 940 libro
372 881 476 955 tertio,
489 881 586 959 capite
600 880 721 940 decimo
736 878 882 951 diximus,
899 883 929 938 et
1018 880 1067 939 Sic
1081 879 1132 939 ille
1146 879 1234 939 locus
1249 897 1287 939 ex
1304 878 1431 959 epistola
1451 876 1490 937 ad
1503 876 1642 938 Acacium
1663 877 1746 937 idem

147 977 255 1048 postea
269 972 424 1031 nonnulla
445 978 633 1051 repetemus
650 973 755 1032 Unum
771 969 822 1031 hic
846 969 928 1030 exci-
977 990 1042 1052 prce
1055 989 1087 1032 66
1108 971 1177 1043 fert,
1206 992 1222 1028 ο
1242 971 1318 1031 duas
1338 989 1402 1031 esse
1418 976 1543 1030 naturas
1557 971 1670 1042 661166,
1693 970 1747 1030 sed

147 1061 265 1141 pimus,
279 1064 494 1124 noneamdem
505 1064 671 1143 utrobique
682 1081 746 1123 esse
760 1062 925 1135 rationem,
977 1069 1046 1142 post
1072 1063 1257 1139 unitionem,
1286 1063 1405 1123 sublata
1430 1061 1590 1135 divisione,
1622 1061 1747 1121 nonnisi

147 1155 200 1213 sed
212 1154 276 1215 hoe
291 1155 357 1215 solu
373 1156 573 1229 metiendam,
589 1156 673 1235 quod
687 1161 723 1215 ut
736 1173 775 1215 ex
785 1155 929 1215 animaet
977 1174 1073 1216 arnam
1088 1174 1153 1216 esse
1164 1162 1310 1216 naturam
1320 1154 1747 1232 inhumanati,incarnatique

147 1263 281 1325 corpure
303 1267 367 1307 uua
388 1247 423 1307 fit
436 1255 558 1321 natura,
583 1266 651 1327 qum
672 1249 925 1321 bomouocatur3
976 1248 1113 1323 Verbi;»
1133 1248 1216 1328 quod
1231 1253 1266 1307 ut
1279 1248 1401 1320 dixi,ad
1421 1246 1615 1317 divisionem,
1637 1263 1672 1306 ac
1687 1245 1748 1305 dis·

147 1337 190 1396 sic
210 1357 249 1398 ex
273 1341 337 1400 Deo
356 1339 470 1414 Verbo,
497 1351 526 1401 et
549 1340 676 1399 homine
686 1360 694 1415 ;
710 1346 842 1418 utroque
857 1358 927 1418 per·
972 1340 1168 1417 junctionem
1179 1339 1401 1401 excludendam
1415 1339 1557 1418 pertinet.
1570 1339 1604 1396 ln
1618 1337 1747 1416 epistola

146 1428 240 1506 iacto,
257 1449 343 1491 nnus
362 1431 502 1492 Christus
520 1431 635 1503 existit,
661 1431 693 1491 id
712 1436 757 1491 est
778 1450 842 1491 666
861 1449 928 1510 per·
978 1451 1112 1512 quoque,
1129 1434 1193 1505 sive
1214 1430 1444 1515 Comprouc'torz'o
1465 1429 1504 1491 ud
1524 1429 1700 1509 Eulopium,
1717 1434 1748 1489 et

148 1539 237 1581 rona.
270 1523 346 1595 Qua
367 1522 392 1582 si
419 1531 498 1583 esset
524 1543 588 1583 una
611 1529 724 1584 natura
742 1523 924 1602 composita,
976 1524 1009 1584 in
1023 1525 1149 1603 reliquis
1163 1526 1306 1603 deinceps
1320 1524 1406 1594 loeis,
1425 1542 1495 1602 quae
1507 1521 1663 1600 sigillatim
1677 1539 1746 1601 par-

148 1620 303 1675 neutrum
331 1616 459 1675 seorsim
486 1616 519 1675 in
546 1622 629 1676 recto
653 1633 728 1675 casu
755 1615 908 1676 diceretur
916 1635 924 1690 ;
977 1636 1101 1679 censere
1115 1623 1234 1679 nonest
1248 1616 1422 1697 opus,nihil
1436 1614 1510 1675 novi
1524 1619 1748 1674 commemorat

148 1711 225 1784 puta
239 1705 350 1778 homo,
361 1707 411 1767 vel
426 1709 526 1783 Deus3
543 1726 600 1768 nec
618 1726 719 1766 unum
734 1725 925 1786 componen-
977 1710 1113 1789 Cyrillus
1130 1730 1136 1769 :
1153 1711 1206 1769 sed
1218 1709 1278 1770 boc
1292 1714 1468 1769 constanter
1482 1707 1609 1772 obtinet,
1627 1712 1662 1765 ut
1680 1724 1747 1765 am-

148 1797 229 1856 tium
250 1797 380 1858 alterius
401 1817 517 1859 nomen
541 1800 715 1878 reciperet:
739 1799 817 1859 sicut
831 1800 926 1860 homo
977 1800 1026 1862 bae
1041 1808 1161 1862 uaturae
1183 1802 1351 1861 arctissime
1371 1801 1452 1860 inter
1467 1817 1498 1859 se
1513 1798 1697 1875 conjuncta,
1712 1815 1748 1858 66

148 1904 212 1946 666
237 1886 356 1947 dicitur
381 1888 497 1963 anima,
522 1889 572 1948 vel
594 1906 728 1966 eorpus:
751 1906 852 1966 neque
878 1889 927 1949 vel
979 1911 1105 1972 prorsus
1129 1894 1267 1953 indivisae
1287 1893 1360 1967 sint,
1382 1896 1591 1971 praeterquam
1613 1889 1745 1965 ratione,

146 1996 262 2056 eorpus
289 1978 395 2039 anima
421 1979 633 2047 6666166661
664 1979 770 2039 anima
804 1998 925 2059 corpus.
971 1986 1225 2063 cogitationeque
1238 1992 1344 2044 nostra
1360 2004 1367 2044 ε
1385 1990 1453 2043 tum
1476 1988 1511 2041 ut
1534 1999 1617 2041 unus
1637 1981 1749 2041 existat

149 2070 250 2142 Quare
276 2070 330 2129 illc
357 2070 420 2149 ipse
435 2071 541 2149 Gyrilli
561 2071 646 2131 locus
660 2071 699 2130 ad
713 2071 926 2131 dedocendum
977 2076 1050 2136 inde
1064 2078 1213 2145 Christus,
1225 2078 1304 2137 sicut
1317 2094 1356 2136 ex
1369 2076 1516 2135 66116661
1529 2091 1748 2150 corporeunus

150 2166 357 2239 anonymum
372 2162 494 2235 suffieit,
519 2163 553 2222 in
571 2181 632 2241 quo
647 2161 786 2222 Verbum
806 2181 944 2242 proces--
976 2170 1072 2229 homo
1098 2170 1282 2244 conticitum
1302 2187 1337 2229 66
1357 2169 1483 2227 demum
1498 2173 1532 2226 ut
1547 2166 1696 2225 naturalis
1710 2166 1748 2226 sit
1765 2230 1771 2239 ,

149 2254 223 2312 sisse
237 2253 335 2312 homo
350 2252 476 2331 legitur.
500 2254 584 2313 Num
598 2255 683 2314 enim
707 2254 849 2314 similiter
862 2254 928 2315 661-
978 2261 1156 2333 divinitatis,
1171 2260 1434 2338 humanitatisque
1455 2257 1641 2335 conjunctio.
1666 2259 1748 2330 Quo-

148 2361 213 2409 ma.
239 2363 369 2423 corpus;
401 2352 457 2404 aut
479 2364 599 2425 corpus,
616 2347 721 2406 anima
746 2347 928 2425 processisse
978 2371 1050 2412 rum
1067 2354 1209 2413 omnium
1223 2353 1336 2432 partim
1350 2351 1427 2411 ratio
1440 2350 1525 2410 estin
1536 2349 1748 2428 superioribus

148 2436 301 2496 dicetur?
316 2436 366 2496 Sic
381 2436 414 2495 16
430 2438 626 2513 eoclemloco,
644 2439 727 2517 quod
746 2438 850 2498 scribit
873 2441 929 2518 Cy·
977 2446 1106 2513 reddita,
1116 2446 1228 2523 partim
1242 2445 1274 2504 16
1284 2444 1425 2522 sequenti
1439 2443 1537 2521 capite
1549 2442 1663 2502 iterum
1677 2460 1746 2503 con-

148 2527 248 2600 rillus,
269 2550 284 2582 u
296 2546 399 2587 unum
419 2547 437 2588 a
456 2529 544 2589 nobis
566 2530 714 2609 appellari
730 2530 928 2607 unigenitum
978 2537 1086 2598 stabit:
1104 2538 1157 2597 nbi
1173 2536 1334 2598 nonnullla
1349 2534 1519 2613 generatim
1533 2533 1571 2593 ab
1582 2536 1747 2612 Anonymo

148 2618 251 2695 filium
267 2620 324 2679 Dei
340 2619 548 2695 incarnatum,
563 2628 593 2681 et
612 2621 874 2682 16166666616161
892 2645 924 2684 ε»
978 2647 1072 2707 super
1086 2630 1152 2689 istis
1167 2628 1341 2708 Cyrilliauis
1359 2625 1518 2686 sententiis
1534 2625 1749 2684 animadversa

149 2710 183 2770 id
197 2710 301 2790 ipsum
323 2710 541 2790 interpretans,
566 2714 610 2773 ait
639 2732 762 2774 <tunam
786 2732 851 2775 esse
874 2715 928 2776 fibi
978 2721 1175 2799 complectar,
1203 2720 1236 2780 in
1263 2719 1374 2798 quibus
1397 2717 1592 2796 singulorum
1608 2715 1748 2776 locorum

149 2809 311 2875 naturam,
330 2802 382 2862 sed
409 2805 599 2864 incarnatam
622 2814 675 2864 ⁰.»
702 2806 807 2885 ltaque
831 2805 928 2867 nihilo
978 2812 1025 2872 vis
1040 2812 1157 2873 inclusa
1171 2812 1354 2873 continetur.

150 2893 251 2969 magis
275 2894 336 2953 boc
370 2895 522 2973 posterius
557 2896 637 2955 male
667 2896 857 2975 suspicacem
891 2899 929 2959 de

10 3018 122 3063 m
151 2984 261 3062 Cyrilli
288 2991 418 3065 ορθοδοξ1ᾳ
444 2986 542 3047 iacere
577 2987 683 3047 debuit
704 2989 927 3068 Anonymum,

151 3094 249 3155 quam
264 3076 353 3155 prius
376 3077 466 3154 illud,
499 3079 730 3157 «Unigenitum
756 3079 855 3141 filium
876 3083 929 3142 liei

151 3167 401 3242 incarnatum3u
428 3170 517 3248 cujus
543 3170 652 3231 eadem
679 3171 725 3230 vis
753 3177 809 3249 est,
837 3179 928 3253 atque

152 3259 231 3337 cius,
248 3260 335 3338 quod
346 3261 482 3321 loannes
497 3261 627 3341 scripsit,
648 3260 768 3323 Verbum
785 3283 852 3324 caro
864 3265 930 3343 fuc-

26 3374 114 3425 um
155 3359 218 3411 tum
231 3357 296 3427 0³13
314 3354 471 3430 utnugari
488 3355 608 3415 desinat
622 3362 635 3415 t
650 3363 802 3435 δυσώνυμος,
822 3361 853 3416 61
869 3357 927 3436 Cy·

31 3429 110 3525 '¹5⁶2'
153 3444 259 3504 rillum
273 3444 431 3520 allatrare,
447 3451 597 3524 tanquam
610 3446 662 3505 illa
683 3447 766 3507 edita
777 3450 928 3509 sententia

153 3535 375 3615 inexpiabilem
390 3536 448 3597 sibi
462 3538 617 3598 maculam
638 3539 839 3618 Eutychiana
863 3541 927 3601 hae·

153 3629 229 3689 roais
239 3629 399 3689 16666661.

192 3721 398 3782 1111166166
412 3721 496 3782 locus
504 3722 613 3801 Cyrilli
622 3721 702 3782 nihil
715 3722 810 3784 habet
822 3726 927 3803 preaci-

153 3829 224 3889 puae
236 3812 437 3887 difficultatis,
445 3817 475 3872 et
489 3831 629 3892 exsupra
643 3814 732 3874 dictis
744 3815 923 3893 explicatur.

153 3903 237 3963 Nihil
249 3903 295 3963 ibi
314 3905 475 3965 contendit
494 3905 578 3966 aliud
599 3905 741 3984 Gyrillus,
770 3906 830 3967 nisi
850 3909 928 3969 duas

153 3999 282 4055 naturas
296 3994 507 4072 subsistentes,
521 4014 557 4057 66
568 3999 695 4058 seorsim
706 3999 828 4077 positas,
843 4002 928 4078 peni·

152 4092 266 4165 tuaque
289 4087 404 4147 diuisas
431 4094 501 4166 post
524 4089 709 4159 unitionem,
737 4108 800 4151 non
828 4092 927 4154 inesse

154 4178 302 4239 Christo:
333 4179 414 4258 quod
442 4180 616 4266 Nestoriani
638 4181 828 4259 pugnabant.
856 4185 926 4245 ldeo

153 4270 490 4347 trecentorumque
514 4273 584 4332 duae
604 4271 784 4351 simpliciter
806 4281 925 4337 naturae

153 4361 309 4436 dieantur,
325 4363 386 4423 hoc
400 4369 446 4423 est
466 4363 637 4442 dirempta,
664 4383 700 4425 ac
719 4364 844 4441 solutae,
870 4388 926 4429 nee

155 4455 291 4532 proprie,
307 4473 343 4514 ac
355 4472 412 4533 per
426 4472 459 4515 se
471 4454 504 4513 in
519 4472 618 4515 66616
631 4456 929 4537 redactae,quemad-

154 4545 286 4606 modum
310 4545 367 4606 6161
392 4547 494 4606 anima
519 4552 550 4607 et
576 4564 687 4626 corpus
713 4553 832 4609 naturae
859 4552 929 4612 duae

155 4637 229 4710 sint,
245 4637 504 4716 postquaminter
516 4656 547 4699 se
562 4638 742 4699 consociatur
758 4647 831 4700 sunt
840 4661 848 4717 ;
864 4661 928 4703 non

155 4733 230 4788 sunt
242 4730 379 4809 amplius
392 4730 509 4799 divise,
523 4749 558 4791 ac
570 4729 730 4808 disjuncta
742 4753 750 4806 3
770 4734 822 4793 sed
842 4752 880 4795 ex
893 4736 929 4796 iis

190 4962 213 5001 a
231 4947 342 5003 (3111111.
358 4947 471 5004 111111.οὖ
485 4950 532 5023 γὰρ
545 4948 584 5005 ea
599 4954 680 5024 μόνων
696 4960 746 5007 τῶν
761 4954 847 5008 ἁπλῶν
860 4954 924 5008 κατὰ
1010 4957 1026 5012 b
1045 4957 1155 5012 6111111..
1174 4956 1241 5012 ibid.
1262 4956 1292 5010 Et
1307 4955 1354 5028 γὰρ
1368 4958 1408 5010 καὶ
1423 4950 1458 5020 εἶς
1477 4957 1577 5028 λέγοιτο
1598 4956 1659 5028 πρὸς
1672 4954 1743 5028 ἡμῶν

153 5031 237 5100 φύειν,
254 5032 283 5084 ab
306 5032 332 5083 ἓν
348 5030 444 5099 ἀληθῶς
470 5034 577 5103 λέγεται,
598 5036 717 5090 ἀλλὰκαὶ
732 5035 770 5090 ἐπὶ
793 5043 842 5090 τῶν
861 5036 924 5090 κατὰ
973 5039 1131 5112 ὁμονογενὴς
1151 5040 1203 5100 υἱὸς
1219 5045 1262 5093 τοῦ
1279 5040 1335 5093 θεοῦ
1352 5041 1547 5113 οεοαρκωμένος,
1562 5040 1602 5092 καὶ
1626 5038 1745 5111 inanipu-

153 5114 265 5179 «tusas
279 5115 447 5185 συνηγμένων.
471 5113 556 5167 ὁποῖόν
578 5136 602 5170 τι
622 5121 708 5192 χρῆμά
727 5118 791 5173 ἔστιν
805 5120 820 5173 ὁ
834 5119 925 5192 luipo>-
972 5125 1060 5190 πήοας.

153 5215 211 5259 aaz,
239 5197 253 5248 ὁ
277 5193 396 5268 ἔοιψνχῆς
412 5197 454 5248 καὶ
475 5197 599 5268 σώματος.
622 5201 741 5273 {reposcit
761 5203 804 5275 μὲν
825 5203 872 5274 γὰρ
893 5202 925 5256 τὰ
1008 5204 1110 5260 elbid.
1131 5206 1197 5259 Μίαν
1207 5204 1264 5278 ἡμῖν
1275 5204 1362 5268 ἔδειξεν
1376 5204 1430 5259 υἱοῦ
1444 5205 1523 5277 φύσιν·
1539 5203 1613 5271 πλὴν,
1629 5204 1663 5266 ὣς
1672 5203 1741 5273 ἔφην,

154 5283 266 5342 τοιαῦτα,
284 5279 326 5332 ml
348 5278 468 5345 ἀλλήλοις
482 5278 530 5352 οὔχ
544 5280 672 5352 ὁμοοῦονα,
688 5285 806 5341 {unitura
827 5305 856 5358 γε
875 5285 923 5357 μὴν
972 5289 1168 5361 acceptumve.

154 5362 215 5431 μῐαν
229 5360 355 5431 ἀνθρώπου
368 5361 439 5431 φύσιν
454 5360 613 5417 ἀπετέλεσαν.
1043 5394 1046 5397 -
