3936 6152
489 361 540 422 br
560 356 864 433 retentabatur,
887 356 959 419 LlB.
981 354 1049 426 XIl,
1076 357 1159 419 CAP.
1183 360 1209 419 Ι.
1576 350 1635 413 503

70 527 174 603 mbigit
193 546 201 587 ε
219 526 338 587 «Vides
359 527 624 607 quemadmodum
639 525 743 605 ipsum
762 524 819 584 bo-
872 525 962 585 «Sed
985 530 1016 585 et
1038 526 1140 604 ipsum
1163 528 1287 604 quoque
1310 540 1427 584 noman
1447 518 1635 593 mediatoris,

70 621 174 682 minem
193 637 256 680 esse
276 619 421 693 dederat,
436 637 501 680 non
520 623 626 679 tamen
645 617 767 678 undum
784 632 820 677 aa
869 616 1038 678 divinitatis
1064 618 1120 694 lbi,
1140 624 1171 679 et
1198 615 1401 678 humanitatis
1427 610 1638 692 exprimendas

70 713 237 792 simplicem.
253 713 332 774 Nam
346 713 430 792 quod
444 712 510 787 bei,
528 718 559 772 οῖ
575 712 740 771 bominum
758 726 821 769 me·
870 710 932 769 vim
949 711 1054 772 habet.
1080 712 1148 772 Nan
1172 711 1256 772 enim
1268 716 1418 788 tauquam
1441 708 1521 767 bens
1537 704 1637 765 solum

71 806 160 866 diator
190 804 321 881 dieitur,
356 805 425 866 ideo
459 804 591 878 dicitur,
625 803 708 882 quod
741 801 821 861 inter
870 804 1002 863 existens
1022 805 1173 864 mediator
1195 809 1241 863 est
1261 803 1368 862 dietus,
1388 802 1466 861 Nam
1481 796 1637 877 quomodo

70 902 220 975 utramque
237 903 357 977 partem
373 896 525 957 mediator
545 901 590 956 est
603 895 685 975 apud
700 894 821 954 Patrem
871 896 1213 971 mediatorisiuternos‚
1223 901 1253 955 et
1263 896 1361 955 Deum
1371 889 1636 972 partesimpleret‚

70 1007 150 1050 suum
162 990 197 1061 is,
211 989 266 1068 qui
284 995 397 1050 natura
419 990 500 1050 Deus
522 994 577 1061 est,
594 1004 761 1065 germanus
782 984 821 1044 ab
871 987 950 1047 nihil
968 987 1085 1048 habeus
1108 986 1269 1048 nostrum?
1295 987 1413 1045 Verum
1440 982 1590 1061 quoniam
1608 986 1640 1041 et

70 1082 115 1142 illo
125 1082 243 1160 genitus
260 1101 266 1140 :
283 1082 322 1142 ad
341 1082 482 1142 homines
497 1098 590 1160 porro
610 1081 635 1139 si
658 1078 820 1153 referatur,
871 1101 934 1161 qua
948 1083 1093 1155 Derisest,
1108 1080 1381 1159 Patrieonjunotus
1393 1075 1638 1138 osteademeum

69 1174 204 1235 naturalis
218 1180 264 1235 est
285 1175 392 1247 borno,
409 1181 440 1234 et
463 1192 502 1233 ex
525 1172 621 1233 Maria
641 1188 819 1249 germanus,
871 1175 924 1234 illo
938 1178 1087 1253 potestate
1106 1173 1273 1252 preditus:
1292 1178 1323 1232 et
1340 1178 1376 1231 ut
1394 1170 1490 1230 homo
1505 1172 1560 1238 est,
1581 1184 1638 1225 no·

69 1266 478 1344 sinevirilisemiuegeuitus.
491 1267 535 1326 ltu
546 1264 661 1343 qnippe
671 1263 823 1323 mediator
870 1267 990 1327 biseum
1003 1266 1135 1326 sociatur
1149 1284 1156 1324 t
1173 1264 1325 1344 siquidem
1339 1262 1417 1323 servi
1430 1261 1562 1320 formam
1577 1276 1640 1318 sus·

70 1357 823 1434 estDebethominum‚homoiactus‚nonuat11ra
872 1359 955 1438 repit
974 1376 1012 1418 ex
1025 1356 1115 1416 nobis
1135 1376 1141 1416 :
1161 1358 1273 1417 merito
1292 1355 1444 1414 mediator
1462 1352 1640 1412 nominatus

69 1470 222 1515 conversus
246 1471 254 1511 ε
282 1451 335 1511 sed
367 1450 537 1511 seeundum
559 1455 724 1527 tetramque
750 1445 822 1506 sub·
873 1456 929 1524 est,
945 1450 1183 1528 conjungeusin
1197 1450 1296 1529 seipso
1310 1446 1540 1525 quaedisjuneta
1554 1449 1638 1517 sunt,

71 1546 202 1608 sentiam
216 1542 605 1605 mediatornmhornme»
873 1543 1012 1603 unitione
1050 1548 1248 1615 naturarum,
1285 1540 1397 1600 divinae
1430 1537 1641 1609 videlieet,et

13 1706 16 1715 ,
103 1638 332 1718 chrysostomus
351 1635 462 1696 item
453 1654 487 1694 111
507 1633 643 1713 priorem
661 1631 701 1693 od
728 1630 824 1691 Tamo
873 1636 1051 1696 humanm
1067 1656 1082 1692 ν

70 1729 182 1792 ῖίῖθοοιε
207 1729 405 1801 «Mediator,
432 1727 544 1805 inquit,
573 1743 646 1786 etim
673 1722 824 1784 ambobus
913 1730 1049 1789 ,loannes
1093 1726 1332 1804 Chrysostomus
1375 1724 1457 1802 apud
1492 1703 1641 1783 eumdem

70 1840 219 1884 mmmnne
234 1820 353 1900 aliquid
366 1818 481 1879 habere
495 1817 597 1891 debet,
611 1833 746 1896 quorum
760 1833 824 1875 me·
874 1821 1047 1881 Theodorei
1035 1826 1103 1879 tum
1117 1818 1150 1878 in
1163 1816 1284 1895 dialogo
1302 1814 1642 1889 seeundo,exhom1ha

69 1918 155 1975 diator
174 1920 230 1975 θεῖ.
257 1912 347 1987 Quod
368 1911 394 1971 si
421 1929 520 1970 tiniam
542 1909 668 1988 quidem
696 1907 823 1987 propin·
874 1913 1008 1991 quadam
1042 1912 1080 1972 de
1113 1910 1250 1972 Mattbaei
1275 1908 1460 1986 Euangeliou
1489 1908 1642 1968 sententia

69 2009 171 2087 quitate
192 2006 364 2082 contingat,
393 2002 432 2063 ab
451 2002 548 2063 altero
565 2018 639 2061 vero
662 2000 825 2060 distraetus
874 2004 1006 2082 eleganti
1025 2003 1225 2063 similitudine
1245 2001 1398 2063 nataralia
1420 1999 1590 2061 meditatorio
1607 2001 1642 2061 iu

68 2101 109 2172 sit,
123 2097 259 2177 neniam
271 2095 493 2168 mediatorem,
510 2100 567 2154 ete.
588 2094 667 2153 Nam
681 2091 755 2170 quia
768 2108 824 2151 ua·
875 2097 994 2156 Christo
1013 2095 1220 2155 conditionem
1243 2093 1385 2173 explieat.
1406 2094 1641 2165 «Quemadmo-

68 2197 195 2251 lurarum
220 2190 357 2250 duarum
380 2187 501 2246 medius
524 2186 649 2253 exstitit,
675 2182 825 2244 ambabus
874 2190 951 2249 daun
965 2187 1084 2265 siquis,
1102 2187 1155 2255 ait,
1171 2187 1204 2245 in
1226 2185 1329 2245 medio
1352 2185 1448 2264 spatio
1465 2191 1548 2246 stans
1561 2186 1643 2246 inter

69 2282 172 2343 naturis
183 2281 381 2360 propinquus
395 2295 458 2338 ease
472 2277 574 2338 debet·
590 2277 631 2337 Ui
644 2277 727 2336 anim
742 2275 825 2353 quod
875 2282 953 2341 duos
967 2297 985 2339 a
999 2297 1030 2339 se
1044 2284 1154 2339 mutuo
1168 2278 1326 2354 distantes,
1337 2277 1487 2337 ambabus
1501 2281 1643 2357 expansis

69 2374 118 2435 loei
130 2374 301 2453 cujuspiam
316 2370 454 2430 medium
469 2375 514 2429 est
528 2370 652 2446 utrique
667 2367 727 2426 loe-i
746 2365 826 2444 parti
875 2372 1038 2445 maninus,
1066 2371 1223 2449 utrimque
1244 2370 1452 2449 apprehensos
1475 2369 1545 2431 illos
1569 2388 1643 2431 eon·

69 2467 234 2545 monimum
257 2465 298 2525 sit
315 2467 437 2542 oportet
453 2481 460 2521 :
477 2462 520 2521 ita
541 2461 624 2539 quod
644 2465 826 2519 naturarum
871 2464 1011 2543 junxerit
1028 2464 1093 2524 :ita
1115 2470 1145 2524 et
1163 2462 1215 2523 ille
1228 2462 1309 2537 feeit,
1326 2479 1398 2523 earm
1418 2469 1552 2523 etvetus
1570 2464 1643 2523 Tes-

69 2558 193 2619 medium
217 2562 278 2630 est,
298 2554 450 2615 ambabus
473 2552 593 2613 naturis
614 2551 826 2631 propinquum
875 2561 1128 2616 tementumeum
1136 2555 1644 2627 Novo‚etdiviuamonmhumana

70 2656 176 2729 oportet
209 2667 288 2711 esse.
321 2645 590 2721 Quemadmodum
622 2661 695 2723 ergo
731 2642 826 2702 bomo
876 2653 1033 2724 naturam,
1053 2654 1084 2708 et
1109 2664 1181 2708 eum
1208 2646 1270 2707 suis
1295 2652 1401 2707 nostra
1422 2647 1640 2727 copulativa

69 2741 152 2803 betas
165 2747 226 2816 est3
252 2741 296 2802 sie
313 2745 380 2799 erat
399 2743 431 2800 et
454 2739 545 2798 Deus.
561 2738 658 2796 Porro
677 2734 828 2794 mediator
877 2741 975 2814 Quem
1009 2739 1113 2799 locum
1139 2739 1276 2799 imitatus
1301 2745 1347 2799 est
1376 2739 1587 2799 'theodoretus
1612 2740 1645 2799 in

70 2834 152 2895 homo
173 2852 239 2895 esse
262 2850 326 2893 nou
349 2831 460 2911 potuit.
483 2828 644 2907 Siquidem
668 2844 741 2886 eum
763 2828 827 2887 Deo
877 2831 1099 2892 commentario
1114 2831 1152 2891 ad
1167 2835 1259 2908 eaput
1281 2847 1305 2889 11
1325 2829 1462 2908 epistolae
1482 2831 1594 2909 prioris
1607 2830 1648 2891 od

71 2926 297 3006 obloquendum
318 2929 394 2985 erat.
420 2923 480 2983 Sed
506 2938 606 3000 neque
626 2921 706 2981 Deus
727 2919 829 2997 potuit
881 2923 1072 2991 Timotheum,
1089 2921 1144 2983 ubi
1157 2921 1252 2982 rerba
1264 2921 1316 2981 illa
1331 2921 1419 2983 Pauli
1429 2921 1468 2981 de
1479 2922 1645 2984 Mediatore

72 3036 126 3078 esse
147 3018 313 3080 mediator.
340 3017 410 3076 Non
433 3015 518 3075 enim
544 3017 685 3091 receptus
704 3011 743 3071 ab
768 3010 829 3071 illis
877 3015 1018 3094 explieat.

71 3110 146 3179 forat,
161 3127 298 3190 quorum
312 3108 464 3169 mediator
477 3105 612 3169 essert.»
919 3107 1004 3167 ldem
1024 3106 1263 3186 Chrysostomus
1284 3106 1316 3167 in
1334 3103 1463 3167 bomilia
1482 3105 1518 3166 de
1536 3106 1645 3167 Ascen-

7 3212 53 3258 νεῖ
105 3203 178 3264 xlv.
210 3200 424 3263 Theodoretus
458 3200 492 3260 in
518 3197 640 3274 dialogo
677 3197 827 3271 metendo,
877 3202 958 3259 stone
971 3198 1087 3259 Christi
1093 3199 1230 3266 :nSicut
1241 3198 1362 3259 duobus
1371 3199 1495 3259 interae
1514 3198 1647 3260 eonilata

7 3304 49 3346 aaa.
73 3295 143 3355 roais
154 3299 197 3358 τοῦ
212 3302 314 3376 μεσίτου
331 3293 394 3352 vim
415 3291 517 3352 eidem
538 3287 684 3349 adscribit
696 3289 827 3361 notioni,
878 3309 981 3370 pugna
1001 3291 1230 3367 dissidentibus,
1246 3291 1302 3367 ait,
1318 3290 1395 3351 alius
1416 3291 1568 3371 quispiam
1584 3310 1648 3352 me-

73 3405 106 3446 ex
116 3406 207 3468 eaque
221 3393 351 3447 naturas
365 3383 480 3444 Christi
500 3383 577 3442 duas
596 3381 744 3441 adversus
763 3380 828 3441 hae-
879 3384 948 3443 dius
974 3384 1182 3444 interveniens
1214 3383 1483 3455 contendentium,
1508 3401 1647 3462 pugnam

72 3479 171 3540 ratitos
186 3477 363 3540 confirmat.
378 3476 457 3536 Nam
475 3473 601 3553 prolatis
612 3473 673 3532 illis
693 3472 831 3551 Apostoli
880 3475 1007 3547 dirimit,
1028 3480 1059 3534 et
1080 3475 1263 3535 discordiam
1281 3494 1288 3533 :
1305 3474 1347 3535 ita
1369 3474 1430 3549 agit
1452 3481 1483 3535 et
1497 3476 1645 3537 Christus.

72 3571 161 3631 verbis
181 3569 287 3633 :Unus
313 3570 400 3639 Deua,
416 3576 444 3626 et
465 3584 540 3626 anm
556 3563 702 3625 mediator
726 3562 784 3624 Dei
804 3570 831 3624 et
880 3567 1071 3627 Irascebatur
1091 3566 1181 3626 nobis
1206 3574 1355 3645 tanquam
1376 3568 1455 3627 Deus
1479 3585 1560 3629 :uos
1582 3568 1648 3645 ejus

72 3660 210 3724 laninam
232 3661 316 3722 bomo
342 3658 479 3722 Christus
503 3658 608 3732 deses,
630 3660 683 3737 qai
705 3657 832 3737 seipsam
882 3658 1157 3719 contemnebamus
1167 3659 1259 3735 iram,
1276 3658 1460 3721 elementem
1474 3667 1649 3738 aversantes

70 3752 140 3816 dedit
155 3754 380 3836 redetnpttonem
391 3770 446 3833 pro
459 3747 624 3824 omae'bas¹,·
637 3748 807 3809 itadisserit
823 3767 830 3806 :
882 3750 1058 3811 dominum.
1080 3753 1188 3831 ltaque
1207 3750 1324 3812 nedum
1346 3769 1378 3813 aa
1396 3752 1535 3815 Christus
1548 3753 1647 3813 iuter-

99 3958 119 3995 a
134 3942 229 3998 Errare.
251 3943 360 3995 Aeeor.
383 3951 463 3991 1111111.
481 3933 526 3989 dl.
550 3932 627 4005 Ὀροῖς
646 3932 680 3994 ὡς
701 3932 828 4004 ἄνθρωπον
881 3934 976 4007 ἐγένετο
993 3937 1100 4008 μεσίτης.
1116 3937 1164 3991 tta
1177 3938 1226 4010 γὰρ
1239 3940 1280 3991 καί
1297 3944 1334 4010 τῷ
1350 3938 1397 4010 θεῷ
1415 3939 1579 4010 διαλέγεσθαι.
1595 3939 1648 4001 tet<

71 4022 134 4077 τίτον
147 4024 298 4094 ἀπεφήνατο,
313 4018 370 4072 ἀλλ’
383 4017 412 4072 ob
431 4018 511 4089 ψιλόν.
531 4017 560 4069 τί)
580 4015 627 4088 γὰρ
650 4013 749 4088 μεσίτης
762 4016 827 4080 θεοῦ,
879 4017 923 4071 οὖν
936 4021 965 4072 ἂν
981 4017 1076 4091 ἐγένετο
1096 4020 1203 4091 μεσίτης.
1223 4020 1251 4073 οὗ
1273 4021 1320 4093 γὰρ
1339 4024 1369 4074 ἂν
1384 4018 1496 4085 ἐδέξαντο
1513 4021 1586 4076 αὐτὸν
1609 4017 1649 4084 οἷς

69 4108 104 4159 xa
115 4108 258 4179 ἀνθρώπων,
274 4101 356 4170 ἐπειδὴ
371 4103 423 4165 τοῖς
444 4099 564 4170 ἑκατέροις
586 4097 702 4171 pantania
716 4098 776 4170 προς
787 4098 829 4151 τὀν
880 4099 1043 4174 ἐμεσίτευσεν.

70 4192 153 4261 ποτέρα
165 4191 240 4244 wirot
249 4188 303 4248 θεὸς
314 4189 349 4239 ὢν
363 4184 431 4256 φύσει
441 4185 540 4255 γνήσιος
552 4183 721 4254 γεγενημένος·
734 4182 794 4253 πρὸς
803 4180 829 4235 δὲ
915 4200 930 4240 ο·
948 4186 1122 4241 Turononur.
1133 4192 1199 4242 torn.
1209 4188 1255 4244 lv.
1276 4188 1322 4242 Καὶ
1337 4187 1397 4242 αὐτὸ
1407 4188 1435 4241 δέ
1446 4207 1474 4260 γε
1487 4192 1531 4241 τοῦ
1547 4188 1648 4259 μεσίτου

69 4274 281 4345 metiamur,
296 4270 422 4341 ἅνθρωπος
435 4266 533 4338 φυσικὸς
547 4265 654 4337 γεγονὼς
675 4264 700 4319 lt
721 4265 828 4337 Μαρίας,
879 4268 908 4322 το
923 4268 1003 4341 ὄνομα
1023 4270 1136 4338 θεότητος
1160 4265 1260 4325 ἐνταῦθα
1283 4270 1324 4324 καί
1345 4269 1531 4342 ἆνθρονπότητος
1543 4270 1648 4344 ὑπάρχοι

70 4358 120 4429 Βίχσ
131 4359 270 4429 στίρματσς
279 4353 367 4424 ἀνδρὸς
380 4350 549 4423 γεγενημένος.
561 4348 679 4420 οὕτωγάρ
695 4347 745 4403 ἐστι
760 4349 827 4419 μεσί-
879 4352 1025 4419 delatrata.
1043 4352 1071 4406 οίν
1085 4354 1132 4426 γὰρ
1149 4356 1224 4426 μόνον
1237 4354 1354 4427 ὑπάρχων
1366 4354 1420 4415 θεὸς
1434 4352 1522 4421 ἐκλήθη
1538 4354 1646 4425 μεσίτης.

69 4457 106 4507 ‘tt
116 4434 178 4503 ⁰1⁰3,
192 4440 234 4493 ml
243 4437 389 4508 ἀνθρώπων,
404 4434 456 4494 θεὸς
470 4435 506 4485 ὢν
520 4432 561 4484 καί
574 4432 699 4503 ἅνθρωπος
710 4432 827 4504 γεγονὼς·
878 4440 932 4496 πῶς
942 4434 990 4507 γὰρ
1005 4437 1033 4488 ἂν
1051 4435 1201 4507 ἐμεσίτευσεν
1220 4436 1288 4509 ἡμῖν,
1303 4436 1344 4490 καί
1357 4437 1405 4507 θεῷ
1421 4436 1494 4509 μηδέν
1509 4436 1574 4509 έχων
1588 4436 1648 4508 ἠμί·

70 4521 195 4594 absentati<
207 4521 252 4589 rba
268 4517 347 4591 φύσιν,
362 4515 427 4569 ἀλλὰ
440 4514 503 4569 κατὰ
519 4513 621 4586 ἑκάτερα
631 4516 692 4585 πρὸς
706 4513 737 4567 τὰ
751 4513 829 4586 ἀμφί·
879 4535 965 4587 τερονς
985 4515 1036 4570 ἐπεὶ
1056 4518 1082 4571 at
1098 4519 1132 4581 ὡς
1155 4520 1207 4581 tete
1226 4524 1345 4587 συνῆπται
1360 4526 1396 4574 τῶ
1418 4520 1491 4591 πατρὶ
1513 4519 1557 4586 τὴν
1572 4518 1646 4588 αὐτὴν

70 4605 272 4678 τεραμεοιτείων.
879 4598 944 4671 έχων
966 4598 1085 4666 ἐξουσίαν,
1108 4603 1142 4664 ὡς
1161 4603 1188 4656 δὲ
1208 4603 1349 4676 ἄνθρωπος,
1371 4603 1440 4675 ἡμῖν·
1464 4601 1488 4664 ἐξ
1513 4603 1584 4673 ἡμῶν
1598 4602 1646 4675 γὰρ

101 4689 282 4744 bCenrsosr.
298 4684 373 4739 bom.
389 4698 426 4737 111
444 4681 495 4736 inl
512 4680 553 4736 ad
572 4682 643 4734 Tim.
670 4678 742 4733 ‘att
759 4678 828 4751 μεσί-
879 4681 951 4736 ἐλαὸε
967 4683 1011 4751 τὴν
1027 4689 1069 4737 τοῦ
1091 4686 1180 4739 δούλου
1206 4686 1309 4759 μορφὴν,
1324 4686 1422 4749 etitem
1435 4686 1533 4756 μεσίτης
1548 4685 1646 4758 diripe·

71 4788 108 4837 της
121 4771 208 4841 ὀφείλει
229 4769 376 4841 ἀμφοτέροις
395 4770 530 4818 κοινωνεῖν.
553 4762 594 4816 ἐὰν
613 4763 640 4817 δὲ
660 4767 704 4817 τοῦ
720 4760 762 4834 μέν
777 4761 830 4825 ἑνὸς
879 4768 1088 4829 maeotidarum
1108 4766 1132 4821 ἐν
1153 4767 1233 4823 taurii
1256 4768 1287 4823 τὰ
1305 4772 1475 4835 διεστῶτατῆ
1491 4767 1575 4823 ένιίνσει
1595 4775 1644 4824 τῶν

71 4852 158 4926 ἔρηται,
172 4852 257 4908 τοῦδέ
276 4851 327 4914 labe
348 4843 613 4921 ἀπευχοινισμένοςῇ,
635 4846 716 4901 οὐκέτι
731 4847 829 4918 μεσίτης
879 4849 984 4919 φυσεων,
998 4850 1113 4917 ded-qao<
1124 4852 1200 4923 λέγω
1216 4854 1258 4905 καί
1271 4851 1466 4924 ἀνθρωτότητος.

72 4933 139 5005 ἐστίν,
153 4944 207 4993 ete
915 4932 1054 4988 anurs.
1070 4934 1144 5004 apud
1159 4934 1264 4990 'l'.beod
1285 4937 1331 4988 al
1341 4936 1447 5008 καθάπερ
1459 4956 1494 4998 τις
1504 4934 1529 4989 έν
1545 4954 1646 5009 μεταιχ-

106 5020 260 5092 Ενττιδὴγίιρ
270 5019 315 5071 beo
328 5016 423 5088 φύσεων
438 5013 627 5086 μέσοςγίγονεν,
643 5010 713 5084 ἐγγυς
726 5018 776 5065 των
785 5011 829 5064 δυο
881 5013 930 5086 μίῳ
944 5015 1003 5078 στὰς
1025 5016 1069 5070 δύο
1090 5023 1163 5071 τινων
1182 5018 1297 5086 ἀλλήλων
1306 5019 1479 5086 διεστηκότων
1502 5018 1576 5090 ἄμφω
1555 5021 1646 5091 ωτέρσς

72 5102 155 5172 φέσευω
170 5095 280 5157 aaut
256 5121 267 5155 ε
280 5120 319 5154 ναι
329 5103 377 5154 δεῖ
391 5100 474 5170 ὥσπερ
487 5096 653 5168 γὰρτὸτόπου
667 5094 731 5156 τινος
743 5095 827 5165 μέσον,
879 5097 996 5159 driuson<
1008 5099 1051 5161 τὰς
1065 5103 1158 5173 χεῖρας,
1177 5101 1321 5174 ἑκατέρωθεν
1334 5102 1417 5155 tudier
1431 5104 1565 5175 συνάψειεν·
1580 5104 1646 5157 οὕτω

73 5182 182 5257 ίιατέρων
194 5184 246 5239 raa
259 5185 397 5239 τῶντίπων
413 5180 493 5252 ἐγγύς
508 5179 620 5233 ουτωκαί
633 5178 703 5232 το
672 5196 722 5231 των
736 5178 829 5248 φύσεων
878 5182 919 5234 καί
934 5179 979 5234 αὐτ
980 5180 1124 5249 tetroque,
1140 5183 1183 5252 τὴν
1198 5184 1304 5238 παλαιὰν
1320 5190 1433 5259 τῇνιατνῇ
1447 5188 1587 5253 συνάπτων,
1602 5186 1645 5254 τὴν

73 5206 182 5335 μίοοέ,ων
166 5268 284 5340 ἑκατέρων
299 5259 428 5338 ὀφείλειί
406 5284 416 5318 ε
429 5283 468 5317 ναι
486 5263 579 5335 φύσεων
596 5260 675 5333 ἐγγύς.
690 5254 814 5361 ὢνπαρ’
787 5278 829 5313 ουν
879 5264 983 5317 τίαν
955 5284 1024 5336 φυσιν
1037 5271 1067 5338 τῇ
1080 5266 1123 5319 ἀνθ
1110 5266 1227 5341 θρωπίνῃ,
1241 5267 1311 5322 τίν’
1287 5273 1359 5323 αυτοῦ
1373 5271 1425 5331 τοις
1437 5270 1572 5342 ἡμετέροις

74 5350 188 5422 ἅνθρωπος
204 5352 312 5422 γέγονεν,
332 5348 398 5401 οὕτω
418 5348 458 5400 καὶ
478 5342 583 5414 babela.
605 5342 787 5416 ἅνθρωποςοῦκ
800 5344 830 5396 ἂν

100 5521 174 5565 ittet.
187 5519 244 5572 τεο.
