4076 6180
359 340 420 408 tto
864 329 1192 408 tenetentoondti
1213 336 1442 411 poenituit.

360 518 391 571 et
408 524 487 590 qnos
507 513 634 587 possunt
656 506 815 589 decipiunt
837 507 1037 571 similitudino
1059 506 1127 586 ipss
1174 505 1322 585 episeopis
1357 508 1511 588 trigiam
1540 524 1676 593 qnorum
1709 514 1847 595 princeps
1874 512 1921 579 init

359 602 538 672 verborum,
566 618 602 661 uc
619 600 843 660 sententiarum
856 618 864 675 ;
879 615 1000 673 rerum,
1026 602 1061 657 nt
1081 601 1127 657 est
1174 594 1324 658 Leontius
1339 600 1524 663 Arelatensis
1550 604 1722 683 episeopus.
1745 607 1921 667 Assernutst

360 693 558 772 illorum,qni
572 693 610 752 iis
620 690 803 762 abitiantur,
812 690 996 764 intellectus,
1012 695 1041 748 et
1054 704 1125 748 sen·
1174 687 1346 750 liemarus
1367 693 1561 770 Viennensis,
1580 714 1618 756 ao
1639 697 1853 776 Lugdunensis
1874 699 1920 760 Pr

358 802 421 859 sus,
443 802 569 864 prorsus
589 798 727 843 errorem
751 783 876 861 sapiant
899 781 1061 842 catholice
1081 797 1126 840 sa·
1172 776 1274 839 tiens:
1290 787 1358 842 tum
1374 783 1504 847 Faustus
1517 788 1671 863 liciensis3
1691 790 1744 868 qtti
1762 789 1921 850 nonsoluns

357 876 512 938 lubritatis
527 875 703 936 inimicum.
714 876 757 935 Ac
772 874 880 953 siquis
901 891 992 933 nosse
1007 872 1123 951 cupiat,
1173 886 1248 930 enm
1260 872 1468 938 celebraretur
1482 879 1632 958 synodus,
1647 897 1684 941 ec
1697 880 1736 940 de
1746 881 1921 942 Lueidoeon·

357 968 536 1049 quaesiuerit
554 964 754 1047 antiquorum
779 964 1124 1026 Prodesiinatianorum
1172 960 1349 1026 demnendo
1363 975 1479 1046 ageret,
1494 970 1614 1032 adesam
1629 971 1750 1050 scripsit
1758 973 1918 1051 opaeum:

356 1060 493 1138 heresis,
508 1076 547 1120 ex
559 1057 835 1121 Armacanisiaeilo
847 1057 960 1137 potari
978 1055 1123 1117 animod-
1171 1055 1375 1118 verumetiam
1385 1059 1806 1142 pmtnissiuumsyaodnm
1818 1063 1921 1125 leonii

355 1159 494 1214 vertere:
509 1152 563 1230 quai
581 1152 686 1212 omnia
705 1150 830 1211 illorum
843 1164 975 1224 venena,
998 1148 1061 1207 sive
1083 1146 1123 1207 ab
1170 1142 1307 1215 hortatu,
1321 1167 1391 1226 qaas
1409 1150 1444 1211 ia
1455 1151 1510 1213 llio
1523 1159 1637 1215 statuta
1654 1146 1789 1227 inomni,
1813 1155 1920 1216 uberius

355 1245 445 1307 certis
464 1242 652 1314 auctoribus,
678 1241 941 1319 communibusque
956 1239 1076 1312 uadita,
1092 1243 1124 1300 et
1170 1238 1310 1314 exposita
1325 1241 1445 1321 redegit
1456 1243 1490 1304 in
1503 1247 1691 1323 opuseulum
1704 1245 1919 1325 quoddam3sni

354 1336 388 1397 in
413 1338 569 1418 proprium
593 1335 724 1398 oonssain
745 1340 881 1395 senum:
900 1333 963 1394 sire
985 1332 1061 1393 olim
1083 1330 1123 1392 ad
1169 1330 1321 1391 nonnulla
1333 1333 1460 1397 inerant
1472 1336 1616 1399 addenda
1627 1339 1919 1418 postLugdnnsam

354 1430 514 1504 invidiam,
541 1436 572 1491 et
597 1427 786 1490 calumniam
806 1426 1022 1504 Aogtssilniani
1045 1425 1121 1503 dog·
1169 1421 1335 1499 synodum,
1362 1426 1446 1488 sacis
1472 1429 1623 1490 manuum
1655 1429 1834 1511 depredemr's
1854 1446 1919 1492 sne

354 1522 598 1594 matisconiicia,
615 1519 711 1599 impia
733 1525 868 1580 cericei
890 1519 1018 1578 adversa
1031 1516 1119 1577 Chri-
1169 1510 1515 1594 ribuaqniinhacbrevi
1524 1520 1919 1602 postArelstensempessett

353 1612 461 1672 stianoe
473 1610 557 1682 tidei,
571 1610 603 1670 in
621 1624 710 1670 suam
724 1607 869 1669 heresim
884 1606 1119 1667 transtulerunt.
1169 1607 1268 1665 notati
1278 1608 1414 1671 fueram.
1432 1612 1485 1673 Sie
1499 1613 1584 1675 enim
1599 1614 1654 1674 ilis
1673 1610 1778 1675 Fausti
1798 1614 1919 1676 Reium

356 1705 390 1765 ln
403 1720 465 1783 qtae
484 1702 650 1783 superioris
670 1700 772 1761 saculi
796 1699 910 1759 imitati
928 1705 1003 1759 sunt
1027 1698 1121 1758 iissre
1168 1693 1356 1777 interpretor
1381 1703 1414 1764 in
1440 1704 1505 1766 tina
1530 1707 1768 1786 nuncupatoria
1786 1706 1827 1767 ad
1841 1707 1919 1768 leon·

352 1796 441 1869 ticos,
464 1810 542 1875 qnos
567 1793 640 1867 dixi,
670 1791 810 1853 Calvinus
837 1797 867 1851 el
894 1790 1062 1865 Lntheros3
1087 1789 1119 1849 in
1168 1792 1248 1850 tium
1267 1793 1420 1872 epistolant
1447 1817 1464 1853 tt
1489 1798 1526 1857 In
1549 1812 1612 1876 qno
1626 1797 1754 1877 quidem
1777 1797 1916 1877 opusculo,

353 1888 466 1968 quibrts
487 1886 537 1947 vci
558 1889 680 1947 exortos
707 1884 856 1963 primum,
872 1882 897 1942 si
917 1881 996 1942 nulii
1020 1880 1121 1941 inscie-
1169 1889 1238 1961 post
1278 1886 1465 1949 Arelatensis
1500 1888 1621 1951 onnessii
1654 1889 1915 1969 subscriptionem,

352 1998 413 2042 nus
430 1978 629 2052 exstiterunt3
656 1975 705 2036 val
730 1977 925 2050 instauratos,
945 1973 971 2034 si
994 1973 1048 2052 qni
1064 1972 1121 2033 oli·
1169 1975 1258 2035 novis
1269 1977 1425 2039 erroribus
1438 1980 1649 2059 deprehensis,
1662 1981 1753 2061 adjici
1766 1981 1863 2061 aliqua
1877 1998 1918 2063 sp-

352 2072 477 2153 quando
499 2070 627 2146 Aterint,
652 2087 688 2129 ac
710 2066 863 2128 redivivos
883 2066 1121 2127 Proedestinaios
1170 2067 1270 2127 nudas
1281 2068 1494 2148 Lugdunensis
1507 2074 1651 2152 exegits

351 2165 556 2243 agnoscimus.
1210 2161 1248 2220 V.
1272 2160 1413 2223 Primum
1426 2164 1530 2244 itaque
1561 2164 1821 2245 pastArelatense
1832 2165 1917 2228 eonsi-

392 2258 446 2317 lv.
468 2255 630 2317 Asserelsat
649 2268 723 2331 ergo
742 2249 887 2327 Latoidos,
903 2268 942 2311 ex
957 2248 1119 2311 Prodesii·
1167 2251 1258 2329 lium,
1272 2254 1392 2316 leontii
1404 2262 1528 2336 rogatu,
1551 2256 1736 2337 opusculum
1750 2258 1871 2338 scripm‘t,
1891 2259 1917 2317 in
2002 2314 2003 2319 ,

351 2348 721 2419 natinnorumsententia,
737 2362 807 2423 quas
822 2344 882 2404 hoo
895 2348 1035 2422 tempora
1047 2360 1119 2403 cum
1168 2362 1231 2422 qno
1243 2364 1280 2406 ea
1299 2347 1481 2428 complexus
1494 2355 1551 2422 esi,
1573 2366 1646 2427 quse
1673 2349 1707 2409 in
1727 2349 1783 2409 llio
1805 2349 1916 2410 canolia
2002 2376 2003 2395 2

351 2440 479 2520 nuperis
492 2436 815 2499 haereticieArmacani
827 2435 949 2496 docent.
968 2435 1117 2509 Primum,
1167 2436 1286 2498 ssueita
1297 2447 1386 2500 erant
1398 2444 1507 2501 nonna
1525 2440 1817 2501 Prsedestinntorum
1835 2441 1915 2502 laese

350 2533 474 2594 nullum
493 2532 526 2591 in
548 2528 738 2603 hominibus,
759 2536 829 2607 post
849 2525 960 2586 Adami
984 2525 1117 2604 lapsum,
1167 2527 1916 2611 simlieinddcumeadem,nieonjirirnns,dcesnst
2002 2528 2003 2549 ²

349 2625 449 2685 iriense
466 2622 600 2683 libaratm
614 2620 788 2693 arbitrium,
810 2616 877 2696 ejus
898 2617 1037 2680 videlieet
1056 2635 1117 2677 no·
1166 2620 1255 2680 novis
1268 2620 1394 2682 interim
1405 2622 1734 2702 patelaetiwrrosibus,
1750 2631 1915 2704 mugregsta

349 2716 445 2792 mine,
460 2733 496 2776 ac
507 2711 794 2790 notionefignum:
808 2710 998 2770 sedamnem
1012 2709 1118 2769 salutis
1166 2709 1308 2789 Lugduni
1327 2715 1466 2793 synodus
1477 2720 1567 2788 esset,
1583 2715 1689 2794 inqua
1697 2723 1807 2776 canna
1824 2732 1915 2777 reom-

347 2807 656 2875 administrationem,
668 2811 699 2863 ct
708 2802 837 2881 justitiae
850 2801 888 2861 ab
903 2800 967 2861 sola
982 2802 1116 2879 pendere
1165 2807 1211 2862 les
1224 2803 1293 2865 illos
1315 2820 1437 2867 errores
1454 2824 1537 2867 nova
1558 2813 1648 2868 erunt
1662 2808 1789 2868 condita
1799 2808 1913 2885 demon

346 2899 456 2975 gralia.
487 2897 602 2959 Deinde
625 2893 780 2955 Christum
805 2892 938 2971 negabat
967 2910 1023 2971 pro
1047 2893 1116 2953 aliis
1165 2911 1213 2955 res
1226 2896 1293 2972 ipsa
1305 2898 1485 2976 postulavit,
1502 2903 1538 2959 ut
1557 2898 1596 2959 de
1610 2897 1649 2959 iis
1660 2898 1778 2979 aliquid
1791 2899 1914 2979 adoput·

346 3008 411 3053 esse
429 3006 566 3071 passum,
579 3004 673 3067 quam
689 3004 745 3066 pro
759 2985 807 3056 iis,
833 2984 888 3063 qni
908 3001 1017 3044 reuera
1037 2985 1115 3045 salvi
1164 2985 1270 3047 culum
1283 3006 1376 3049 sunm
1393 2990 1530 3052 adderet.
1547 2990 1635 3064 Quod
1657 2992 1682 3051 si
1699 2990 1913 3071 rogatnsynodi

345 3084 435 3145 fiunt.
446 3082 707 3158 Quodutrnmque
717 3077 817 3156 plenis
830 3076 935 3137 buccis
947 3082 1115 3155 permeat
1162 3078 1376 3155 Lugdunensis
1403 3081 1434 3142 id
1461 3082 1610 3143 Faustum
1637 3081 1745 3145 iecisse
1765 3083 1912 3157 malumus,

344 3177 418 3236 novi
441 3172 592 3253 dogmatis
616 3170 758 3250 patroni:
785 3169 839 3247 qui
856 3187 914 3229 nec
931 3186 1114 3247 germanam
1163 3169 1246 3230 haud
1260 3172 1404 3250 equidem
1422 3188 1595 3253 repugnem
1609 3193 1617 3234 ι
1631 3190 1669 3235 ea
1681 3181 1790 3237 nmen
1802 3176 1874 3254 lege,
1885 3180 1914 3235 nt

344 3268 495 3329 libertatis
505 3267 652 3327 hnmanae
665 3264 819 3323 rationem
834 3261 985 3336 retinent;
996 3266 1027 3321 el
1041 3261 1112 3321 nul-
1162 3262 1202 3323 ab
1216 3270 1327 3325 neutra
1340 3266 1462 3345 synodo
1484 3267 1642 3346 integrum
1662 3269 1853 3347 opasatrium,
1865 3268 1912 3328 iot

344 3362 408 3422 lam
421 3374 550 3440 prorsus
569 3357 603 3417 in
622 3353 826 3435 reproborum
847 3352 979 3413 salutem
1001 3354 1065 3430 liei,
1081 3360 1113 3415 et
1162 3363 1208 3418 est
1232 3357 1320 3418 novis
1342 3356 1403 3418 iliis
1427 3357 1645 3419 additamentis
1669 3360 1791 3421 nundus
1803 3358 1911 3433 isdum

346 3452 457 3514 Christi
471 3450 665 3510 voluntatem
679 3446 884 3507 constituunt.
908 3447 974 3518 Qua
996 3446 1029 3506 in
1046 3448 1113 3527 opi·
1160 3449 1368 3529 approbatum
1382 3468 1448 3511 esse
1458 3450 1610 3512 uideatur.
1621 3451 1749 3513 Namde
1761 3452 1912 3514 mennas

345 3545 439 3606 niano
458 3543 551 3603 iniisse
571 3539 735 3614 Lucidum,
752 3543 919 3616 antequam
932 3538 1112 3600 emendaret
1161 3542 1324 3620 perspicua
1336 3560 1386 3603 res
1397 3547 1454 3617 est,
1469 3560 1544 3604 cum
1557 3542 1681 3604 hortatu
1693 3545 1813 3606 issontd
1823 3546 1860 3606 de
1870 3545 1910 3614 iis.
2001 3580 2002 3607 t

345 3654 494 3711 errorem,
523 3631 696 3713 posteriori,
721 3638 751 3691 et
791 3629 948 3689 contraria
981 3630 1112 3710 ipsemet
1160 3650 1232 3712 quae
1267 3634 1405 3714 synodus
1438 3634 1649 3711 constituerat,
1683 3635 1912 3699 incubi-stiuam
2001 3646 2002 3649 ’

344 3728 533 3810 professione
549 3724 692 3785 declarat.
726 3722 774 3782 Ad
799 3720 877 3797 haee,
905 3722 1108 3800 prescientia,
1162 3725 1246 3786 iliam
1261 3727 1468 3806 composuisse
1488 3744 1520 3788 se
1534 3727 1627 3787 diost.
1642 3727 1677 3787 ln
1697 3744 1762 3807 qna
1781 3729 1912 3791 ndentes

344 3824 407 3883 sive
422 3816 690 3900 predestinatione
705 3812 785 3875 trahi
806 3813 934 3891 pausat
945 3814 1058 3875 electos
1071 3815 1109 3876 ad
1158 3816 1214 3894 qui
1225 3816 1266 3878 ab
1278 3819 1337 3879 lrae
1349 3820 1468 3898 synodo
1489 3818 1655 3899 probatum
1668 3838 1748 3900 apns
1762 3822 1852 3898 istud,
1864 3820 1912 3881 isos

344 3915 453 3985 sitam,
463 3909 612 3990 reprobos
624 3913 731 3968 antem
744 3905 785 3965 ad
799 3905 972 3965 interitum:
984 3907 1061 3967 aden
1075 3912 1111 3968 ut
1159 3914 1207 3968 est
1217 3908 1312 3970 libros
1329 3910 1368 3970 de
1389 3910 1487 3971 libero
1500 3910 1629 3972 arbitrio
1644 3911 1747 3973 Fausti
1760 3913 1836 3975 duos
1847 3913 1912 3974 exis
2001 3900 2002 3913 ¹

342 4007 474 4067 itionum
493 4003 527 4063 in
552 4000 703 4080 potestate
723 4014 789 4057 non
810 4002 890 4058 esset
903 4015 1107 4074 perseverare,
1159 3999 1292 4078 timant3
1321 4004 1470 4082 planiam
1497 4010 1562 4084 post
1589 4003 1715 4067 milii
1748 4000 1911 4067 Arelatensi

343 4090 708 4172 telsslntsmadipisoi3
733 4088 842 4151 sedin
868 4089 998 4150 exitium
1025 4090 1110 4152 latmi
1158 4091 1549 4174 suscriptiousmquasdam
1574 4110 1607 4156 se
1620 4095 1773 4158 addidisse
1785 4103 1909 4159 teststnn

343 4189 477 4271 quadam
499 4184 678 4247 acenteta
698 4180 911 4256 t'oiverentur3
931 4180 1016 4259 qnod
1032 4181 1110 4244 item
1156 4185 1233 4247 -Hsao
1256 4185 1340 4246 enim
1361 4187 1542 4266 sudamipts'o
1565 4202 1634 4249 non
1653 4204 1691 4248 es
1709 4189 1842 4267 paunus
1862 4192 1909 4261 eet,

343 4279 507 4344 Armacani
519 4278 674 4350 sentiunt;
688 4273 743 4353 qui
761 4272 982 4352 impossibilem
996 4273 1110 4335 talibus
1159 4296 1221 4356 qua
1244 4278 1341 4340 libros
1368 4278 1442 4340 isias
1466 4279 1686 4359 approbariut;
1711 4281 1765 4342 sod
1786 4299 1847 4361 qna
1864 4296 1910 4341 titt

342 4368 786 4452 esssperscrercntiamusqna
801 4365 939 4425 infinum
954 4372 1107 4459 asserunt,
1159 4370 1281 4430 decreta
1309 4370 1548 4446 confirmarunt,
1570 4379 1607 4431 ui
1628 4372 1668 4433 sit
1692 4371 1776 4434 idem
1799 4391 1833 4434 se
1853 4377 1909 4452 pas

342 4485 380 4528 eo
398 4465 482 4546 quod
504 4459 686 4524 nallnmad
708 4458 742 4519 id
774 4457 926 4518 auxilinm
960 4457 1109 4519 idoneum
1161 4461 1331 4524 Arelatensi
1360 4462 1490 4523 condio
1529 4463 1628 4524 linem
1654 4461 1841 4544 impositum
1874 4464 1910 4525 iit

341 4559 449 4637 gratiae
475 4552 666 4634 suppeditari
687 4550 818 4611 voiantr
848 4548 932 4628 qnod
958 4567 1016 4611 nee
1043 4568 1108 4611 esse
1158 4553 1362 4631 Lugdunensi
1375 4572 1449 4615 vero
1466 4554 1567 4633 magis
1579 4554 1616 4632 ‚id
1637 4556 1817 4636 amplector,
1839 4552 1910 4634 pud

341 4653 453 4729 potest,
468 4647 528 4707 nisi
541 4646 582 4706 sit
593 4642 705 4722 aliquis
721 4640 827 4702 solutis
840 4640 951 4701 dendsa
964 4640 1109 4705 voluntas
1158 4645 1296 4723 primum
1309 4645 1410 4725 posui,
1420 4651 1457 4707 ut
1469 4645 1510 4705 ob
1521 4664 1605 4707 nova
1617 4645 1740 4708 decoeta
1750 4645 1909 4728 minsis

340 4744 375 4802 in
389 4743 471 4801 ileo:
488 4743 520 4798 et
546 4736 572 4797 si
588 4736 678 4811 desit,
695 4733 798 4795 omnis
811 4738 857 4793 est
870 4733 1055 4794 interclusus
1068 4734 1108 4795 ad
1158 4737 1245 4798 istius
1256 4738 1389 4813 manilii,
1413 4737 1575 4818 quippiam
1589 4737 1662 4799 addi
1684 4739 1725 4801 ad
1740 4739 1908 4820 opusemnn

340 4830 602 4913 perseverentiam
615 4834 648 4889 et
670 4827 802 4887 saintmn
822 4826 933 4886 aditus.
950 4826 1020 4886 Hac
1033 4845 1108 4887 vero
1158 4846 1280 4890 necesse
1293 4830 1396 4890 risum
1409 4831 1467 4891 sit:
1483 4847 1547 4891 noa
1561 4827 1907 4912 ntleetejsmapnsmb
2000 4868 2001 4895 t

339 4940 427 4986 mera
436 4927 576 4984 monstra
589 4927 673 4996 sunt,
689 4925 720 4981 ei
733 4918 840 4980 deliria
865 4917 1108 4979 Prasdestinatisn
1155 4921 1270 4999 synodi
1286 4921 1390 4983 Patras
1413 4921 1677 5001 ampliusaliquid
1691 4923 1905 5002 poetmstasht.

209 5015 217 5029 '
339 5030 470 5078 nerum:
486 5032 525 5075 ex
538 5013 652 5093 quihus
665 5009 871 5072 tinumiuissc
884 5009 1038 5071 Lucidum
1051 5029 1106 5091 ap·
1158 5012 1707 5092 QuodsiLngdunensestnmeniilos
1719 5011 1907 5093 Patren&

339 5114 446 5187 paret:
462 5112 493 5168 ei
506 5123 576 5185 quse
592 5105 633 5165 ab
657 5103 830 5183 Augustino
850 5102 1010 5180 didicerat,
1033 5120 1106 5165 cum
1157 5104 1277 5183 aliquid
1290 5106 1330 5165 ad
1343 5106 1529 5186 opuseulum
1544 5105 1907 5186 postulaoeeeerisimilt!

339 5199 421 5261 maie
432 5197 641 5272 intellexisset,
662 5196 696 5256 in
710 5194 879 5274 perniciem
894 5210 986 5255 suem
1002 5212 1106 5274 prava
1158 5201 1225 5257 est:
1240 5214 1295 5276 per
1308 5215 1359 5259 ma
1372 5198 1455 5259 istud
1467 5197 1549 5274 lieet,
1572 5198 1650 5259 dnm
1676 5216 1717 5259 ne
1739 5198 1832 5260 iiluna
1847 5196 1905 5258 iiius

339 5289 601 5371 interpretationis
636 5288 808 5349 accessione
833 5287 970 5348 vendosa.
1006 5289 1106 5367 Atque
1141 5289 1261 5349 'Fausti
1274 5290 1353 5351 duos
1367 5290 1460 5351 ullius
1474 5288 1634 5353 catholice
1652 5287 1904 5370 synodisamagio

339 5386 406 5446 haec
419 5384 483 5445 iere
496 5388 569 5444 sunt
593 5380 705 5442 erroris
724 5380 835 5460 capita,
851 5399 921 5459 quta
944 5381 977 5440 in
998 5380 1104 5441 Arela—
1158 5381 1303 5461 probatos
1317 5382 1527 5445 existimemus
1543 5400 1550 5442 :
1577 5399 1655 5461 quos
1663 5388 1781 5444 constat
1799 5387 1904 5444 latras·

339 5476 419 5539 tansi
446 5474 566 5555 synodo
592 5472 717 5552 agitata,
743 5472 950 5552 damnantque
970 5478 1043 5534 sunt
1066 5472 1106 5533 ab
1157 5491 1306 5554 gnarum,
1321 5480 1353 5537 et
1380 5480 1561 5537 sanctornm
1582 5473 1725 5537 thurum
1745 5472 1901 5555 inditione
