3932 6142
480 315 953 391 DEINGARNATIONE,L1B.
977 314 1031 392 IX,
1061 314 1144 375 GAP.
1167 315 1206 375 ll.
1586 314 1646 374 289

89 487 433 544 rumauctcremnonesse
447 482 572 562 probat:
592 481 821 562 «Principium,
878 487 947 542 tuto
957 481 1022 561 jam
1042 480 1161 558 virtuti,
1185 480 1339 560 vitioquc;
1356 479 1451 553 laudi,
1477 496 1513 540 ac
1527 479 1648 561 vitupe-

91 574 133 648 ait,
147 579 172 634 ct
179 574 256 635 radix
265 574 434 654 peocatiest
451 579 584 654 potestas
594 573 714 635 arbitrii
732 573 824 635 liberi
874 575 992 635 rationi
1005 574 1091 636 locus
1102 574 1236 653 amplius
1250 592 1314 634 nou
1336 572 1405 648 erit,
1432 593 1447 629 c
1471 572 1545 646 Quis
1565 573 1650 634 enim

90 667 176 725 nostri.
194 667 265 727 Nam
277 665 389 744 quibus
408 665 531 741 licebat,
548 665 574 726 si
596 666 679 727 malo
693 666 826 727 abstine·
875 666 987 728 merito
1014 667 1066 750 *vel
1090 667 1352 745 intemperantem
1385 663 1576 739 criminetur,
1600 665 1650 726 vel

90 762 153 832 rent,
176 756 246 819 nibil
267 757 396 819 omniuo
410 757 532 819 molesti
553 759 683 838 perpeti,
711 775 783 819 cum
803 757 826 818 ii
877 764 1103 838 temperantem
1111 758 1226 832 laudet,
1239 776 1310 819 cum
1320 757 1449 837 quilibet
1460 756 1492 816 in
1502 762 1650 837 promptu

90 848 218 929 voluptate
241 849 280 910 ad
304 855 466 929 peccatum
493 850 621 912 inescati
649 850 720 927 sint,
751 849 826 928 quid
876 851 956 913 banc
967 853 1201 931 responsionem
1212 851 1335 923 babeat,
1353 849 1434 910 nihil
1444 867 1563 925 eorum,
1580 868 1650 928 quea

92 940 190 1001 tandem
198 941 264 1019 jure
277 942 399 1003 causari
416 948 556 1022 possunt,
573 960 635 1021 quo
649 942 754 1004 minus
767 941 828 1021 ipsi
878 951 985 1005 nostro
999 944 1149 1004 arbitratu
1159 943 1335 1020 statuimus,
1344 942 1378 1002 in
1387 948 1537 1022 potestate
1548 949 1652 1003 nostra

90 1031 258 1108 sibidolores,
272 1039 470 1095 etaerumnas
483 1039 591 1114 suapte
604 1034 694 1114 culpa
710 1033 826 1095 consci-
876 1036 969 1097 situm
998 1053 1078 1098 esse:
1109 1037 1164 1097 sed
1188 1035 1305 1114 majore
1333 1033 1472 1114 potentia
1499 1036 1652 1095 humanas

90 1124 199 1187 νοτίου.
219 1147 234 1182 n
251 1126 404 1187 Praetcrea
417 1126 450 1186 in
462 1126 593 1187 bomilia
614 1126 723 1188 cadem
742 1125 829 1186 locus
876 1126 1045 1189 electiones
1064 1128 1104 1189 ad
1117 1128 1150 1189 id
1164 1126 1350 1207 circumagi,
1379 1127 1463 1207 quod
1480 1126 1653 1188 dominanti

89 1222 124 1276 art
133 1216 255 1294 insignis,
269 1217 506 1296 quilibertatem
515 1217 692 1280 bominisin
702 1218 827 1280 indiffe—
877 1220 985 1281 visum
998 1219 1092 1282 fuerit
1102 1219 1129 1297 ί,
1144 1241 1160 1280 o

89 1308 161 1382 rmti,
172 1315 200 1371 et
215 1309 356 1388 expedita
369 1310 518 1372 utriusvis
536 1310 669 1389 eligendi
680 1315 829 1390 potestate
919 1313 1018 1392 Atque
1032 1312 1115 1374 idem
1129 1313 1164 1372 in
1186 1312 1266 1373 libro
1282 1313 1384 1392 primo
1398 1310 1536 1374 crdoercus
1548 1312 1651 1375 Ειιπο·

89 1400 226 1461 coustituit.
246 1400 347 1478 rCur,
363 1401 476 1480 inquit,
493 1402 567 1463 mali
581 1420 680 1481 capax
703 1408 748 1464 cst
762 1401 829 1461 ani·
878 1404 982 1482 mr'um,
996 1405 1081 1466 bunc
1094 1404 1276 1466 haereticum
1291 1404 1412 1476 refellit,
1429 1405 1601 1484 quiFilium
1616 1424 1653 1467 eo

88 1491 146 1553 na?
157 1494 274 1572 Propter
289 1493 431 1567 liberam,
448 1513 484 1555 ao
498 1494 547 1555 sui
556 1494 636 1572 juris
645 1495 828 1571 motionem,
878 1490 958 1576 ipso,
973 1498 1057 1576 quod
1071 1503 1184 1558 natiue
1197 1496 1241 1558 ita
1255 1498 1422 1576 productus
1437 1502 1494 1574 est,
1506 1497 1652 1559 obedien·

88 1590 258 1663 qnannturc
273 1585 421 1646 rationali
433 1586 570 1648 maxime
588 1586 744 1648 convenit.
759 1587 831 1647 Haec
878 1594 942 1650 tem
963 1607 1028 1651 essa
1055 1589 1189 1663 dicebat,
1218 1609 1276 1651 nec
1304 1590 1392 1651 aliter
1416 1607 1511 1669 quam
1529 1590 1654 1651 obedire

87 1676 152 1737 eninr
163 1678 605 1756 necessitatcsoluta,etritam
618 1685 830 1760 potestatesua
879 1700 977 1761 posse.
1006 1683 1041 1743 Si
1065 1682 1149 1743 enim
1178 1682 1223 1743 ita
1249 1701 1299 1743 res
1325 1682 1429 1758 habet,
1469 1682 1654 1744 deteriorem

87 1769 408 1847 preditamuCreatore
422 1778 522 1847 nacta,
543 1790 580 1832 eo
594 1773 679 1852 quod
698 1773 738 1833 ad
751 1774 828 1833 ima·
879 1774 962 1835 illius
1001 1774 1213 1835 conditionem
1249 1775 1388 1836 bumana
1424 1775 1490 1836 lore
1523 1776 1649 1836 asserit:

86 1860 170 1937 gincm
183 1864 232 1924 liei
244 1863 327 1925 faeta
340 1868 397 1938 est,
415 1864 498 1944 quod
511 1864 631 1925 bonum
645 1869 691 1926 est
712 1864 829 1926 intelli·
884 1866 1163 1947 «quandoquidem
1177 1867 1268 1928 nobis
1288 1868 1369 1928 inest
1382 1867 1486 1928 anima
1505 1868 1551 1928 sui
1562 1867 1653 1946 juris,

86 1951 128 2027 git,
140 1958 167 2014 et
178 1955 238 2033 ejus
247 1955 282 2015 iu
296 1955 428 2017 fruendo
437 1955 741 2035 suavitatem:atque
750 1959 830 2019 hanc
880 1978 917 2021 ac
934 1959 1042 2032 libera,
1066 1978 1124 2021 uec
1142 1960 1198 2021 ulli
1223 1960 1397 2020 dominatui
1411 1959 1563 2038 subjecta3
1584 1980 1655 2039 quae

86 2043 159 2105 babet
170 2051 360 2126 potestatem,
377 2048 625 2130 facultatemque,
647 2048 735 2110 utin
754 2049 829 2111 boni
880 2053 973 2136 plena
1000 2056 1159 2131 potestate.
1188 2069 1225 2112 ac
1247 2070 1304 2131 pro
1328 2051 1417 2112 libito
1437 2052 1656 2131 quodcumque

87 2139 329 2218 cntemplatione,
358 2146 390 2201 et
417 2139 555 2202 lruentlis
585 2140 830 2219 intelligibilibus
882 2140 1030 2220 placitum
1047 2145 1093 2201 est
1115 2140 1211 2219 eligit.
1227 2141 1267 2201 nt
1290 2140 1374 2201 iilius
1389 2141 1444 2202 Dei
1456 2147 1577 2201 naturae
1602 2160 1656 2201 ne·

86 2245 243 2306 permanens
256 2238 483 2308 congruentem
497 2238 617 2293 naturae
631 2233 727 2295 vitam
741 2252 829 2295 suam
881 2232 1014 2294 cessitati
1035 2232 1190 2310 subjectus
1227 2238 1375 2310 operatur
1414 2239 1575 2314 perpetuo,
1606 2233 1657 2294 vel

87 2330 237 2385 conservat:
252 2324 350 2386 babet
363 2331 395 2386 et
406 2330 589 2404 potestatem
605 2330 641 2385 ut
653 2325 760 2386 abono
774 2327 832 2387 ali·
880 2325 997 2406 patitur
1010 2324 1114 2405 potius
1126 2324 1360 2386 obedientium.
1376 2345 1392 2383 ι)

86 2416 398 2489 pudoneflectatt.»
921 2417 1089 2497 Gregorius
1123 2417 1333 2478 Nazianzenus
1372 2417 1512 2478 oratione
1542 2416 1654 2498 prima,

18 2524 62 2570 aa
115 2504 156 2566 l'l.
172 2509 335 2588 Gregorius
358 2510 515 2590 Nysscnus
537 2508 571 2569 in
593 2507 674 2570 libro
699 2507 831 2572 eureste-
881 2510 981 2570 Deum
996 2509 1038 2569 ait
1058 2509 1196 2570 animam
1209 2510 1346 2571 bominis
1364 2510 1503 2589 alligasse
1522 2513 1655 2590 corpori,

18 2590 59 2622 '¹¹
85 2594 137 2672 tiro,
148 2600 237 2679 capite
250 2618 336 2679 xxrrr,
349 2602 497 2664 adversus
510 2601 658 2681 querulos
679 2603 832 2681 quosdam
881 2607 916 2661 ut
930 2601 1103 2663 certaminis
1117 2610 1147 2663 et
1162 2600 1322 2663 conflictus
1332 2603 1495 2663 materiam
1511 2602 1654 2677 baberet3

86 2686 230 2771 disputans,
245 2694 390 2773 quicum
404 2697 467 2756 Deo
481 2694 731 2772 expostulabant,
748 2695 832 2775 quod
881 2693 1042 2768 aciutura,
1058 2699 1089 2755 et
1102 2693 1254 2773 promissa
1274 2695 1368 2764 bona,
1385 2714 1450 2755 uon
1470 2696 1554 2756 dono
1575 2696 1658 2757 dun.

85 2778 217 2846 hominem
230 2805 299 2847 non
312 2787 493 2849 necessitate
504 2786 654 2863 adhibita,
671 2787 711 2847 ad
733 2788 832 2848 virtu-
882 2792 967 2847 taxat
979 2785 1044 2862 Dei,
1055 2786 1108 2846 sed
1123 2787 1217 2847 ctiam
1231 2787 1361 2866 praemia
1379 2786 1542 2847 laboriosa
1556 2788 1656 2848 uirtu-

85 2876 135 2933 tem
153 2879 357 2958 rompelleret,
385 2885 521 2958 atquae
549 2879 624 2940 vitio
662 2885 830 2957 revocaret,
883 2879 922 2940 tis
935 2883 1046 2939 essent.
1063 2899 1078 2936 c
1093 2880 1192 2958 Atque
1207 2879 1266 2939 hoc
1279 2877 1338 2939 fuit
1351 2895 1483 2939 summae
1497 2878 1655 2953 bonitatis,

85 2964 162 3028 subm
173 2970 235 3031 istis
260 2970 440 3033 libertatem
461 2972 591 3052 opponit
611 2970 752 3033 arbitrii:
772 2992 834 3052 qua
884 2970 996 3051 inquit,
1009 2971 1137 3046 efficere,
1152 2981 1189 3030 ut
1203 2975 1344 3031 nostrum
1363 2969 1456 3031 etiam
1471 2970 1511 3031 sit
1523 2969 1655 3045 bonum,

85 3057 183 3121 sublata
202 3062 269 3141 jam
298 3064 385 3125 nulla
401 3069 484 3125 recte
502 3063 589 3124 factis
617 3062 685 3125 laus
713 3065 835 3126 debebi·
884 3081 942 3123 nec
964 3067 1076 3122 natura
1096 3066 1220 3122 tautum
1234 3063 1324 3123 nobis
1352 3060 1522 3124 inferatur:
1548 3063 1602 3124 sed
1621 3068 1658 3124 ut

84 3152 432 3217 ornatissimorum
442 3157 604 3234 duntaxat,
617 3175 688 3236 quae
697 3157 836 3218 inanima
885 3154 1052 3214 voluntatis
1076 3153 1236 3231 electione,
1275 3160 1305 3216 ct
1332 3154 1423 3215 liberi
1461 3154 1582 3215 arbitrii
1624 3155 1658 3215 in

84 3248 150 3313 sunt,
163 3252 214 3308 aut
226 3248 350 3310 ratione
360 3254 476 3322 carent,
489 3248 591 3309 aliena
603 3250 764 3310 voluntate
778 3268 835 3329 pro
885 3252 1050 3326 utramque
1069 3252 1189 3326 partem
1209 3246 1397 3307 motionibus
1424 3247 1601 3308 excolatur!
1604 3292 1611 3308 .
1638 3268 1654 3305 υ

83 3331 154 3398 libito
169 3339 369 3403 circumduci.
387 3341 426 3403 At
444 3341 664 3417 veneratione,
681 3347 712 3402 et
726 3342 838 3403 intelli·
885 3339 985 3400 Habet
1002 3338 1097 3417 igitur
1118 3339 1178 3399 boc
1189 3345 1302 3400 natura
1314 3338 1403 3399 liberi
1419 3338 1550 3416 arbitrii,
1567 3343 1602 3399 ut
1624 3339 1657 3398 in

81 3428 169 3502 gentis
179 3433 311 3511 praedita
321 3440 445 3510 natura,
461 3436 489 3494 si
511 3434 642 3494 liberam
654 3438 838 3513 potestatem
886 3439 1051 3511 utramque
1065 3435 1185 3510 partem
1199 3436 1292 3512 prout
1305 3431 1428 3492 libitum
1436 3436 1492 3508 cst,
1508 3431 1658 3492 inclinare

81 3518 246 3603 tepsuau,
263 3544 331 3587 unu
344 3544 417 3587 cum
431 3544 468 3587 ea
481 3525 696 3605 intelligentiae
711 3545 836 3607 quoque
887 3544 930 3599 se,
946 3543 981 3585 ac
991 3542 1115 3585 movere
1129 3524 1232 3604 possit.

80 3607 387 3679 martiuumamittet.
404 3618 449 3679 Ad
460 3617 536 3697 quid
549 3617 634 3678 enim
650 3618 836 3697 cogitatione
926 3617 991 3677 Xll.
1015 3616 1162 3696 Sequitur
1175 3617 1310 3679 loannes
1329 3615 1576 3696 chrysostomus,
1594 3633 1657 3697 quo

81 3706 176 3767 mentis
192 3715 313 3782 utetur,
336 3710 364 3769 si
384 3710 519 3787 eligendi
541 3709 639 3771 libera
656 3710 785 3771 facultas
803 3711 838 3772 in
885 3709 1130 3787 nemoapertius,
1152 3712 1184 3769 et
1204 3708 1393 3770 luculentius
1416 3709 1582 3771 declaravit
1603 3728 1656 3771 ar-

82 3794 167 3858 alieua
189 3806 344 3880 potestate
372 3802 473 3881 posita
494 3806 540 3864 est
555 3811 609 3878 ⁶,o
642 3804 709 3876 Quo
725 3804 838 3866 consti·
888 3801 972 3865 bitrii
985 3805 1169 3882 potestatem
1182 3800 1371 3863 necesitatis
1389 3807 1558 3882 expertem,
1576 3801 1658 3864 etad

109 3979 221 4037 allusit.
245 3978 326 4054 Ἀρχὴ
346 3978 404 4053 γάρ,
425 3979 467 4035 καί
480 3980 536 4054 ῥίζα
548 3983 592 4049 τῆς
615 3979 735 4055 ἁμαρτίας
759 3981 788 4035 τὸ
802 3979 839 4054 ἐφ’
889 3980 968 4053 φάσις,
979 3977 1020 4033 tte
1031 3978 1060 4034 τδ
1069 3977 1124 4033 κατ’
1135 3975 1243 4042 ἐξουσίαν
1254 3977 1383 4047 ἀπόθηται,
1405 3980 1445 4034 καί
1462 3981 1505 4049 τὴν
1523 3981 1595 4054 χάριν
1614 3985 1658 4038 τοῦ

80 4056 139 4131 ἡμίν,
149 4066 187 4118 καί
198 4065 227 4120 rb
238 4062 408 4126 αθτεξοιίσισν.
422 4057 461 4127 οἷς
473 4063 521 4137 γάρ
538 4063 591 4132 ἐξῆν
608 4064 838 4137 ἀπεσχομένοιςτοῦ
889 4068 972 4137 νοεροῦ
984 4063 1163 4118 συναπώλεσεν.
1178 4062 1210 4127 είς
1225 4065 1250 4118 τί
1260 4063 1309 4137 γάρ
1323 4066 1441 4137 γρησεται
1455 4069 1486 4137 τῇ
1500 4065 1604 4136 διανοίᾳ,
1615 4070 1659 4134 τῆς

81 4140 221 4217 ωσθμηδὲν
236 4149 320 4203 δεινὸν
334 4147 411 4221 ἔχειν,
424 4140 491 4201 οὗτοι
508 4147 541 4200 δι’
555 4146 644 4215 ἡδονῆς
658 4146 691 4209 είς
706 4146 750 4215 τὴν
761 4147 840 4221 ἀμαρ.
888 4151 932 4201 τοῦ
946 4145 1117 4219 προαιρεῖσθαί
1126 4166 1149 4201 τι
1159 4153 1209 4202 τῶν
1218 4147 1281 4203 κατὰ
1294 4149 1394 4219 γνώμην
1408 4145 1517 4209 ἐξουσίας
1534 4144 1572 4218 ἐρ’
1582 4146 1658 4221 ἓτίρῳ

81 4225 124 4279 τίει
142 4230 322 4301 δελεασθέντας,
337 4230 392 4284 τίνα
402 4233 430 4284 ἀν
446 4225 537 4285 εἴποιεν
547 4229 652 4303 εθπρεπῆ
665 4231 752 4304 λόγον,
767 4230 796 4285 nb
806 4229 839 4303 μὴ
890 4230 1016 4303 κειμένηςς

82 4308 202 4383 aptatus
213 4313 300 4377 αυτοῖς
315 4312 390 4368 αίτιοι
399 4321 449 4369 τῶν
461 4313 581 4386 ἀλγεινῶν
595 4315 752 4387 γεγενῆσθαι;
924 4313 946 4371 τί
965 4313 1033 4369 lbid.
1053 4313 1094 4378 Τίς
1106 4311 1154 4386 γάρ
1168 4314 1197 4369 ἀν
1216 4312 1324 4369 ἕτικατά
1342 4312 1371 4368 ab
1389 4311 1490 4385 εὔλογον
1503 4313 1521 4381 ἤ
1529 4314 1658 4368 διαθάλλοι

109 4394 223 4453 blltsrt.
243 4399 275 4452 Τί
299 4397 327 4452 δὲ
349 4397 414 4462 θλως
431 4396 528 4464 δεκτικὴ
554 4401 598 4451 τοῦ
618 4401 708 4467 κακοῦ,
733 4395 774 4450 διάι
796 4395 840 4465 τὴν
890 4396 931 4452 τὸν
946 4395 1243 4466 ἀκόλαστον,ᾒίπαινοίη
1258 4397 1300 4451 rba
1315 4399 1441 4469 σώρρονα,
1456 4395 1659 4465 ταίτηςκατάτδ

80 4474 217 4539 αὐτεξούσιον
232 4481 325 4554 ὁρμὴν,
335 4480 379 4548 τὴν
394 4482 503 4552 μάλιστα
515 4481 655 4553 πρίπουσαν
664 4482 750 4554 λογικῇ
760 4479 838 4553 ρίσει.
889 4482 1021 4554 πρόχειρον
1036 4478 1109 4547 οὔσης
1132 4479 1228 4553 ἑκάστῳ
1244 4484 1288 4548 τῆς
1302 4480 1460 4553 ἀποκρίσεως.
1482 4479 1511 4533 τίν
1534 4480 1607 4553 μηδὲν
1623 4478 1660 4553 ἀφ’

81 4555 185 4633 bouq
211 4563 261 4638 γὰρ
284 4565 366 4633 πάσης
393 4564 516 4638 ἀνάγκης,
541 4566 582 4618 καί
605 4563 747 4637 αὐθαίρετον
775 4564 840 4633 ζωὴν
890 4563 950 4637 ἡμῖν
964 4568 1013 4617 τῶν
1027 4562 1090 4616 κατά
1101 4564 1203 4635 γνώμην
1218 4556 1290 4627 είναι,
1306 4562 1433 4634 δυναστείᾳ
1446 4562 1473 4616 δὲ
1485 4563 1604 4634 κρείττονι
1617 4563 1661 4627 τάς

79 4640 255 4721 λνὸοὔοαπαρά
262 4652 309 4703 τοῦ
322 4648 450 4711 κτίσαντος
459 4648 501 4702 ort
510 4648 539 4703 τδ
547 4645 602 4703 κατ’
613 4646 841 4721 είκάναγτγενῆσθαι
891 4645 1039 4720 ἀνθρωπίνας
1061 4647 1213 4720 προαιρέσεις
1235 4647 1296 4720 πρὸς
1317 4646 1345 4701 τδ
1364 4652 1401 4719 τῷ
1423 4650 1553 4718 κρατοῦντι
1573 4642 1660 4702 δοκοῦν

80 4724 196 4792 θεοῦ,νωῖ
209 4729 254 4804 μὲν
274 4731 304 4786 ab
318 4730 417 4803 ἀγαθον,
439 4732 480 4785 καὶ
500 4725 566 4786 οίδεν
581 4725 658 4785 atui
672 4729 716 4799 τὴν
732 4730 841 4786 ἀπόλαυ·
891 4730 1056 4803 περιάγεσθαι.

79 4827 119 4872 σιν,
131 4814 169 4866 καί
191 4813 246 4887 ἔχει
270 4811 391 4879 ἔξουσίαν,
405 4814 447 4867 καλ
464 4815 566 4887 δύναμιν
582 4812 731 4886 ἐπιμένουσα
753 4818 842 4888 spuo
927 4812 1038 4870 eldam
1052 4811 1122 4869 libro
1147 4812 1252 4870 leettt‘.
1276 4815 1401 4869 Ειινιονιι.
1422 4811 1454 4867 Bt
1471 4831 1516 4887 περ
1538 4812 1598 4887 ἡμῖν
1617 4813 1661 4889 μὲν

79 4892 145 4948 ulei
160 4896 262 4969 θεωρίᾳ,
285 4899 326 4951 καί
339 4901 370 4971 τῇ
385 4897 520 4952 ἀπολαίσει
534 4903 583 4952 τῶν
599 4903 695 4967 νοητῶν
710 4898 843 4969 διαφυλάσ-
892 4895 1045 4960 αὖτεξοθσιάς
1058 4894 1148 4964 ἔστινὴ
1161 4894 1237 4969 ψυχὴ,
1247 4895 1288 4949 καί
1300 4895 1443 4964 ἀδέσποτος,
1454 4896 1663 4971 αθτοκρατορικῶς

78 4991 121 5027 σειν
133 4976 205 5047 cia-qr
219 4978 267 5047 rba
290 4979 354 5035 κατά
375 4979 444 5051 φάσιν
463 4980 539 5048 ζωήν.
557 4979 610 5054 ἔχει
624 4978 650 5035 δὲ
671 4978 779 5043 ἐξουσίαν
802 4979 842 5033 καί
893 4981 1024 5052 αίρουμάνη
1046 4978 1100 5033 κατ’
1121 4976 1240 5042 ἐξουσίαν,
1262 4979 1277 5033 ὁ
1299 4977 1325 5033 δὲ
1341 4978 1431 5053 ἀνάγκῃ
1445 4980 1537 5051 φάσεως
1550 4981 1663 5055 θπωζευγ

79 5054 200 5115 ίτονεΰααί
212 5081 278 5117 ποτε
289 5056 333 5117 τοῖν
346 5064 433 5118 καλοῦ.
615 5116 619 5123 ,
894 5063 966 5134 μίνος
980 5061 1075 5134 ἐνεργεῖ
1080 5061 1120 5115 διά
1132 5064 1232 5126 παντός·
1245 5063 1341 5136 μᾶλλον
1353 5062 1380 5117 δὲ
1391 5064 1531 5137 πάσχειτὴν
1541 5065 1661 5135 ίιπακοὴν.

110 5157 123 5198 ο
141 5146 269 5202 Gnaeos.
286 5147 404 5205 Nissen.
424 5146 478 5200 Itos
488 5146 569 5201 τοίνυν
583 5144 607 5200 ἔν
620 5146 717 5208 τούτοις
727 5147 758 5200 τά
774 5144 843 5200 αιίτε-
930 5144 950 5219 f
966 5146 1092 5203 Νοννίου.
1108 5152 1178 5202 orat.
1195 5164 1214 5202 1.
1234 5148 1281 5200 Καί
1299 5151 1372 5203 τοῦτο
1388 5147 1415 5201 δὲ
1428 5144 1457 5217 ἦν
1468 5148 1517 5221 ἀρα
1530 5153 1573 5217 τῆς
1588 5149 1663 5220 άίκρας

78 5220 175 5291 lte-ieros,
189 5236 239 5284 ποῦ
254 5229 341 5284 δὲτῶν
355 5229 565 5302 acceptaturus
580 5229 688 5298 ἔπαινος,
703 5230 785 5302 μόνων
796 5228 844 5301 γάρ
894 5227 1055 5300 ἀγαθότητος,
1070 5235 1171 5295 ποιῆσαι
1185 5229 1215 5283 rb
1228 5229 1317 5301 ἀγαθὸν
1341 5232 1382 5283 καὶ
1401 5229 1534 5304 ἡμέτερον,
1554 5231 1663 5303 obprimi
1741 5298 1742 5301 ¹

79 5312 123 5361 tritt
132 5308 259 5386 ἀψάχωνῆ
273 5319 322 5367 τῶν
332 5313 430 5386 ἀλόγων
441 5312 502 5378 ἔστί,
517 5318 554 5385 τῷ
568 5312 693 5385 ἀλλοτρίῳ
707 5312 845 5384 βουλήματι
894 5312 969 5382 μόνον
979 5312 1213 5383 κατασπειρόμενον,
1224 5310 1289 5366 ἀλλά
1300 5312 1340 5365 καί
1354 5315 1493 5385 προαιρέσει
1507 5314 1662 5387 γεωργούμε-

79 5393 134 5461 tels
149 5397 179 5450 τὸ
193 5399 286 5451 δοκοῦν
306 5397 473 5471 περιάγεσθαι,
485 5395 501 5464 ἡ
515 5396 542 5451 δὲ
552 5397 640 5469 λογικαί
657 5414 694 5462 τε,
712 5395 754 5450 καί
771 5393 846 5467 νοερίι
895 5412 948 5461 νον,
960 5394 1001 5449 καί
1013 5397 1065 5456 τοῖς
1074 5392 1111 5449 ἐπ’
1126 5393 1202 5467 ἀμιρω
1214 5389 1259 5450 τοῖν
1272 5394 1426 5458 αὖτεξουσίου
1435 5399 1560 5470 κινήμασι.

231 5496 310 5558 Τοιι.
332 5495 387 5558 tr.
1501 5496 1540 5555 te
