3932 6142
472 269 521 330 oa
540 269 847 349 ruorauarroua,
869 270 944 332 ure.
966 271 1045 349 vui,
1068 271 1155 334 cur.
1179 271 1262 334 xru.
1598 270 1657 329 au

86 434 229 496 missimus
248 433 346 509 loeus,
370 452 465 514 quem
489 435 630 516 Pyrrhus
652 435 787 497 Maximo
807 435 841 496 in
892 438 975 516 qrrod
989 456 1045 517 per
1058 457 1184 501 earnem
1196 439 1381 514 uiuificabat,
1398 458 1467 502 cam
1485 458 1542 519 per
1559 445 1660 502 totum

87 528 195 607 Disput.
211 526 325 605 objicit.
351 526 480 608 Scripsit
492 528 576 589 enim
598 546 748 607 magnum
762 528 841 589 illud
890 530 1044 591 vivificam
1058 550 1122 593 esse
1142 533 1368 593 demonstrans.
1392 533 1660 606 Quemadmodum

87 618 210 681 udaie
223 618 341 687 lumen,
362 619 546 681 «Christum
567 638 663 680 unam
677 626 840 697 cognatam
890 630 921 686 et
941 624 1022 702 ignis
1045 643 1100 704 per
1112 624 1230 685 ferrum
1243 643 1348 699 urens,
1364 624 1504 685 unitione
1518 625 1581 698 iila,
1599 643 1661 703 qua

85 712 281 791 operationem
295 730 351 790 per
365 712 835 772 umbasneturusostendimeb»
889 734 994 778 secum
1012 717 1167 794 juugitur,
1191 716 1302 778 urendi
1326 716 1357 775 vi
1378 716 1543 794 praeditum
1565 715 1658 776 efficit

88 804 136 865 Cui
145 804 291 864 Maximus
301 804 344 864 ita
357 803 501 865 satisfacit
510 824 518 878 ;
531 822 596 865 non
607 803 838 864 illumrolnisse
889 810 1007 869 ferrum
1023 829 1030 868 ε
1046 809 1124 870 adeo
1142 815 1178 868 ut
1192 813 1356 889 propterea
1375 825 1440 868 uon
1459 808 1555 868 solius
1578 808 1658 885 Ignis

87 913 167 956 unam
180 896 314 956 duarum
327 901 511 957 naturarum
530 896 742 976 operationem
760 913 836 972 esse,
888 901 1060 962 secundum
1074 906 1220 961 naturam
1240 900 1384 979 deinceps
1396 899 1435 959 sit
1448 900 1568 959 adustio
1586 900 1658 960 :sed

86 988 130 1050 sed
143 987 306 1049 diuinitatis
325 988 478 1048 duntaxat
494 988 590 1069 Ipsius
606 987 732 1047 unicam
745 985 838 1047 tuisse
888 992 982 1054 etiam
1005 993 1078 1052 terri
1100 997 1226 1072 propter
1244 992 1421 1052 uniti0nem
1438 1011 1445 1051 ι
1465 1009 1501 1051 ac
1518 990 1658 1052 stmiIiter

85 1087 139 1141 mm
150 1084 218 1140 ante
239 1085 417 1158 susceptum
436 1080 608 1156 homiuem,
624 1096 719 1158 quam
741 1085 835 1159 post:
887 1084 993 1146 divina
1003 1083 1099 1145 Verbi
1114 1085 1148 1144 in
1169 1084 1328 1145 miraculis
1348 1083 1497 1162 operatio,
1512 1101 1576 1142 non
1591 1084 1658 1162 ejus

85 1178 163 1251 atque
182 1171 224 1231 itu
245 1171 382 1232 Verbum
405 1190 530 1232 earnem
557 1171 674 1232 fautum
699 1171 837 1232 divinam
885 1177 1104 1239 tantummodo
1123 1175 1163 1236 sit
1178 1177 1218 1237 ob
1237 1182 1400 1251 naturam;
1426 1174 1656 1235 verumetiam

86 1270 200 1345 οιργιιεν,
223 1264 351 1344 qualem
371 1270 539 1343 antequam
564 1264 660 1324 homo
682 1263 782 1339 fieret,
806 1269 838 1326 et
886 1276 999 1332 sancta
1021 1268 1122 1329 curnis
1150 1269 1255 1349 ipsius,
1278 1274 1404 1348 propter
1431 1265 1654 1346 hypostaticam

85 1373 144 1416 cum
159 1357 245 1416 Patre
269 1373 482 1429 communem,
498 1355 678 1435 explicuisse
700 1374 756 1435 per
773 1374 837 1416 car·
885 1361 1021 1424 cumulo
1036 1361 1277 1441 copulationem.
1295 1360 1457 1440 siquidem
1470 1359 1599 1420 actione
1612 1377 1657 1420 se-

85 1466 146 1509 rem
158 1448 189 1508 in
201 1448 454 1509 extraordinariis
463 1448 619 1529 operibus,
633 1455 668 1509 tc
679 1447 836 1508 miraculis
885 1473 957 1517 cum
970 1454 1153 1534 participem
1175 1453 1261 1513 illam
1285 1452 1319 1511 in
1342 1450 1455 1511 divinis
1473 1450 1657 1529 praestandis

84 1540 221 1603 brIendis.
884 1543 1076 1607 adhibebat.
1093 1566 1108 1603 ο
1140 1545 1254 1605 Deinde
1281 1542 1364 1620 quod
1397 1542 1436 1603 ad
1469 1541 1657 1602 uocabulum

115 1636 151 1694 At
169 1633 252 1694 idem
274 1634 431 1694 Maximus
452 1632 487 1694 iss
509 1632 638 1712 episima
661 1629 701 1694 ad
722 1631 835 1693 Nican-
883 1650 987 1719 συγγενῆ
1002 1641 1130 1718 spectat,
1157 1637 1247 1697 docet
1270 1636 1354 1696 idem
1374 1634 1537 1707 Maximus,
1559 1634 1656 1696 solere
1682 1659 1812 1717 manuam.

84 1725 168 1801 drea,
182 1726 270 1787 aliter
288 1727 450 1806 Cyrillum,
466 1731 498 1786 et
521 1731 557 1785 ut
579 1725 703 1805 opinor,
724 1724 834 1802 probe·
886 1731 1000 1803 Patres,
1023 1736 1087 1791 tam
1108 1730 1147 1790 ad
1170 1728 1319 1807 ejusdem,
1344 1744 1439 1807 quem
1462 1726 1501 1786 ud
1528 1726 1656 1787 diuersae
1756 1736 1759 1743 ’

84 1817 161 1878 bilius
177 1819 321 1899 στρατηίη
346 1818 504 1879 affirmans
526 1834 622 1877 unam
642 1821 674 1877 et
691 1817 833 1878 eamdem
885 1822 1065 1885 substantia
1087 1841 1136 1883 res
1156 1821 1362 1902 explicandas,
1385 1819 1464 1879 illud
1482 1835 1656 1879 accommo-

84 1911 170 1971 mmri
187 1911 341 1972 actionem
365 1916 550 1971 naturarum
571 1910 717 1987 duarum,
734 1917 764 1971 et
785 1928 834 1970 θο-
883 1917 968 1978 dare.
979 1916 1098 1997 Uteum
1108 1915 1274 1993 Gregorius
1283 1912 1494 1974 Nazianzenus
1503 1910 1542 1971 de
1552 1911 1657 1971 anima

84 2009 199 2080 tssttssma
216 2009 346 2083 Pfflpissr
359 2003 562 2064 arctissimam
577 2020 686 2063 etrum
708 2002 832 2082 copula·
882 2008 1022 2088 loquens,
1044 2024 1114 2085 quae
1139 2024 1252 2085 corpus
1272 2009 1409 2067 resumet
1439 2004 1473 2063 in
1498 2020 1654 2064 resurrec-

84 2094 183 2156 tionem
193 2116 201 2171 ;
221 2115 284 2176 qua
305 2095 353 2169 fit,
371 2100 417 2170 ut,
437 2094 699 2174 quemadmodum
722 2101 834 2154 natura
882 2101 978 2174 tione,
996 2099 1039 2160 sic
1051 2098 1212 2178 loquitur:
1233 2097 1360 2157 «Paulo
1376 2100 1445 2175 post
1458 2112 1544 2168 vero,
1561 2099 1592 2154 et
1605 2113 1655 2154 co·

84 2185 198 2249 hominis
208 2193 381 2267 assumpta,
395 2187 439 2248 sic
451 2187 545 2266 hujus
563 2187 644 2247 actio
662 2186 766 2247 diviua
781 2187 831 2263 sit,
881 2198 1008 2272 gnatam
1023 2208 1150 2252 earnem
1163 2189 1323 2269 receperit,
1336 2206 1398 2268 quo
1412 2205 1484 2248 cum
1498 2185 1655 2247 coelestem

84 2280 202 2341 ctVerbi
213 2281 352 2360 propria.
369 2281 477 2359 Itaque
490 2280 525 2339 in
538 2295 636 2339 unam
645 2284 677 2338 et
690 2280 833 2340 eamdem
881 2284 978 2345 vitem
989 2282 1199 2344 instituebar.
1215 2301 1231 2339 u

84 2371 257 2434 edccbouem
270 2371 373 2432 ambre
394 2388 451 2450 pro
475 2376 566 2450 captu
588 2388 644 2432 suo
667 2388 831 2432 concurre·
922 2377 1001 2436 Item
1033 2374 1174 2452 Gregorii
1208 2370 1340 2452 Nysseni
1376 2371 1493 2430 dictum
1527 2369 1654 2449 Sergius

84 2462 154 2539 bant,
168 2465 223 2525 boc
237 2470 295 2537 est,
307 2465 342 2524 in
357 2463 440 2523 idem
453 2481 542 2541 opus,
554 2468 584 2522 et
596 2480 664 2522 rem
677 2461 831 2540 effectam,
882 2466 1241 2545 Constantinopolitanus
1262 2462 1544 2525 Monotbcletarnm
1564 2468 1653 2524 sectae

85 2557 134 2616 sire
146 2564 309 2637 ἀποτέλεσμα,
327 2555 501 2637 cujusmodi
515 2559 581 2616 erat
601 2556 717 2617 mortui
737 2556 775 2616 ad
789 2556 833 2616 vi·
882 2560 1066 2620 architectus
1088 2557 1179 2618 affert
1202 2557 1236 2617 in
1260 2554 1389 2634 epistola
1415 2552 1455 2615 ud
1483 2552 1653 2615 Houor-ium

85 2654 135 2708 tam
150 2650 313 2721 resecatio,
330 2648 381 2709 vel
400 2647 658 2708 visusrestitutio.
686 2647 745 2708 Ubi
765 2647 832 2709 dua
883 2648 1010 2731 Pupam.
1047 2649 1106 2723 Qui
1139 2656 1246 2709 contra
1273 2646 1478 2707 Eunomium·
1494 2646 1651 2714 seribere,

84 2741 191 2801 omniuo
205 2740 390 2820 affier'eutioe,
406 2744 437 2800 et
454 2746 570 2820 ἐνέργειαι
581 2738 620 2799 ab
635 2739 743 2800 cadem
762 2757 831 2818 per·
882 2743 1006 2817 asserit3
1033 2741 1108 2800 utta
1129 2739 1325 2800 diuiuiIatem
1347 2756 1402 2816 per
1424 2755 1547 2817 corpus,
1570 2739 1654 2816 quod

85 2848 144 2892 sona
165 2833 291 2895 dirersm
318 2851 357 2893 ex
371 2832 529 2912 principiis
544 2830 722 2908 manabant,
744 2837 775 2893 et
799 2833 832 2892 in
882 2834 994 2904 induit,
1011 2849 1210 2894 communem
1233 2830 1375 2891 omnium
1396 2847 1503 2889 revera
1521 2829 1653 2890 salutem

85 2941 165 2985 unum
178 2925 322 2986 effectum
333 2923 567 2985 conveniebant.
882 2922 1016 3001 operari,
1032 2927 1067 2981 ut
1082 2920 1206 2999 propria
1229 2919 1268 2978 sit
1291 2917 1392 2979 caruis
1407 2917 1575 2997 perpessio,
1597 2920 1652 2979 Dei

115 3016 188 3078 VIII.
210 3021 250 3078 tt
264 3016 418 3077 nonnulla
429 3033 468 3076 ex
480 3015 534 3075 illo
547 3014 673 3076 MaxImi
687 3015 753 3076 Ioco
766 3016 834 3075 des·
881 3032 955 3075 vero
969 3013 1007 3075 sit
1019 3010 1190 3092 operatiot.
1206 3032 1221 3069 ι)
1238 3011 1355 3071 Verum
1368 3009 1447 3070 nibil
1459 3010 1518 3070 hoc
1531 3010 1565 3069 in
1580 3011 1654 3071 Gre-

83 3107 208 3170 uibenda
220 3115 305 3186 sunt,
324 3127 395 3188 quae
422 3107 493 3169 usui
512 3107 603 3168 uobis
625 3112 719 3168 erunt
732 3107 766 3166 in
783 3125 830 3167 se·
882 3107 963 3185 gorii
978 3105 1046 3166 loeo
1068 3105 1250 3184 ambiguum
1267 3109 1324 3174 est,
1349 3120 1384 3161 ac
1411 3100 1547 3176 difficile,
1565 3101 1590 3161 si
1617 3121 1653 3162 eu

84 3201 228 3277 quentibuo
242 3200 377 3261 maxime
388 3199 428 3260 ad
442 3198 609 3260 eludendas
618 3197 776 3277 Anonymi
784 3216 833 3258 ca-
882 3197 1068 3272 consideres,
1084 3214 1155 3275 qnae
1169 3195 1261 3274 paulo
1273 3193 1414 3272 superius
1430 3192 1652 3254 animadverti-

83 3289 687 3371 lnmniatorissopbisticasurgntinuculus.
701 3290 830 3366 «Unam,
882 3307 952 3350 mus
963 3290 1001 3350 de
1009 3294 1155 3368 ἔνεργείᾳαῐ
1163 3288 1256 3349 πίθοι’.
1270 3287 1386 3346 Natura
1395 3284 1653 3364 quippebomiuis
1687 3298 1818 3351 mentum

83 3380 177 3462 Inquit,
197 3386 353 3446 actionem
377 3388 466 3445 vocat
490 3381 654 3443 unitione:
670 3389 832 3460 cognatam
880 3381 1001 3461 agendo
1024 3380 1141 3460 patitur
1169 3398 1176 3439 ;
1205 3384 1236 3439 et
1258 3395 1330 3438 eum
1356 3377 1394 3437 de
1421 3376 1652 3456 operationibus
1678 3351 1827 3407 ‘mmm‘

83 3476 451 3556 rero,rati0uepartium;
471 3479 578 3554 utpote
600 3491 670 3553 quaa
693 3473 831 3552 ejusdem
881 3477 988 3534 contra
1003 3470 1165 3532 haereticos
1182 3469 1385 3549 disputamus,
1405 3467 1561 3547 passiones
1578 3485 1654 3545 quo-

83 3564 160 3627 tuerit
171 3569 355 3629 inomnium
362 3567 511 3628 efficiente
525 3566 666 3645 Imperio,
679 3570 831 3626 etsanctee
881 3582 943 3643 que
962 3562 1204 3642 comprehendi,
1221 3561 1339 3622 dictum
1361 3565 1407 3621 est
1431 3561 1530 3640 capite
1550 3560 1652 3640 primo

84 3659 168 3718 camir
187 3666 315 3722 attactu.
340 3658 461 3719 Etenim
483 3676 539 3738 per
559 3657 651 3716 ambo
674 3656 732 3717 ista
753 3658 833 3718 Deus
882 3655 955 3717 libri
967 3654 1089 3734 hujus'.

83 3748 203 3812 t'erbum
215 3749 381 3813 manifeste
393 3750 481 3812 illam
495 3748 686 3826 ostendebat,
703 3766 740 3809 eo
753 3748 832 3828 ipso,

112 3945 131 3984 a
149 3932 214 3986 Itu.
228 3934 261 3988 in
279 3932 365 4003 utsp.
384 3929 451 3984 Μίαν
470 3934 573 4001 συγγενῆ
592 3928 625 3982 δι’
644 3928 734 4001 ἀμφοῖν
753 3927 833 3982 ἔπιδε·
883 3932 978 3989 καῦσιν,
990 3925 1055 3980 ἀλλὰ
1070 3926 1110 3978 καί
1122 3928 1166 3979 τοῦ
1175 3925 1275 3996 σιδήρου
1292 3922 1332 3977 διὰ
1350 3922 1394 3991 τὴν
1414 3923 1509 3976 ἕνωσιν·
1520 3924 1562 3975 καὶ
1573 3921 1617 3990 τὴν
1628 3921 1653 3977 ἐν

83 4012 191 4085 ίιιγρίνον
210 4014 346 4087 ίνίργειαν,
368 4012 410 4068 τὀν
428 4013 534 4084 Χριστόν
551 4012 656 4080 δηλαδὴ,
676 4013 770 4083 ptrue:
786 4010 836 4081 qui
884 4014 935 4074 τοῖς
944 4011 1048 4082 turipum
1056 4009 1121 4062 θείαν
1138 4012 1181 4062 τοῦ
1198 4009 1273 4080 λόγου
1292 4008 1365 4060 πάλιν
1387 4004 1506 4077 ἐνέργειαν
1525 4004 1558 4077 μὴ
1578 4003 1653 4060 αὐτοῦ

84 4096 163 4165 tratti
176 4097 251 4154 lucus
266 4095 335 4153 libro
350 4097 386 4154 IV
401 4097 508 4152 Comtu.
525 4100 557 4151 Io
567 4099 653 4152 Joart.
669 4094 779 4164 legitur.
885 4096 960 4167 μόνον
971 4094 1011 4147 ut
1021 4092 1063 4160 τὴν
1075 4092 1144 4164 φύσιν
1154 4091 1283 4164 ὑπάρχειν,
1294 4089 1359 4142 ἀλλὰ
1373 4090 1414 4142 καὶ
1431 4087 1505 4156 αὗτῆς
1523 4092 1566 4155 τῆς
1584 4087 1654 4160 ἁγίας

112 4179 126 4235 ὁ
144 4182 242 4237 Iitxtrr.
264 4180 340 4253 apud
354 4180 438 4236 Eutb.
455 4183 530 4235 Pare.
550 4179 616 4234 Μίαν
631 4178 675 4251 μὲν
691 4183 722 4251 τῇ
739 4178 833 4241 ἒνώσει,
884 4177 982 4250 σαρκός,
993 4175 1034 4229 διὰ
1043 4174 1087 4243 τὴν
1096 4174 1156 4247 πρός
1165 4173 1238 4228 αὐτόν
1248 4172 1302 4226 καθ’
1318 4172 1452 4225 όπόστασιν
1463 4172 1560 4226 ἕνωσιν.
1570 4188 1654 4243 σιινερ-

84 4263 289 4334 capuanae
303 4266 356 4326 τοῖς
366 4265 473 4336 μέρεσιν·
492 4257 579 4325 berou
589 4262 662 4316 αὺτοῦ
676 4256 750 4316 οὖσαν
768 4260 792 4315 ἔν
808 4281 835 4315 τε
883 4261 953 4334 γάτιν
963 4260 1011 4332 γὰρ
1022 4259 1108 4312 ἑαυτοῦ
1119 4260 1208 4327 ταύτην
1219 4256 1243 4310 ἐν
1253 4256 1383 4320 τοῖςθείοις
1393 4255 1588 4328 παρελάρόανεν.

83 4354 212 4420 numenei>
223 4349 403 4420 προστάγματι,
422 4346 463 4399 καὶ
479 4346 528 4419 ἁφῇ
546 4349 590 4413 τῆς
601 4344 672 4417 ἁγίας
685 4347 782 4416 σαρκός.
802 4345 834 4397 δι’
921 4360 935 4399 c
955 4345 1083 4401 errruz.
1101 4348 1169 4397 orat.
1188 4358 1215 4396 x.
1236 4341 1330 4413 Μικρόν
1346 4339 1372 4393 δὲ
1388 4339 1540 4412 detepuerat
1555 4339 1653 4409 τόσνγ-

85 4425 239 4503 ἆρφοῖνγόρό
251 4431 304 4493 θεός
318 4430 394 4502 λόγος
402 4429 491 4498 ταόιην
502 4435 585 4500 σαφῶς
601 4426 763 4491 turbaturum,
774 4428 836 4480 δεικ-
884 4425 951 4499 γενές
959 4427 1058 4499 σαρκίον
1069 4425 1236 4487 ἀπολαόοῦσα,
1249 4419 1311 4496 ᾧτίι
1320 4422 1411 4476 ἐκεῖθεν
1422 4422 1615 4493 συνεφιλοσόφει.

84 4510 245 4583 exuetur
263 4513 337 4581 αὐτῆς
354 4515 496 4579 ζωοποιεῖν,
511 4512 546 4575 ὣς
562 4514 602 4564 καὶ
621 4509 681 4578 aba-i}
699 4511 784 4583 γίγονε
802 4508 835 4563 δι’
919 4508 941 4565 d
962 4510 1084 4565 Guucott.
1101 4509 1218 4566 Nrssru.
1231 4507 1305 4563 invi
1320 4523 1383 4576 syn.
1399 4511 1454 4561 act.
1469 4520 1517 4561 ιιι.
1541 4502 1659 4575 Ἐνεργεῖ

85 4592 263 4660 &taumate
275 4597 436 4668 Ketdmpuei
445 4601 493 4668 πῦρ
502 4595 543 4649 ut
552 4595 652 4668 σιδήρου
661 4598 742 4660 καῖον,
750 4592 835 4647 taccu
885 4592 932 4666 γὰρ
943 4593 977 4655 ὣς
987 4592 1107 4660 ἀληθῶςίγ
1118 4593 1203 4659 νεότης
1219 4590 1259 4644 διὰ
1268 4595 1312 4643 τοῦ
1330 4590 1384 4661 περί
1395 4587 1469 4657 atriu
1485 4588 1600 4659 σώματος
1608 4584 1653 4653 τὴν

85 4678 170 4747 sirete
188 4678 247 4734 σότό
263 4680 393 4734 παιστικόν
413 4677 540 4750 ἀποφαίνει
558 4678 588 4733 τό
601 4677 710 4749 σίδηρον·
721 4677 755 4739 ὡς
773 4670 835 4729 εἶναι
885 4679 929 4730 τοῦ
939 4676 1030 4738 παντός
1039 4675 1171 4747 σωτηρίαν·
1189 4674 1224 4736 ὡς
1234 4667 1297 4727 εἶναι
1311 4677 1355 4742 τῆς
1365 4671 1407 4745 μὲν
1418 4671 1506 4744 σαρκός
1520 4670 1549 4724 τό
1566 4669 1653 4735 πίθος,

84 4755 158 4813 λαίαν
173 4761 212 4815 et
226 4766 297 4819 τοῦτο
313 4762 347 4837 μὴ
366 4765 411 4817 τοῦ
433 4761 507 4835 πυρός
525 4761 587 4816 κατὰ
605 4760 676 4833 φόσιν
697 4762 771 4833 μόνον
791 4758 835 4827 τὴν
886 4758 1225 4832 τοῦδέθασῦτόνίνίργειαν.

107 4922 280 4990 tta-rra.
