3956 6158
549 369 1012 442 heidenheimensem.
1035 370 1105 444 XII,
1133 369 1216 432 CAP.
1239 370 1333 431 XVII.
1668 372 1722 433 60¹

137 539 231 617 larga
252 536 344 598 dehet
368 537 466 597 inesse
488 535 589 615 copia,
611 540 642 596 et
654 533 814 614 opulentia
828 552 911 613 quoe-
960 535 1303 614 nitatemzhngelornm
1315 552 1400 610 vero,
1416 541 1448 596 et
1461 535 1727 615 Arehangelorum

138 631 216 691 dem
235 629 476 707 omniumque
494 627 532 687 ad
552 642 663 704 eorpus
681 626 847 703 tuendum,
862 643 913 686 vo·
960 626 1132 688 seeundum
1145 627 1282 688 divinum
1293 634 1438 688 naturam
1451 627 1598 688 dominus
1611 633 1665 690 est.
1684 628 1729 689 lbi

138 720 324 799 getsndum,
346 725 379 780 et
397 718 603 780 animandum
626 716 798 778 necessarie
826 722 908 777 sant.
961 718 1046 779 enim
1066 724 1158 798 caput
1177 737 1234 799 pro
1254 720 1431 800 principatu
1454 720 1591 799 posuitss.
1615 741 1631 778 ν
1655 721 1730 794 Quae

138 812 238 873 Sioin
252 811 404 891 spirituali
418 809 559 871 Eeelesire
573 808 673 889 ospite
692 808 826 883 Christo,
845 807 912 890 ple·
962 815 1117 890 postrema
1143 811 1238 871 verbs
1266 812 1400 873 notends
1434 817 1546 872 sunt:⁴
1570 811 1731 892 multoque

137 902 247 963 stdudo
261 903 355 964 omnis
368 901 518 963 inhabitat
537 921 549 962 .·
578 900 611 961 in
624 918 713 980 eoque
725 908 794 961 auoit
818 919 914 961 omnes
962 902 1071 980 magis,
1087 920 1158 981 quse
1173 902 1270 964 Graeci
1297 903 1350 963 alii
1378 904 1562 982 interpretes
1583 904 1623 964 ad
1646 922 1732 965 eiam·

139 994 276 1056 meoet
301 995 483 1075 sapientise,
524 1000 552 1053 et
577 991 708 1053 scientior
740 991 912 1053 absconditi.
963 994 1034 1055 dem
1048 994 1154 1055 loeum
1167 995 1302 1074 epistole
1316 993 1356 1054 od
1379 994 1553 1057 colossenses
1566 1002 1728 1074 usurpant.

138 1089 222 1150 Inde
243 1092 345 1147 totum
367 1086 401 1146 in
426 1102 549 1164 eorpus,
565 1102 601 1145 ao
624 1084 746 1160 singula
772 1084 914 1144 membra
963 1086 1043 1146 Nam
1056 1086 1292 1165 Chrysostomus
1304 1086 1388 1165 quod
1398 1086 1561 1165 Apostolus
1572 1087 1730 1146 Christum
1806 1128 1812 1139 .

138 1179 246 1240 vitulis
258 1178 366 1257 gratiae
381 1195 498 1250 suetus,
513 1195 549 1237 ae
562 1175 911 1249 eoelestiumdonorum,
963 1177 1097 1239 affirmat
1126 1187 1214 1259 caput
1255 1197 1310 1239 esse
1337 1178 1523 1260 principatus
1563 1178 1665 1251 omnis,
1704 1185 1732 1238 et

32 1349 35 1353 y
139 1278 175 1333 et
186 1269 376 1332 auxiliorum
393 1269 575 1329 inexhausta
588 1267 646 1343 vis,
662 1273 693 1328 et
706 1267 831 1328 ubertas
846 1286 915 1345 pro·
958 1273 1125 1350 potestatis,
1141 1269 1272 1348 explicet
1293 1269 1346 1342 sie,
1370 1276 1407 1329 ut
1421 1287 1487 1330 esse
1504 1268 1579 1330 velit
1601 1289 1616 1326 a
1638 1286 1730 1348 supe·

138 1362 295 1423 funditur.
312 1362 389 1422 Nem
405 1360 491 1421 nuilla
501 1360 559 1420 nisi
570 1377 626 1439 per
640 1358 798 1420 Christum
826 1367 857 1420 et
874 1360 914 1420 ab
963 1361 1079 1421 riorem
1093 1360 1248 1434 omnibus,
1262 1366 1293 1422 et
1306 1378 1444 1436 eausam,
1453 1378 1519 1421 non
1533 1358 1734 1420 consubstan-

140 1455 279 1529 Christo,
300 1452 387 1513 velut
403 1452 509 1524 unico,
529 1469 565 1512 ee
587 1451 724 1528 generali
750 1452 913 1530 principio,
964 1452 1077 1512 tialiter
1089 1449 1143 1515 ’ἢν
1162 1452 1367 1513 OEeumenius
1379 1452 1466 1527 item,
1483 1472 1499 1508 a
1519 1452 1618 1529 Caput
1635 1450 1732 1511 inter·

139 1545 246 1625 gratia
258 1544 431 1624 quamlibet
447 1543 558 1616 tenuis,
574 1549 605 1604 et
618 1543 705 1603 exilis
720 1542 912 1622 aspergitur:
964 1549 1103 1624 pretatur
1118 1552 1217 1620 αἰτίαν,
1233 1544 1264 1604 id
1277 1549 1324 1605 est
1334 1542 1521 1611 consummi
1534 1541 1730 1622 principium.

139 1637 231 1717 quod
257 1636 318 1697 alio
339 1636 372 1698 in
395 1636 463 1697 loeo
486 1654 525 1696 ex
553 1633 719 1714 Augustini
745 1635 914 1713 presertim

140 1728 328 1790 auctoritate
339 1726 361 1800 ²,
377 1727 497 1805 plenius
509 1727 760 1806 approbavimus.
778 1726 858 1786 Hine
871 1743 917 1786 se·

141 1820 267 1880 euredus
280 1820 380 1879 Adam
393 1818 541 1898 appellari
565 1819 643 1879 solet
659 1818 796 1878 Christus
814 1818 916 1879 Domi·

140 1909 247 1972 nus':
270 1910 353 1989 quod
372 1916 408 1970 ut
422 1911 473 1970 ille
499 1915 602 1989 eaput,
623 1910 654 1970 id
675 1917 721 1971 est
743 1917 860 1984 auster,
886 1915 917 1970 ot

140 2006 230 2062 sator
240 2002 387 2063 humanm
408 2002 579 2063 seeundum
593 2020 719 2063 earnem
736 2001 916 2082 propaginis

141 2093 228 2154 fuit:
258 2095 303 2155 sie
337 2094 465 2155 alterius
491 2112 527 2155 eo
563 2094 664 2155 multo
695 2093 917 2173 prestantioris

142 2193 246 2260 ortus,
261 2184 321 2246 hoe
341 2190 387 2246 est
408 2185 577 2264 spiritualis
588 2187 660 2247 vitre
675 2184 805 2265 largitor
818 2204 855 2246 ee
865 2203 917 2264 pa·

142 2295 221 2339 rens
229 2277 280 2339 ille
288 2277 443 2339 suecessit.
461 2279 561 2352 Quare
572 2287 719 2359 ἀρχηγέτης,
733 2284 765 2340 ei
775 2287 915 2359 nspohoto‘t·

141 2399 192 2447 ης
203 2371 343 2431 omnium
358 2370 398 2430 ad
407 2371 562 2432 coelestem
571 2372 667 2432 vitam
676 2371 915 2443 renascentium,

142 2462 241 2523 idest
266 2468 381 2531 onotor,
398 2467 428 2521 et
449 2470 539 2541 caput
551 2481 606 2524 suo
627 2463 698 2540 jure
712 2463 914 2524 nominatur:

144 2553 261 2633 quibus
277 2551 437 2612 vocabulis
471 2554 588 2632 primos
618 2554 688 2615 illos
710 2555 917 2633 propagandos

145 2644 254 2722 stirpis
262 2643 410 2705 humanas
422 2645 587 2725 principes,
600 2645 632 2705 id
646 2651 702 2717 est,
712 2646 916 2723 patriarches,

147 2736 323 2813 designavit
335 2736 526 2815 Epiphanius
538 2735 560 2797 ³.

190 2828 279 2900 Quod
308 2827 447 2905 ejusdem
469 2828 636 2908 spiritualis
657 2830 793 2908 eorporis
814 2836 916 2908 ceput,

145 2936 216 2980 non
229 2924 354 2979 tantum
378 2919 552 3004 morule,ut
570 2925 692 2993 vocant,
714 2921 886 2998 eujusmodi
901 2939 918 2981 a

146 3010 305 3090 plerisque
332 3011 546 3073 condiuntur:
582 3012 636 3073 sed
671 3024 798 3073 eatenus
825 3017 919 3073 etiam

142 3100 304 3183 physicum
323 3103 472 3182 appeliuri
496 3110 603 3183 putam
628 3123 727 3183 posse,
743 3105 827 3184 quod
845 3102 919 3184 phy-

147 3193 211 3253 sico
236 3194 395 3256 effleientie
421 3194 474 3273 (sie
487 3196 572 3256 onim
592 3195 765 3266 nominanti
787 3197 917 3273 gratiam

148 3285 312 3365 producat,
327 3291 362 3346 ut
382 3287 417 3346 in
434 3287 632 3348 Eucharistiae
646 3292 861 3348 sacramento:
886 3286 919 3347 in

149 3394 215 3455 qno
229 3376 343 3438 Christi
361 3395 431 3439 earo
447 3379 481 3439 in
502 3379 603 3440 Verbo
627 3378 796 3440 subsistens
809 3378 918 3440 seneti-

148 3474 257 3544 tatem,
274 3476 304 3530 et
328 3471 461 3546 gratiam
474 3472 508 3532 in
529 3472 578 3545 iis,
593 3473 649 3551 qui
671 3472 739 3541 rite,
765 3473 919 3554 digneque

965 1634 1087 1714 Quippe
1115 1636 1204 1696 omni
1231 1641 1352 1696 nuturae
1373 1641 1484 1695 creatse
1514 1639 1578 1694 tam
1604 1634 1731 1705 eoelesti,

965 1745 1060 1805 qutun
1074 1732 1216 1801 terrente,
1235 1746 1326 1787 carisa
1338 1733 1369 1788 et
1380 1727 1567 1807 principium
1582 1732 1629 1788 est
1643 1727 1733 1786 Chri-

965 1825 1041 1893 stus,
1072 1825 1222 1898 turaquam
1247 1819 1399 1893 eonditor,
1425 1823 1457 1879 et
1477 1818 1572 1879 laetor
1593 1818 1730 1879 illorum.

965 1912 1044 1972 Nam
1057 1916 1119 1972 sine
1132 1911 1206 1992 ipso,
1221 1910 1335 1989 inquit,
1357 1911 1469 1990 (ortum
1482 1918 1525 1971 est
1546 1908 1634 1984 nihil,
1659 1909 1735 1990 quod

965 2003 1076 2081 sectum
1092 2010 1164 2064 esta.
1189 2025 1204 2060 ν
1230 2004 1277 2063 Ita
1290 2002 1383 2063 etiam
1403 2003 1664 2081 Theophylaetus‚
1680 2003 1735 2082 qni

966 2095 1087 2172 eadem,
1103 2112 1158 2154 suo
1172 2112 1269 2170 more,
1282 2094 1377 2154 verba
1391 2095 1600 2173 Chrysoslomi
1614 2095 1734 2174 posuit3

965 2187 1129 2264 atqnehoe
1152 2188 1279 2265 insuper
1300 2187 1397 2261 addit,
1418 2186 1601 2265 Apostolum
1622 2188 1656 2247 in
1682 2186 1735 2248 illo

965 2278 1045 2353 loeo,
1065 2277 1290 2340 colossensium
1303 2276 1553 2356 superstitionem
1570 2284 1692 2355 notare,
1705 2283 1737 2339 et

966 2389 1074 2431 <narrare
1088 2371 1232 2437 voluisse.
1248 2369 1301 2449 qui
1324 2369 1459 2448 Angelos
1479 2388 1573 2448 supra
1586 2377 1736 2431 oreuturse

965 2461 1096 2524 medum
1127 2462 1268 2523 venerari
1300 2461 1456 2531 selehent;
1489 2462 1577 2541 qussi
1603 2462 1734 2537 dieeret;

972 2576 983 2608 a
999 2554 1160 2626 Quomodo
1172 2554 1268 2632 igitur
1278 2553 1331 2614 illo
1346 2553 1465 2629 relicte,
1481 2553 1519 2627 ad
1538 2553 1673 2632 Angelos
1686 2572 1737 2614 se-

967 2645 1102 2723 eurritis,
1114 2664 1248 2724 quorum
1262 2645 1314 2706 ille
1323 2652 1414 2725 eaput
1429 2650 1474 2705 est
1483 2643 1518 2705 ⁶?
1533 2665 1549 2701 ν
1566 2647 1614 2704 Ex
1624 2645 1737 2723 quibus

968 2738 1094 2799 evidens
1119 2743 1180 2813 est,
1200 2737 1269 2797 illos
1297 2754 1405 2797 omnes
1426 2742 1513 2816 caput
1537 2735 1576 2795 eh
1590 2736 1737 2814 Apostolo

967 2830 1071 2889 soseri
1086 2829 1242 2890 Christum
1265 2827 1466 2901 existimasse,
1483 2832 1635 2905 qnatenus
1656 2828 1738 2887 Deus

968 2926 1024 2981 est.
1041 2919 1200 2999 Siquidem
1211 2925 1242 2979 et
1255 2919 1313 2979 hee
1333 2917 1397 2978 sole
1417 2919 1535 2978 ratione
1556 2923 1675 2978 creator
1693 2924 1738 2979 est

968 3012 1130 3074 omnium:
1150 3017 1181 3072 et
1203 3011 1241 3071 ad
1256 3010 1434 3071 institutum
1459 3009 1556 3088 ipsius
1574 3010 1733 3085 atterebat,

968 3104 1160 3165 divinitatem
1175 3103 1314 3182 ejusdem
1334 3104 1368 3163 in
1394 3102 1532 3162 medium
1558 3101 1679 3176 etlerre,
1701 3107 1736 3162 ut

969 3202 1056 3257 tanto
1070 3197 1170 3275 magis
1180 3195 1311 3276 puderet
1331 3194 1533 3268 Colossenses,
1559 3195 1598 3254 ad
1620 3198 1735 3254 ereata·

968 3306 1039 3350 rum
1051 3306 1157 3350 rerum
1171 3305 1236 3349 sese
1250 3287 1367 3350 cultum
1378 3304 1451 3350 eum
1463 3285 1609 3348 oreatoris
1622 3285 1734 3364 injurio

967 3380 1139 3442 demittere.

1008 3473 1086 3535 Htrie
1101 3473 1194 3535 etiam
1207 3472 1370 3551 suffragari
1379 3471 1501 3533 videtur
1511 3471 1644 3537 lrenaeus
1654 3469 1733 3531 lihm

150 3564 337 3645 participant
350 3564 454 3640 effioit,
463 3565 502 3627 de
515 3583 579 3644 quo
592 3564 677 3639 alies.

192 3656 243 3717 tv.
274 3657 409 3718 Pertinet
430 3658 470 3718 ad
490 3657 632 3720 eamdem
655 3658 762 3736 copies
789 3657 920 3737 amplifi·

958 3567 1059 3626 tertio
1073 3565 1173 3645 eapite
1185 3565 1338 3641 xx111,ubi
1360 3564 1530 3641 Christum,
1545 3568 1581 3624 nt
1593 3563 1732 3625 Verbum

968 3670 1025 3733 est,
1050 3658 1222 3737 prinoipem
1250 3675 1314 3718 esse
1345 3657 1418 3718 dieit
1449 3656 1618 3718 coelestium
1641 3656 1732 3735 spiri·

151 3748 471 3827 mndamdtgnitatem
485 3748 672 3828 istequoque
686 3749 916 3826 contemplatio,
968 3754 1080 3810 tuum:
1095 3755 1127 3810 et
1140 3755 1175 3810 ut
1187 3748 1283 3810 homo
1298 3755 1353 3824 est,
1372 3748 1519 3810 Eoelesiae
1534 3766 1599 3809 esse
1623 3753 1734 3827 esput;

150 3858 217 3900 non
237 3841 340 3901 solum
361 3841 538 3917 hominum,
558 3860 621 3920 qna
640 3841 736 3903 homo
755 3849 811 3914 est,
827 3846 920 3921 oapnt
969 3858 1064 3919 quem
1087 3840 1192 3901 looum
1214 3840 1248 3900 in
1272 3841 1406 3902 seeundo
1434 3840 1514 3900 libro
1540 3836 1733 3899 citavimus⁸.

69 3995 77 4009 ‚
151 3948 218 3993 esse
237 3930 406 4005 Cluistum,
430 3933 483 3994 sed
503 3933 597 3994 etiem
610 3933 818 4012 Angelorum
835 3933 919 4013 quod
970 3933 1037 4006 Quo
1062 3939 1093 3994 et
1113 3932 1191 3993 illud
1216 3932 1356 3993 Philonis
1389 3931 1544 4012 Carpathii
1566 3935 1667 4010 potest
1681 3947 1734 3990 re·

150 4022 288 4098 theologi
301 4041 357 4102 pro
372 4023 510 4085 eonfesso
516 4023 644 4100 hebent,
659 4026 817 4086 ethorum
832 4025 917 4105 prin·
967 4021 1070 4084 ferril:
1091 4025 1184 4103 «Ipsa
1192 4024 1210 4084 J
1213 4042 1266 4085 esu
1275 4023 1523 4103 earo‚ait,eeput
1531 4021 1732 4095 estEeelesiae,
1804 4038 1807 4043 ’

150 4131 223 4194 oeps
242 4114 276 4176 S.
295 4115 430 4176 ihomas
440 4113 462 4175 ⁴.
486 4117 529 4177 Ae
541 4121 659 4178 veteres
685 4117 812 4196 quidam
836 4117 920 4178 Chri-
968 4120 999 4177 et
1012 4116 1145 4177 salutare
1158 4114 1347 4195 pabulum.»

151 4211 236 4267 stum
249 4207 433 4285 angelorum
453 4213 547 4287 eaput
560 4208 746 4269 constituere
761 4209 917 4285 videntur,
1008 4209 1048 4269 V.
1078 4209 1193 4269 Verum
1214 4208 1240 4269 si
1270 4208 1379 4289 eapitis
1411 4209 1497 4270 notio
1525 4209 1733 4289 principatum

150 4303 305 4377 quatenus
319 4304 367 4360 est
376 4300 472 4360 Deus:
488 4305 524 4359 nt
545 4299 781 4379 chrysostomus
791 4299 813 4368 ³,
832 4301 920 4381 eujus
969 4301 1133 4375 duntaxat,
1151 4307 1182 4363 et
1210 4303 1402 4380 superiorem
1424 4300 1607 4380 dignitatem
1619 4300 1735 4376 signifi·

149 4389 247 4451 verba
259 4407 354 4467 supra
366 4389 601 4469 descripsimus⁸
615 4412 622 4453 :
634 4409 691 4452 neo
703 4410 768 4454 non
782 4393 919 4455 Theodo-
968 4403 1026 4469 eut,
1043 4394 1162 4455 nemini
1175 4394 1350 4455 Christiano
1364 4392 1506 4454 dubitare
1524 4392 1572 4453 ias
1585 4404 1641 4468 est,
1657 4393 1734 4471 quin

149 4487 249 4543 retus:
266 4482 319 4561 qni
340 4483 378 4543 ad
393 4483 447 4543 illa
460 4483 557 4557 Pauli,
575 4483 634 4559 Oui
645 4491 688 4545 eat
710 4490 800 4564 capot
825 4485 918 4546 omasi
968 4485 1119 4559 Christus,
1133 4504 1196 4564 que
1210 4488 1305 4547 homo
1319 4491 1375 4554 est,
1391 4486 1527 4547 multum
1539 4485 1733 4563 hominibus,

145 4573 339 4654 principatus
365 4582 393 4635 et
414 4577 575 4655 potestoth3
604 4574 792 4638 itaserihitl.
824 4578 918 4652 «Qui
967 4585 998 4641 et
1014 4579 1140 4658 Angelis
1163 4579 1302 4640 excellat.
1326 4578 1412 4652 Quod
1436 4583 1467 4638 et
1494 4577 1558 4657 ipse
1571 4577 1733 4654 Dominus,

149 4672 293 4731 nostrum
303 4668 430 4747 quidem
444 4677 536 4751 ceput
549 4675 610 4746 est,
626 4669 917 4733 seeundumlmma·
967 4677 1131 4753 postquem
1154 4671 1315 4734 amortuis
1332 4669 1544 4748 excitatusest,
1561 4670 1609 4733 his
1631 4668 1734 4735 verbis

184 4887 206 4929 a
224 4873 399 4930 turonem.
423 4872 469 4937 ’ος
488 4873 560 4947 ἡμῶν
575 4874 618 4948 μίν
640 4873 691 4929 ἔστι
707 4874 770 4928 κατὰ
782 4873 812 4928 rh
825 4872 918 4946 ἀνθρώ·
1003 4889 1018 4929 o
1036 4875 1143 4932 oscus.
1159 4873 1188 4931 in
1205 4891 1265 4945 cap.
1282 4890 1301 4930 tt
1316 4874 1359 4930 ud
1370 4874 1428 4932 eol.
1449 4874 1561 4948 tapete
1574 4873 1677 4930 inroitu
1690 4874 1734 4946 τὴν

147 4972 218 5010 ntea
231 4958 335 5028 κεφαλή·
358 4958 470 5031 ἀγγέλων
490 4959 517 5014 δὲ
543 4960 584 5013 καὶ
606 4958 768 5032 ἀρχαγγίλων
791 4956 855 5011 κατὰ
873 4955 917 5025 τὴν
967 4956 1047 5013 αἰτίαν
1061 4959 1136 5030 λέγει.
1157 4959 1221 5031 πάσῃ
1245 4958 1293 5030 γὰρ
1319 4964 1423 5034 γεννητῇ
1450 4960 1519 5033 φύσει
1543 4959 1680 5032 ἐπουρανίῳ
1693 4961 1734 5014 καὶ

147 5039 215 5093 isius
229 5040 300 5112 piore
313 5043 435 5107 δεσπόζῃ.
456 5042 580 5098 Ἐνταῦθα
593 5041 640 5117 γὰρ
654 5043 684 5096 τὸ
697 5038 789 5113 κεφαλὴ
803 5039 858 5095 ἄντι
873 5045 917 5095 τοῦ
966 5038 1066 5114 ἐπινείῳ
1090 5040 1167 5105 αἴτιος
1188 5042 1202 5095 ὁ
1224 5042 1329 5112 Χριστὸς
1352 5043 1386 5107 ὡς
1403 5045 1560 5116 δημιουργὸς.
1574 5042 1616 5097 καὶ
1633 5040 1735 5111 ποιητὴς

147 5121 213 5197 ἆρχὴ
228 5125 327 5181 tiltres.
965 5123 1055 5179 αὑτῶν.
1071 5125 1147 5199 χωρὶς
1157 5124 1204 5197 γὰρ
1218 5125 1303 5193 αὑτοῦ,
1318 5127 1400 5197 φησὶν,
1417 5125 1512 5199 ἐγένετο
1526 5126 1595 5181 οὐδὲν
1610 5127 1732 5200 epigene.

189 5215 207 5271 ὁ
226 5214 329 5270 Cutis,
345 5211 420 5267 item.
440 5227 467 5266 t't
484 5211 512 5267 in
528 5225 571 5283 ep.
588 5208 629 5266 acl
652 5207 712 5264 (ol.
732 5208 835 5263 Πάντων
849 5206 915 5260 ἀνώ-
1000 5207 1022 5264 d
1039 5208 1162 5264 Tarona.
1183 5209 1241 5270 Πῶς
1261 5204 1303 5262 οὖν
1322 5205 1410 5265 τοῦτον
1427 5209 1525 5283 ἀφέντες
1547 5210 1661 5283 ἀγγέλοις
1674 5228 1734 5282 προ-

148 5315 231 5368 τερος,
244 5293 322 5357 diris,
337 5293 394 5367 etp
410 5294 557 5365 operosior.
965 5291 1090 5363 στρίχετν,
1106 5287 1141 5344 ὧν
1151 5289 1215 5346 ἔστιν
1226 5291 1242 5359 ἢ
1255 5293 1364 5364 nequii&
1384 5314 1386 5319 ’

176 5469 188 5508 1
202 5464 248 5510 tlt.
260 5463 279 5508 11
296 5463 322 5508 tto
332 5465 378 5518 lopo
387 5467 409 5507 et
420 5463 500 5517 mtto,
515 5473 565 5518 esp.
577 5472 640 5505 nu·
657 5461 702 5505 il.
717 5462 811 5509 const.
829 5460 864 5504 ts.
875 5482 903 5492 -
916 5460 931 5503 s
945 5459 997 5504 luit.
1018 5462 1104 5506 Pauor.
1114 5482 1140 5496 -
1155 5461 1205 5506 Ην
1220 5461 1250 5506 lll
1263 5473 1303 5518 par
1313 5474 1351 5518 qu.
1364 5472 1412 5516 τινι,
1425 5467 1468 5509 art.
1485 5461 1507 5507 i.
1518 5484 1546 5496 -
1562 5463 1576 5506 t
1592 5462 1657 5509 iloto.
1678 5474 1695 5516 t,
1710 5463 1733 5509 le

151 5539 187 5583 ep.
200 5526 230 5570 nd
240 5526 296 5579 m.
308 5527 361 5568 -t
372 5524 420 5567 lib.
434 5524 464 5575 il,
478 5535 527 5579 erp.
540 5534 580 5575 su,
592 5521 638 5578 §tt
647 5523 693 5565 -l
705 5521 745 5567 stt
760 5521 788 5571 ll.
800 5533 849 5577 rip.
862 5532 904 5573 νιν,
915 5522 960 5577 5⁵·
973 5538 1001 5554 ·-
1010 5522 1024 5566 8
1033 5523 1085 5578 Cap.
1098 5534 1139 5575 nt,
1151 5523 1196 5580 5⁴·
1207 5543 1233 5559 -
1246 5528 1259 5567 t
1270 5524 1365 5569 Phltola
1377 5528 1436 5569 cant.
1445 5524 1524 5569 Tomi
1534 5524 1590 5569 stu.

1793 4232 1873 4277 christ

1760 4296 1867 4384 ltouiiiinrsr
1872 4344 1895 4384 et

1760 4392 1896 4494 „sata
