3956 6158
326 340 384 408 tta
823 344 1154 411 ruuolomcouull
1174 346 1407 412 DOGMATUM.

327 507 439 588 quihus
478 509 635 568 ducuntur
659 507 726 569 istae
764 506 991 585 similitudines,
1027 527 1093 571 non
1142 510 1226 573 illam
1256 510 1414 574 actionem
1441 510 1487 572 uti
1516 511 1618 575 solent
1634 508 1912 589 accusentur

326 601 539 680 proprietates.
575 621 590 656 ιι
626 601 698 661 Νοιι
718 600 813 680 igitur
849 620 961 662 verum
1001 601 1094 662 sacri·
1144 602 1260 679 Patres,
1298 621 1367 683 quaa
1408 608 1488 664 certe
1515 602 1683 665 sacrificam
1720 605 1884 666 oblationem
1900 584 1955 673 'a'

326 692 432 753 ficium
465 692 638 771 appellatur
677 693 897 769 misericordia,
945 694 992 753 rel
1028 712 1092 754 cou-
1142 694 1467 775 nauseantemque
1481 696 1799 776 peculiarem,etquae
1811 692 1931 781 sacri-'2

327 786 398 844 triti
409 784 505 845 cordis
516 784 708 860 sacrificium,
721 786 810 864 quasi
821 786 944 865 proprie
958 786 1090 846 dictum:
1141 785 1203 848 fieri
1236 805 1351 848 nomen
1374 790 1522 868 proprie,
1551 806 1615 849 non
1636 804 1836 869 κατωρρησταῶς,
1860 795 1885 849 et
1924 843 1955 887 w

326 877 370 938 uti
392 895 449 939 nee
474 877 548 937 vitia
580 895 663 952 vera,
692 878 741 936 vel
768 883 866 957 petra,
896 884 941 938 est
968 880 1092 958 proprie
1142 880 1348 941 communiter
1374 880 1502 955 obtinet,
1530 888 1566 941 ut
1592 887 1665 942 sunt
1695 888 1834 962 προσριρὰς
1861 888 1884 943 el
1916 894 1929 936 t

325 970 417 1031 dictu.
444 970 505 1030 Sed
536 970 619 1030 idem
633 975 689 1037 esi,
715 988 750 1029 uc
776 972 979 1047 pl'aecipllllm,
1003 977 1034 1030 ct
1060 972 1092 1031 in
1141 981 1294 1052 προσφέρειν,
1309 980 1450 1052 ἱερατεύειν,
1467 981 1565 1054 ἱερεῖον,
1580 980 1690 1053 ἷερεῦειν,
1718 981 1799 1052 ἱερεὺς,
1818 982 1884 1045 usus,

325 1063 408 1142 quod
429 1062 624 1142 potissimum
648 1061 785 1122 intentus
804 1067 849 1121 est
866 1067 983 1134 arictor,
1003 1063 1091 1123 insti·
1141 1071 1271 1137 θυσιάζειν,
1299 1074 1392 1146 βωμός.
1417 1066 1535 1127 Latinis
1548 1064 1666 1140 otlue‘o,
1688 1072 1717 1124 ct
1731 1063 1885 1146 sacrificium

323 1162 469 1235 tutorque
482 1155 610 1215 visibilis
633 1155 722 1230 ritus,
750 1161 781 1215 ct
806 1155 958 1215 sacrificii.
984 1155 1034 1216 Sic
1059 1156 1092 1216 in
1140 1156 1278 1236 corporis,
1303 1166 1329 1217 et
1356 1156 1508 1239 respicietis
1527 1158 1660 1233 Domini,
1680 1156 1790 1236 offerre,
1808 1177 1884 1218 muse

323 1248 422 1328 capite
436 1254 522 1308 sexto
535 1247 607 1307 libri
620 1246 758 1324 ejusdcm
772 1246 883 1306 decimi
903 1246 938 1307 de
960 1245 1092 1309 Ciuitate
1140 1265 1233 1325 crore,
1252 1248 1430 1331 souu‘ficare,
1457 1250 1618 1325 immolare,
1639 1250 1781 1322 sacerdos,
1798 1249 1883 1326 chum,

322 1339 392 1417 Dei,
413 1341 517 1420 ipsum
535 1339 695 1400 hominem
709 1341 796 1418 pium
810 1339 883 1399 dicit
903 1357 968 1399 csse
980 1341 1093 1400 sacrifi·
1141 1345 1172 1401 et
1185 1340 1322 1419 ejusdem
1342 1342 1465 1422 generis
1486 1343 1556 1415 alia,
1575 1360 1646 1422 qum
1669 1343 1783 1421 partim
1806 1342 1838 1401 iis
1859 1343 1884 1403 in

322 1434 418 1494 cium.
435 1435 473 1493 Et
491 1433 525 1492 in
539 1432 603 1493 fine
618 1431 791 1493 concludit:
811 1452 827 1488 u
842 1432 906 1492 Hoc
919 1438 965 1492 est
977 1434 1092 1492 sacrifi·
1141 1433 1268 1493 Petrum
1296 1435 1466 1510 sententiis,
1494 1454 1571 1514 quas
1593 1435 1784 1496 antecedenti
1808 1435 1885 1514 cupite

323 1527 406 1587 cium
429 1526 692 1587 Christianorum:
719 1524 808 1585 Multi
848 1543 947 1585 rincum
981 1544 1092 1605 corpus
1141 1526 1341 1606 collegimus;
1369 1533 1488 1605 partem
1513 1529 1548 1587 in
1573 1527 1774 1607 sequentibus
1791 1527 1886 1587 adalim

322 1638 429 1681 sumus
442 1619 473 1677 iu
500 1619 640 1692 Christo;
658 1617 742 1696 quod
771 1617 865 1677 etiam
897 1625 1090 1679 sacramento
1141 1637 1284 1699 expressa
1306 1620 1450 1699 reperies
1483 1620 1537 1679 His
1560 1619 1643 1680 enim
1672 1619 1797 1680 vocibus
1820 1624 1886 1679 certa

322 1704 425 1773 altaris
438 1710 582 1771 fidelibus
594 1715 670 1770 noto
679 1709 853 1788 frequentat
862 1710 1013 1771 Ecclesia:
1037 1710 1090 1771 uhi
1141 1712 1277 1790 quedam
1299 1711 1420 1772 ratione
1439 1711 1557 1792 positis,
1583 1717 1614 1773 et
1634 1712 1822 1787 constructis,
1839 1711 1884 1770 nisi

237 1883 239 1887 Ι
321 1804 424 1865 eidem
437 1803 678 1878 demonstratur,
701 1802 784 1880 quod
803 1803 838 1862 in
862 1821 897 1863 ea
922 1802 1088 1877 oblatione,
1141 1803 1233 1883 plane
1262 1804 1445 1884 pervicaces,
1460 1810 1492 1864 et
1516 1804 1607 1864 stulte
1635 1803 1815 1864 contentiosi
1834 1820 1885 1864 eae

321 1913 415 1976 quam
429 1895 529 1971 offert,
545 1895 611 1974 ipsa
623 1894 781 1955 offeratur.
794 1915 808 1951 u
1140 1896 1295 1962 volumus.
1319 1896 1408 1957 lateri
1428 1897 1579 1974 cogimur,
1603 1896 1695 1957 inisse
1716 1897 1753 1957 in
1776 1895 1885 1956 music

363 1991 424 2050 Nos
437 1987 531 2049 nimis
545 1987 636 2047 anxia
650 1987 849 2047 contentione
872 1987 1028 2062 submota,
1049 1987 1092 2049 sic
1141 1988 1250 2063 veteri,
1267 1994 1298 2049 et
1312 2006 1378 2049 csse
1392 1987 1547 2067 hodieque
1561 1989 1793 2050 sacramnesciu
1809 2004 1885 2067 quum

322 2087 436 2143 statum
465 2080 669 2141 informamus
693 2080 739 2140 rei
766 2081 797 2140 in
836 2080 938 2140 medio
969 2080 1090 2159 positae,
1141 2080 1371 2158 caeremoniam,
1381 2080 1555 2157 cujusmodi
1564 2081 1658 2161 paulo
1667 2086 1742 2143 aute
1750 2079 1884 2159 descripsi,

322 2181 415 2254 atque
428 2173 510 2234 inter
522 2172 707 2247 Catholicos,
721 2172 877 2232 ethorum
900 2172 1092 2233 adversarios
1140 2169 1200 2230 huc
1216 2175 1262 2231 est
1283 2170 1482 2230 incruentum
1504 2170 1641 2248 corporis
1655 2170 1771 2231 Christi
1782 2168 1885 2249 sangui·

323 2274 526 2328 controversae
540 2285 546 2325 :
570 2265 648 2325 Cum
662 2264 776 2344 duplex
788 2283 826 2324 ex
838 2265 1015 2341 Augustino
1033 2282 1091 2325 cce-
1140 2262 1251 2342 nisque
1264 2262 1459 2323 sacrificium.

321 2359 456 2438 terisque
483 2357 630 2417 Patribus
656 2356 795 2436 adeoque
823 2357 915 2415 sacris
952 2375 969 2416 e
1004 2354 1092 2415 libris
1181 2357 1225 2415 Ac
1248 2355 1386 2435 primum
1414 2354 1533 2415 Nicceni
1547 2355 1673 2416 canonis
1685 2354 1796 2417 decimi
1806 2350 1885 2415 oetan
1917 2396 1923 2411 .

323 2451 512 2528 intelligatur
535 2468 600 2510 esse
627 2448 768 2509 sacrificii
801 2466 918 2527 genus3
959 2448 1091 2508 alterum
1141 2447 1237 2507 verba
1256 2447 1457 2527 ponderanda
1473 2453 1556 2522 snut,
1572 2448 1751 2528 quoesicah
1764 2446 1885 2524 Dionysia
1902 2432 1947 2466 “³⁸

323 2560 499 2618 commune,
515 2542 636 2619 lateque
662 2546 820 2618 sumptum
833 2562 841 2612 3
856 2545 892 2600 ut
913 2545 987 2600 sunt
999 2558 1093 2618 opera
1142 2540 1263 2618 Exiguo
1277 2541 1311 2600 in
1332 2540 1480 2600 Latinum
1495 2541 1644 2602 translata
1659 2547 1750 2602 sant:
1769 2542 1886 2600 «Pure-

324 2637 416 2712 bona,
436 2633 605 2716 praesertim
628 2632 859 2705 misericordiae,
890 2631 1090 2714 poenitentias,
1141 2633 1227 2692 venit
1253 2633 1466 2704 adsumtum,
1495 2650 1707 2712 magnumque
1731 2631 1885 2701 concilium,

323 2749 359 2792 ac
379 2727 536 2793 similium,
554 2725 638 2804 quod
659 2730 786 2785 eatenus
798 2723 929 2797 virtutis,
953 2743 1022 2803 quae
1035 2725 1092 2785 sub
1142 2725 1226 2802 quod
1239 2724 1274 2784 in
1289 2723 1472 2803 quibusdam
1491 2723 1578 2799 locis,
1593 2737 1625 2786 et
1637 2725 1806 2786 civitatibus
1819 2726 1888 2784 Pres

175 2856 282 2903 mm„
324 2840 431 2885 sensus
444 2838 509 2881 non
527 2818 620 2895 cadit,
643 2816 793 2878 invisibile
812 2818 954 2878 nominat
975 2817 1094 2896 Augus·
1142 2816 1257 2895 hyteris
1270 2816 1401 2895 gratiam
1415 2818 1769 2879 saeraecommnnionis³.
1785 2816 1886 2899 (uraca

153 2910 300 3008 '‘fssssfifotflst
324 2917 407 2979 tinus
419 2934 427 2974 t
439 2913 572 2973 alterum
585 2914 748 2970 externum
756 2909 993 2988 etaspeotabile:
1010 2911 1093 2989 quod
1143 2907 1318 2991 εὐχαριστίαν)
1334 2907 1455 2969 diaconi
1470 2909 1628 2987 porrigant
1644 2929 1652 2985 ;
1676 2911 1762 2990 qnod
1781 2927 1830 2969 nec
1848 2924 1886 2967 re·

180 2967 192 3020 l
252 2995 258 3008 '
324 3002 589 3084 inrituquodam,
613 3006 643 3062 et
662 3001 847 3063 caeremonia
869 3001 1094 3081 consistitque
1143 3001 1227 3081 gula,
1242 3019 1300 3061 nec
1314 3000 1504 3062 consuetudo
1516 3001 1655 3076 tradidit,
1671 3002 1760 3063 utab
1781 3001 1834 3075 his,
1845 2996 1888 3077 qni

325 3102 388 3161 Deo
406 3098 522 3177 aliquid
545 3098 685 3170 offertur,
708 3093 939 3173 qualiscumque
969 3093 1093 3154 taudem
1143 3098 1325 3174 potestntem
1348 3110 1412 3153 non
1439 3092 1556 3154 habent
1592 3094 1755 3167 offerendi,
1782 3092 1820 3153 illi
1844 3087 1887 3169 qui

325 3193 455 3254 actionis
475 3193 558 3253 illius
575 3188 710 3251 conditio
736 3187 774 3247 sit
805 3186 929 3266 (dequo
956 3204 1021 3245 non
1049 3192 1094 3247 est
1142 3185 1674 3265 offeruntChristicorpusaccipiant.
1692 3187 1886 3269 Hiceposqqm,

325 3286 418 3364 hujus
430 3286 489 3345 loci
502 3282 645 3346 subtilius
654 3280 829 3359 inquirerc3
842 3277 926 3357 qnod
945 3283 1013 3337 tum
1027 3278 1090 3353 tict,
1143 3279 1235 3340 idest
1257 3277 1377 3357 offerre,
1402 3277 1605 3357 distinguitur
1627 3280 1667 3339 ab
1696 3298 1734 3341 eo
1755 3278 1832 3360 quod
1852 3281 1887 3337 est

325 3396 397 3440 cnm
417 3379 456 3439 de
482 3379 580 3439 Missae
598 3372 745 3436 sacrificio
771 3370 1006 3450 disputabimus]
1034 3370 1093 3431 hoc
1141 3368 1223 3444 darc,
1236 3370 1286 3431 rel
1299 3368 1427 3444 tradem
1444 3375 1537 3449 atque
1551 3370 1610 3431 hoc
1623 3371 1762 3431 diaconis
1781 3367 1886 3450 permit·

324 3471 420 3550 igitur
434 3472 611 3544 constituto,
636 3467 673 3528 de
697 3463 793 3544 priori
810 3462 949 3524 sacrificii
966 3463 1092 3523 notione
1142 3463 1235 3539 titur3
1247 3462 1323 3523 illud
1340 3463 1413 3523 solis
1426 3463 1592 3523 mandatur
1603 3464 1800 3543 presbyteris,
1813 3467 1885 3523 atsa-

324 3582 389 3624 non
418 3563 468 3624 hic
506 3559 722 3624 constituimus
746 3573 854 3634 agere:
899 3574 970 3616 cum
1006 3561 1093 3616 extra
1141 3555 1326 3618 cerdatibus.
1351 3556 1421 3616 Non
1445 3554 1541 3634 igitur
1563 3557 1751 3627 communis,
1778 3561 1808 3617 et
1829 3570 1886 3634 pro

325 3655 528 3735 questionem
547 3655 596 3729 sit,
617 3651 730 3712 tamin
743 3649 840 3709 veteri
854 3648 933 3726 lege,
955 3665 1048 3727 qnam
1059 3649 1092 3707 iu
1142 3649 1258 3709 miscuo
1271 3648 1414 3727 quedam
1427 3651 1474 3707 est
1487 3648 1625 3724 functio;
1642 3648 1743 3729 qualis
1759 3653 1803 3709 est
1819 3645 1887 3725 stipis

325 3747 577 3827 Nova,11surpari
591 3742 763 3824 spirituales
771 3741 887 3800 hostias
898 3741 980 3813 istas,
993 3746 1023 3800 et
1033 3740 1093 3818 spi·
1142 3741 1176 3801 in
1190 3759 1341 3820 pauperes
1354 3741 1508 3818 erogatio,
1526 3741 1574 3801 vel
1590 3760 1703 3802 moeror
1717 3742 1758 3802 ob
1775 3738 1887 3801 admissa

323 3840 449 3901 rituales
462 3839 643 3913 oblationes,
653 3855 687 3896 ac
697 3834 866 3908 sacrificia3
880 3852 949 3912 quoe
960 3833 999 3893 ab
1017 3832 1092 3894 novi
1141 3839 1282 3913 pcccata3
1299 3834 1351 3893 sed
1366 3832 1524 3909 sacratior,
1552 3839 1583 3894 ct
1602 3834 1779 3914 augustiam
1798 3835 1886 3911 utpote

324 3932 512 3993 Testamenti
523 3935 646 3992 auctore
662 3928 791 4001 Christo,
804 3931 835 3986 et
844 3927 910 4006 ejus
924 3925 1089 4006 Apostolis,
1141 3925 1179 3985 ab
1207 3926 1400 4002 consecratis,
1427 3930 1458 3985 et
1476 3926 1625 3987 ordinatis
1650 3927 1690 3987 ad
1709 3928 1768 3988 hoo
1791 3937 1886 3986 munus

322 4025 492 4105 impensius
513 4024 617 4098 etiam,
642 4039 736 4100 quam
760 4022 850 4081 erant
869 4018 903 4077 iu
928 4018 1037 4090 reteri,
1058 4017 1092 4077 in
1141 4018 1329 4079 administris
1340 4018 1524 4096 praestanda.

323 4136 382 4178 usu
404 4134 468 4178 csse
490 4115 651 4195 jubentur.
677 4114 742 4173 lloc
769 4113 864 4191 igitur
891 4109 1092 4190 disputationi
1181 4112 1314 4171 irenaeus
1334 4111 1410 4172 item
1433 4110 1465 4171 in
1484 4128 1521 4172 eo
1542 4113 1622 4187 loco,
1645 4129 1739 4192 quem
1754 4127 1838 4190 supra
1856 4120 1886 4164 ex

322 4210 494 4288 subjectum
543 4207 602 4268 erit
641 4208 885 4281 argumentum,
930 4208 1022 4281 atque
1059 4201 1092 4261 id
1141 4202 1220 4263 libro
1248 4208 1358 4282 quarto
1393 4203 1609 4281 protulimus⁸,
1644 4229 1658 4256 ‹
1682 4222 1793 4265 novam
1819 4202 1887 4260 aaut

321 4304 451 4373 efficere,
472 4320 507 4361 ac
536 4300 668 4380 probare
692 4297 920 4371 contendimus,
948 4294 1091 4373 antiquos
1141 4294 1340 4367 oblationem,
1370 4302 1402 4355 et
1431 4296 1628 4367 securificium
1656 4297 1740 4376 quod
1778 4292 1886 4355 offertur

323 4390 907 4455 PatresinecclesiaChristiananovum
921 4387 1087 4467 quoddam,
1141 4387 1234 4448 modo
1249 4389 1282 4449 in
1303 4386 1389 4447 omni
1407 4385 1487 4463 loco,
1509 4410 1525 4445 ιι
1550 4405 1586 4449 ac
1608 4389 1772 4463 ueteribus,
1799 4380 1887 4447 iudai·

322 4492 354 4548 et
371 4486 409 4547 ab
434 4485 554 4546 Christo
589 4482 793 4544 constitutum
817 4498 983 4561 agnoscere
996 4479 1089 4540 sacri-
1141 4479 1246 4559 eisquc
1260 4478 1412 4547 succressit,
1435 4480 1473 4539 Et
1493 4480 1526 4540 in
1548 4480 1646 4560 capite
1660 4498 1752 4543 usxrr
1767 4476 1885 4558 ejusdcm

321 4579 444 4654 ficium;
460 4596 522 4657 quo
542 4595 579 4638 ex
594 4594 674 4655 pane
687 4575 833 4653 vinoque,
863 4572 1090 4633 consecratione
1140 4571 1228 4646 libri3
1251 4570 1438 4632 oblationem
1461 4572 1542 4633 hanc
1564 4572 1717 4649 eamdem,
1744 4565 1884 4632 Eucharis-

322 4671 438 4732 lactnm
452 4670 491 4730 ab
506 4669 663 4731 sacerdote
680 4665 792 4728 Christi
804 4671 952 4745 corpuset
966 4663 1091 4743 sanguis
1141 4664 1216 4724 tiam
1225 4668 1361 4740 uocaset
1370 4680 1435 4725 esse
1444 4682 1559 4745 corpus,
1573 4672 1601 4725 et
1613 4669 1777 4746 sanquinem
1784 4657 1886 4723 Domini

322 4763 461 4825 offertur.
1141 4756 1223 4828 dicit,
1240 4775 1302 4837 quo
1317 4756 1411 4817 alitur
1425 4775 1495 4818 caro
1507 4760 1625 4833 nostra,
1644 4758 1686 4818 ob
1708 4756 1833 4836 idipsum
1848 4764 1886 4809 rt·

363 4856 415 4917 ΙΙΙ.
456 4852 646 4915 Persuadent
671 4851 732 4913 hoo
764 4849 918 4930 imprimis
940 4848 1091 4910 vocabula
1142 4854 1326 4910 surrectura.
1339 4871 1353 4909 ιι
1368 4848 1639 4922 Quemadmodum
1650 4850 1885 4910 enimestnterrt

321 4947 475 5028 quaedam,
489 4945 600 5026 quibus
613 4944 653 5005 ad
666 4942 900 5024 exprimendam
930 4942 1092 5021 mysticam
1142 4941 1231 5020 panis
1244 4940 1419 5021 percipiens
1433 4940 1662 5003 invocationem
1682 4940 1743 5013 liei,
1758 4939 1822 5018 jam
1832 4944 1884 4992 11⁰ss

360 5179 379 5220 a
400 5162 506 5220 NluAEu.
530 5176 592 5217 can.
618 5174 695 5214 xl'llt.
716 5156 812 5211 ἿΙλθεν
834 5154 920 5222 εἰςτήν
942 5155 1024 5228 ἁγίαν,
1050 5152 1090 5208 καὶ
1140 5152 1326 5219 circissarius,
1340 5150 1423 5222 οὔτεῆ
1441 5154 1553 5222 συνήθεια
1567 5154 1716 5227 παρέδωκεν,
1726 5152 1777 5213 τοὺς
1791 5144 1884 5212 ἔξοοσῖεν

326 5249 434 5320 μεγάλην
447 5245 558 5309 sinodos,
575 5246 613 5297 ὅτι
626 5242 652 5296 ἔν
666 5261 715 5296 τισι
737 5243 831 5305 τόποις,
851 5241 892 5292 καὶ
913 5240 1024 5301 πόλεσιν,
1041 5241 1092 5303 τοῖς
1142 5237 1175 5310 μὴ
1185 5237 1287 5311 ἔχοντας
1300 5234 1443 5310 προσφέρειν
1456 5241 1507 5302 τοῖς
1517 5240 1680 5313 προσφέρουσι
1693 5240 1779 5292 διδόναι
1792 5235 1884 5299 theim:

325 5330 495 5402 πρισὸυτέροις
504 5328 547 5395 τὴν
564 5325 719 5399 εὗχαριστῑαν
738 5325 762 5378 οἱ
775 5326 882 5378 διάκονοι
896 5325 1014 5378 διδόασιν,
1034 5323 1093 5393 ὅπερ
1142 5326 1186 5375 τοῦ
1201 5322 1318 5393 Χριστοῦ.

356 5528 365 5573 l
379 5528 432 5583 Cap.
445 5532 517 5571 antae.
529 5524 545 5582 s
556 5524 590 5571 lu.
