4104 6160
778 287 1104 350 rasouoatooatitt
1124 288 1344 351 DOGMATUM

1091 454 1219 516 dividuo
1234 455 1347 535 cuique
1361 462 1518 534 naturam,
1527 474 1562 517 sc
1575 457 1765 537 singularem
1779 477 1854 520 con·

1088 546 1194 608 venire
1208 549 1341 622 scimus;
1359 549 1402 608 sic
1415 547 1575 610 Trinitatis
1586 550 1723 628 personis
1729 551 1857 630 singulis

501 684 529 766 C
537 686 682 768 APUT
730 686 804 768 m
1089 639 1227 717 singulas
1250 646 1377 701 naturas
1397 641 1539 702 attribuit
1560 642 1625 702 solo
1643 660 1777 704 numero
1794 644 1856 704 dis-

1088 731 1213 805 tinctas,
1245 732 1304 793 sub
1327 733 1436 794 eadem
1463 733 1565 812 speeie
1588 734 1766 808 divinitatis,
1796 754 1858 816 qua

1087 822 1207 884 ratione
1235 824 1283 884 [tii
1308 830 1371 885 tres
1396 830 1489 887 erunt
1515 826 1633 902 itidem,
1655 831 1693 887 ut
1714 824 1858 889 homines

1086 919 1161 988 aes,
1172 916 1291 990 Petrus,
1304 916 1427 992 Paulus,
1443 923 1474 978 et
1487 917 1638 979 Andreas.

269 1015 295 1074 i.
320 1012 457 1095 Cyri'iim
469 1014 693 1076 Alexandrinus
708 1013 928 1076 Tritheiimum
943 1013 1038 1076 ture-
1128 1007 1227 1085 Hujtrs
1256 1006 1429 1087 Cyrilliams
1454 1009 1610 1088 opinionis
1635 1015 1855 1090 argumentum

309 1105 351 1166 sis
366 1106 560 1168 insimulatur
573 1105 610 1169 ab
623 1124 791 1188 aucupum
812 1110 842 1168 9.
866 1105 915 1167 sed
929 1105 1028 1168 eadem
1088 1101 1169 1179 capit
1187 1118 1226 1160 ex
1252 1099 1305 1160 iiio
1327 1100 1407 1175 ioco,
1422 1118 1517 1180 quem
1539 1101 1627 1163 initio
1648 1103 1857 1164 antecedentis

309 1197 425 1258 ratione
437 1197 565 1279 reliquos
580 1197 684 1260 Patres
695 1206 837 1279 suspensi
850 1197 938 1259 reddi
953 1216 1038 1277 posse
1087 1192 1196 1270 capitis
1213 1188 1305 1252 attuli
1329 1211 1367 1253 ex
1389 1193 1511 1272 dialogo
1527 1195 1628 1274 primo
1639 1192 1674 1255 de
1697 1192 1855 1255 Trinitate.

310 1294 503 1350 monstratur.
516 1292 545 1351 3.
560 1290 735 1371 Enponiiur
743 1295 910 1351 summatim
921 1290 1038 1352 Ariana
1088 1284 1136 1344 Ibi
1150 1284 1234 1344 enim
1249 1289 1334 1347 οίισίσν
1349 1303 1414 1345 csse
1424 1285 1513 1346 donet
1526 1285 1666 1365 CyriiluS,
1679 1286 1855 1358 essentiam,

309 1381 439 1457 decretu,
461 1389 491 1442 et
513 1381 649 1444 aduersus
673 1381 746 1443 ione
771 1380 904 1443 Nicaenoe
930 1381 1039 1462 synodi
1088 1381 1271 1438 naturamve
1297 1393 1514 1455 communem,
1555 1382 1586 1437 et
1611 1377 1818 1439 universalem
1848 1398 1855 1439 :

308 1475 465 1535 consitium
479 1475 512 1535 in
526 1483 658 1555 aptantes
667 1472 819 1536 sunct'eudo
833 1472 989 1550 vocainim
1005 1476 1037 1535 ί.
1087 1476 1221 1533 ὑπόστασιν
1234 1486 1308 1530 tero
1321 1476 1467 1530 usturam
1477 1469 1629 1545 eamdem,
1645 1488 1708 1549 qus
1718 1469 1859 1549 singnis-

309 1565 389 1646 quod
400 1565 504 1628 deinde
516 1566 623 1628 Patres
639 1566 844 1643 illustrarunt,
861 1565 1039 1627 enucleatius
1088 1561 1132 1621 ris
1159 1567 1215 1636 est,
1245 1567 1275 1622 et
1297 1561 1458 1622 individuo
1486 1561 1611 1622 ouilibet
1639 1562 1744 1636 affl1a3
1774 1562 1859 1642 quod

308 1664 430 1720 ueturae
456 1671 488 1720 et
514 1659 686 1740 hypostasis
696 1659 817 1720 minino
832 1656 1012 1722 declarantes
1028 1678 1035 1719 :
1088 1653 1230 1734 exemplo
1243 1653 1340 1714 trium
1353 1653 1530 1726 hominum,
1546 1653 1747 1730 adiecimus,
1762 1672 1858 1734 expo-

309 1759 374 1812 tum
385 1759 538 1831 msurnpto
547 1749 746 1812 similitudine
757 1759 877 1812 notura
886 1749 1036 1826 inmane,
1089 1747 1137 1807 nii
1154 1766 1160 1809 :
1176 1745 1232 1826 qui
1246 1746 1328 1805 inter
1340 1764 1373 1805 se
1386 1745 1576 1807 conveniunt
1585 1746 1619 1806 in
1630 1746 1739 1807 eadem
1753 1764 1855 1807 essen-

308 1850 335 1903 ei
356 1847 384 1903 ei
408 1842 602 1925 subiectorum
629 1841 867 1917 indiuiduorum,
897 1850 1039 1923 quotenus
1088 1837 1152 1913 tia;
1187 1838 1240 1897 sed
1271 1837 1408 1917 propria,
1439 1844 1471 1898 et
1502 1838 1683 1917 particulari
1715 1842 1859 1899 constant

310 1933 466 2016 utrobique
479 1954 628 1996 commune
640 1934 787 2010 eliadam,
806 1933 894 1995 atiud
908 1934 1039 2016 porticu
1090 1930 1246 2010 hypostasi
1272 1930 1397 2008 singuli.
1425 1930 1476 1991 Sic
1500 1930 1610 1992 deinde
1636 1930 1719 1992 Patri
1744 1930 1858 1991 Filium

308 2025 380 2089 iore.
392 2030 421 2088 5.
435 2026 496 2089 Nae
510 2036 606 2089 tomen
619 2032 702 2089 omni
719 2045 757 2089 cn
769 2036 856 2107 parts
867 2026 1038 2088 similitudo
1091 2021 1384 2083 consubstantialem
1436 2038 1502 2083 esse
1542 2021 1626 2097 dicit,
1673 2028 1704 2083 et
1743 2022 1857 2084 habere

308 2119 457 2200 quadrat.
482 2138 573 2200 neque
587 2120 694 2181 Patres
713 2118 901 2182 diuinitatem
914 2118 1039 2180 struni—
1091 2121 1195 2175 minen
1220 2114 1379 2193 propriam
1406 2113 1610 2193 hypostasim,
1641 2132 1711 2194 que
1725 2133 1744 2175 a
1757 2114 1859 2175 Patris

307 2210 446 2273 romaum
471 2216 650 2287 statueram,
676 2210 816 2293 quomodo
843 2211 970 2272 humano
999 2217 1040 2271 est
1090 2206 1249 2285 hypostasi
1297 2206 1492 2267 discernitur.
1542 2206 1608 2267 iioc
1653 2208 1747 2269 modo
1785 2226 1858 2270 ron-

308 2312 437 2373 noturo.·
456 2307 487 2365 6.
509 2303 588 2385 quod
609 2304 754 2385 protatur
772 2304 890 2384 aliquos
912 2303 1038 2364 Panum
1086 2297 1232 2377 junctim,
1246 2316 1283 2358 aar
1293 2297 1448 2359 discretim
1460 2298 1564 2359 unitos
1577 2315 1642 2360 esse
1655 2300 1763 2360 ambos
1781 2316 1858 2361 asse

308 2395 411 2457 uitatis
432 2395 510 2469 ioris,
528 2404 562 2456 ut
582 2394 711 2459 Basilii:
728 2397 757 2457 i.
784 2401 847 2456 ium
870 2395 991 2476 cyrilli.
1007 2397 1036 2456 8.
1090 2391 1132 2452 rit
1157 2410 1164 2451 :
1190 2392 1249 2452 boc
1271 2396 1317 2451 est
1333 2393 1367 2450 in
1384 2392 1491 2451 eadem
1511 2391 1643 2451 essentia
1663 2392 1812 2470 personis,
1828 2399 1859 2454 et

310 2488 370 2563 Qui
391 2487 428 2548 ιιό
448 2487 602 2569 Anonymi
625 2488 777 2549 columnia
799 2486 982 2567 defenditur.
1006 2489 1037 2548 a.
1090 2483 1306 2563 hypostasibus
1326 2483 1494 2544 distinctos.
1526 2485 1647 2544 Rursus
1670 2482 1858 2545 insecundo

308 2580 438 2642 Natura
452 2580 567 2642 diuina
575 2580 768 2641 communitas
779 2579 918 2660 amdan,
934 2588 962 2639 ct
975 2581 1039 2639 tin·
1090 2576 1223 2654 dialogo,
1255 2599 1270 2628 α
1286 2576 1381 2635 trium
1398 2574 1576 2635 divinarum
1598 2575 1806 2655 hypostaseon
1826 2576 1859 2635 in

309 2672 458 2753 galeritus
470 2691 508 2733 cn
520 2670 665 2734 Patribus
679 2671 856 2732 adstruitur.
869 2675 916 2733 iii.
929 2671 1041 2733 Emcn-
1089 2669 1223 2750 propriis
1250 2667 1419 2729 existentiis
1444 2667 1665 2747 proprietatem
1687 2673 1857 2745 servantes,

308 2763 400 2826 datur
417 2763 539 2846 quidam
562 2762 680 2847 Cyriili
701 2762 790 2825 iocus.
808 2767 856 2825 ii.
878 2763 1040 2825 Hilarium
1090 2761 1145 2837 ait,
1161 2765 1303 2840 oportere
1317 2778 1425 2836 unam,
1441 2764 1472 2820 et
1486 2759 1778 2822 consubstantialem
1791 2779 1858 2822 om-

308 2858 385 2938 fato
397 2865 559 2938 stupratum
574 2855 673 2918 reddit
698 2874 859 2939 anonymus
875 2855 1040 2918 Trititeiiu-
1090 2853 1181 2913 nium
1208 2853 1349 2931 reginam
1371 2852 1501 2913 adorare
1522 2857 1668 2912 naturam
1682 2860 1738 2929 ⁰‚o
1764 2871 1859 2932 apuam

309 2970 376 3012 rum
391 2948 559 3022 haeresiani
572 2948 764 3011 Sirmiemcm
780 2946 932 3010 laudatum
956 2967 1041 3010 cuno·
1090 2942 1254 3026 specificom
1275 2943 1498 3023 interpretatur
1519 2960 1706 3023 anonymam,
1726 2944 1784 3005 sub
1798 2964 1861 3024 qua

307 3061 383 3104 nem.
399 3045 449 3104 12.
462 3041 681 3117 Gustatorium
692 3042 870 3122 approbarit
880 3060 891 3102 .·
902 3039 1040 3121 quomodo
1090 3054 1231 3116 personia
1250 3041 1314 3097 tres
1333 3034 1652 3116 comprehenduntur,
1665 3037 1860 3099 existentiam

308 3135 404 3197 Pater
425 3137 572 3215 imperare
593 3132 715 3215 aliquid
739 3132 822 3195 Filio
843 3133 968 3207 diuitum
988 3134 1037 3193 it.
1090 3129 1219 3208 singulos
1233 3128 1519 3205 adunassemus,
1530 3129 1608 3190 utin
1618 3129 1728 3190 eodem
1738 3129 1859 3207 dialogo

307 3232 469 3289 anteactae
481 3226 589 3307 major.
1091 3220 1205 3283 scribit.

1130 3314 1176 3376 ad
1200 3313 1267 3374 hac
1289 3314 1322 3374 in
1348 3313 1428 3374 libro
1451 3313 1616 3376 undecimo
1642 3311 1858 3375 Thesaurmnm

309 3413 334 3473 1.
357 3412 411 3473 iiis
433 3410 529 3474 totius
548 3415 663 3471 nostrae
689 3408 907 3489 disputationis
924 3408 1037 3470 iuudn-
1090 3405 1179 3485 ponit
1192 3404 1225 3465 in
1237 3404 1613 3485 divinisonaturam,quse
1624 3404 1743 3485 genuit,
1751 3408 1859 3485 ctqnoe

268 3505 381 3567 mentis
404 3504 521 3584 positis,
546 3504 585 3564 ad
599 3501 726 3581 easjom
747 3500 904 3581 hnonymi
923 3500 1040 3562 calum-
1089 3498 1194 3577 genito
1207 3496 1288 3558 esti.
1302 3522 1316 3551 ι

268 3600 335 3660 nias
362 3596 567 3658 discutiendas
593 3596 718 3655 festinat
748 3594 887 3667 animus,
925 3594 1039 3672 quibus
1130 3591 1271 3670 Denique
1298 3589 1378 3651 libro
1413 3589 1506 3650 tertio
1539 3594 1640 3657 contro
1674 3588 1857 3653 Nestorium.

268 3690 469 3769 antiquorum
484 3689 613 3747 Patrum
628 3685 825 3760 memoriam,
841 3692 871 3746 et
882 3686 1039 3746 existima·
1096 3709 1110 3738 α
1123 3684 1227 3760 Dicat,
1250 3683 1362 3762 inquit,
1381 3681 1511 3742 fortasse
1528 3680 1641 3760 aliquis
1666 3696 1674 3742 t
1701 3681 1859 3763 quomodo

268 3783 387 3844 tionem
401 3781 585 3842 dedecorare
601 3779 744 3857 turpiter,
766 3778 971 3857 nequiterque
992 3785 1038 3837 est
1089 3781 1203 3850 sancta
1233 3781 1264 3837 et
1290 3774 1446 3835 adoranda
1472 3773 1617 3850 Trinitas,
1644 3790 1715 3834 aiam
1743 3775 1777 3836 in
1796 3782 1859 3839 tres

267 3892 377 3949 susus,
402 3871 537 3934 maxime
560 3870 666 3950 Gyrilli
690 3869 906 3944 alexandriui3
931 3885 950 3928 a
975 3886 1037 3947 quo
1089 3870 1252 3931 diducatur
1265 3870 1455 3948 hypostases,
1464 3883 1561 3926 uuam
1574 3864 1859 3929 tamendirinitatis

269 3968 363 4029 etiam
382 3963 665 4046 propugnationem
687 3962 769 4023 hanc
782 3978 885 4023 msam
898 3976 1036 4030 exorsus.
1089 3968 1235 4023 naturam
1248 3959 1357 4022 efficit?
1384 3958 1569 4038 Respondeo
1576 3958 1609 4018 id
1621 3976 1658 4019 eo
1670 3958 1733 4020 tisri
1748 3976 1757 4035 3
1774 3960 1858 4040 quod

268 4059 418 4138 attingam
432 4057 485 4118 ills
499 4056 647 4136 primum,
659 4053 772 4134 quibus
786 4052 1038 4134 depravatumab
1089 4054 1233 4115 identitas
1251 4051 1431 4114 substantias
1449 4056 1633 4111 naturarum
1653 4050 1859 4113 differentiam

268 4153 322 4214 illo
336 4149 495 4212 Trinitatis
517 4149 629 4226 dogma
645 4147 805 4208 mentitur.
829 4144 1034 4224 ‹Rejieimus
1089 4145 1260 4208 necessario
1278 4161 1480 4223 consequens,
1506 4142 1646 4204 fidelium
1663 4149 1800 4205 mentem
1818 4140 1858 4205 ad

268 4244 372 4323 iuquit
382 4241 404 4317 ¹,
426 4241 521 4303 etiam
535 4240 689 4319 cyrillum
704 4238 959 4311 Alexandrinum,
983 4235 1038 4315 qui
1089 4254 1186 4300 uuam
1195 4241 1317 4298 revocat
1330 4235 1499 4296 divinitatis
1508 4241 1653 4296 astaram
1665 4244 1687 4294 ⁶.
1701 4260 1715 4288 ι

268 4336 458 4398 existimasse
466 4333 600 4408 uidetur,
611 4333 744 4404 Patrem,
757 4337 788 4391 et
803 4330 915 4391 Filium
924 4329 1038 4390 babere
1128 4332 1168 4391 ii.
1186 4331 1260 4390 ilaec
1276 4336 1348 4389 siant
1362 4331 1546 4406 argumenta
1559 4327 1693 4387 auctoris
1706 4325 1857 4407 anonymi
1932 4352 1988 4402 Qu,

116 4478 225 4524 crarium
268 4421 1038 4509 quidemoequaiem,etesmdemspecieessentiam
1088 4423 1203 4502 quibus
1217 4420 1367 4501 Cyrillnm
1381 4419 1414 4479 in
1428 4419 1634 4498 suspicionem
1648 4418 1857 4479 vocatabsur-
1899 4404 2020 4502 issugi'ssi'

110 4491 232 4590 sirius..
268 4521 423 4597 divinam,
450 4538 514 4580 non
538 4525 644 4579 tamen
675 4517 816 4578 eamdem
844 4531 987 4575 nuntero.
1016 4530 1032 4572 a
1085 4516 1134 4576 de
1148 4514 1370 4575 'tritheitarum
1384 4511 1522 4587 heresis,
1541 4509 1761 4589 quaprofecto
1774 4508 1855 4571 iudi·
1915 4521 1996 4555 sunu

1920 4563 1999 4607 Patras

118 4611 222 4695 „fflig‘gm
269 4613 492 4673 'tritheitarum
503 4608 832 4687 videlieetaiiiugitiiii
848 4607 992 4668 irseresim
1011 4605 1035 4678 ²,
1087 4622 1139 4668 ora
1160 4610 1251 4676 sunt,
1277 4622 1313 4664 ae
1337 4602 1520 4664 temeritatis
1540 4601 1732 4681 inscitiaque
1750 4601 1854 4682 plena.
1879 4616 2019 4661 missen.

97 4703 231 4815 ,ifflffi‘
269 4721 353 4785 quas,
369 4710 404 4764 ut
414 4703 546 4765 iurebus
559 4721 578 4763 s
593 4704 655 4763 Deo
669 4700 800 4762 conditis
812 4700 971 4780 propriam
985 4698 1037 4759 in·
1088 4698 1209 4758 Horum
1222 4695 1302 4757 adid
1317 4710 1439 4756 samma
1448 4697 1622 4768 revocatur,
1639 4693 1724 4773 quod
1740 4694 1855 4774 hypos-

306 4889 327 4929 a
345 4874 410 4929 Cia.
423 4869 494 4924 titre
507 4887 535 4922 rs
546 4872 622 4939 σαφῆ,
637 4869 678 4920 καί
688 4866 824 4939 immutor
839 4863 883 4931 τὴν
898 4869 948 4917 τῶν
961 4869 1036 4934 τριῶν
1123 4861 1197 4918 oid.
1222 4860 1290 4915 ’aaa’
1304 4858 1365 4923 ἴσως
1379 4859 1431 4932 ipsi
1442 4879 1488 4922 τις·
1507 4860 1590 4927 πῶςὴ
1611 4858 1680 4931 ἁγία,
1696 4861 1738 4916 καὶ
1751 4878 1858 4933 nmmo·

269 4956 426 5011 ίιιτσστιίσεων
442 4951 466 5006 ἐν
480 4950 608 5024 {stipitum
634 4950 718 5012 ίδικιιῖς
742 4949 852 5013 itteram
872 4953 964 5020 τηρῶν,
981 4946 1038 5018 μίαν
1088 4945 1193 5015 νουμίνη
1206 4944 1274 5016 τριὰς
1283 4941 1512 5015 διορίζεταιηνίνιίς
1520 4945 1585 5013 τρεῖς
1593 4942 1751 5010 inertioris,
1764 4944 1822 5016 μίαν
1831 4942 1858 4997 st

269 5057 306 5104 τι,
321 5040 362 5093 καί
380 5036 513 5111 iporiam
536 5033 579 5103 ris
603 5031 848 5104 intermittendi&
867 5030 1040 5102 προσκυνήσεις
1087 5026 1330 5095 ίεότητοςόιιοτιλιί
1341 5027 1420 5099 φύσιν,
1437 5027 1486 5090 ότι,
1505 5025 1579 5096 φαίην
1598 5027 1638 5089 aa,
1655 5030 1748 5099 νῇτίιν
1761 5025 1857 5098 γόοισιν

269 5118 349 5194 pisae,
1088 5111 1194 5181 διαφορᾷ
1204 5110 1233 5164 rb
1250 5111 1338 5163 ταύτόν
1363 5108 1396 5171 είς
1419 5107 1503 5163 οὐσίαν
1528 5107 1665 5180 ἀναγκαίως
1678 5108 1810 5182 ίπόμτνον,
1825 5107 1859 5171 τίς

307 5205 383 5261 bid.
399 5202 478 5260 ritu.
503 5199 602 5268 Ἐπειδὴ
612 5199 638 5253 δί
652 5197 726 5272 typis
739 5197 826 5250 sitium
838 5196 879 5249 nst
894 5195 937 5265 τὴν
952 5195 1039 5267 terti,-
1088 5192 1145 5264 μίαν
1167 5192 1282 5262 θεότητος
1302 5192 1442 5265 ἀνακομίζει
1465 5191 1534 5265 pisis
1558 5196 1607 5246 τῶν
1629 5195 1794 5247 πιστευόντων
1814 5191 1858 5246 τόν

269 5305 348 5342 σασσν
360 5286 442 5358 φύσιν,
451 5285 492 5339 καί
503 5283 547 5351 τὴν
556 5282 710 5355 γεννηθεῖσαν
726 5278 749 5342 ἐξ
761 5274 856 5347 οιίιτίίς.7
1088 5280 1156 5330 νοῦν.

300 5452 310 5496 i
323 5448 394 5495 Aaou.
407 5459 427 5493 s.
441 5448 515 5492 u.-t
526 5444 556 5489 its
568 5442 602 5489 his
612 5442 662 5487 riis
672 5442 688 5486 l.
699 5440 726 5485 tv
735 5440 835 5487 tis-ltin.
846 5450 867 5485 t.
881 5450 910 5492 rr,
921 5437 938 5495 S
950 5438 982 5483 ts.
