3932 6142
456 342 506 401 DE
527 338 821 415 lNCAltNAl'lONE,
842 340 916 401 Llli.
941 341 1020 417 Vlll,
1042 341 1128 402 CAP.
1151 341 1204 409 XI.
1565 338 1625 401 259

55 498 87 557 ait
109 498 289 566 humanitas,
314 506 346 561 et
370 502 406 563 ln
432 522 524 567 earne
538 506 729 584 suscipientis
750 507 805 567 Dei
856 510 1004 581 mentem,
1019 511 1050 565 et
1062 524 1081 565 a
1094 505 1241 566 creaturis
1254 504 1400 566 omnibus
1411 505 1533 567 adorari
1552 506 1625 566 :sed

55 608 116 650 vera
128 590 278 669 maiestas.
292 613 309 649 n
856 598 950 658 eliam
963 616 1034 658 eum
1050 598 1209 659 divinitate
1219 598 1312 659 Verbi
1326 603 1473 677 operante
1487 616 1625 659 eommu-

87 682 160 742 Vlll.
182 682 234 743 Sie
257 685 397 747 loannes
419 689 625 751 Damascenus
646 690 751 750 multis
772 690 804 749 in
854 690 971 765 nieare,
985 696 1016 751 et
1028 708 1099 751 eum
1116 709 1151 750 ee
1166 690 1326 768 providere
1349 688 1442 750 rebus
1466 690 1622 766 omnibus,

56 773 118 834 loeis
135 775 275 835 eamdem
295 775 431 838 inculcat
448 782 600 859 regulam,
616 787 651 841 ut
672 784 704 843 in
723 781 805 843 libro
855 781 1052 842 aimundum
1067 782 1298 856 administrare;
1314 780 1546 860 quelleimens
1566 788 1622 858 est,

55 867 139 942 tertio,
152 866 251 946 eapite
263 883 327 945 xm,
342 870 397 930 nbi
409 881 572 952 propterea
586 874 670 953 qaod
681 892 746 934 una
760 880 806 935 est
855 878 885 934 el
899 874 965 952 ejus
979 874 1137 955 hypostasi
1146 875 1272 954 propria
1286 873 1432 935 subsistit.

56 958 169 1019 dunum
189 960 303 1020 Christi
323 970 506 1025 natummm
530 965 715 1046 hypostasis,
738 973 805 1027 lum
895 968 952 1026 IX.
977 966 1126 1029 Praeclare
1151 966 1233 1027 istud
1257 972 1380 1027 enarrat
1405 966 1466 1026 Leo
1490 966 1570 1046 Papa
1590 966 1624 1026 in

56 1068 135 1111 annm
155 1069 222 1112 esse
245 1053 415 1129 volentem,
430 1063 462 1118 et
483 1065 664 1137 operantem
683 1060 801 1132 asserit,
854 1076 997 1118 sermone
1022 1058 1112 1119 tertio
1136 1057 1172 1119 da
1196 1057 1335 1119 Porsinae
1353 1057 1476 1118 Domini
1498 1075 1509 1117 .·
1530 1074 1624 1137 quem

53 1150 108 1203 tum
120 1164 135 1200 ο
145 1144 237 1217 telle,
253 1147 437 1227 opererique
457 1168 520 1210 non
535 1151 641 1227 divise,
658 1152 710 1213 sed
727 1170 802 1213 eon·
855 1149 958 1211 looum
974 1150 1048 1210 alibi
1070 1148 1317 1229 descripsimus¹.
1332 1150 1377 1209 lbi
1397 1151 1482 1211 enim
1496 1150 1623 1230 stirpem

49 1234 164 1311 innatet
175 1256 193 1293 r
211 1237 250 1296 Et
264 1238 367 1316 eapite
376 1240 617 1320 decimequinto
634 1243 707 1304 libri
721 1244 801 1323 ejus·
855 1247 886 1303 et
895 1242 1046 1317 originem
1058 1243 1158 1322 aperit
1170 1241 1310 1302 indivisae
1324 1241 1406 1303 illius
1421 1242 1621 1323 operationis,

52 1326 118 1400 den,
140 1327 250 1388 eedem
276 1346 315 1389 ex
335 1331 487 1411 principio
517 1335 612 1396 unius
639 1336 802 1397 ambarum
853 1337 1039 1393 naturarum
1066 1351 1241 1410 summam,
1270 1340 1299 1394 et
1324 1333 1516 1394 individuam
1547 1353 1622 1394 eon·

51 1419 630 1504 mturarnmbypostasis,eolligitunum
640 1429 800 1504 exstitisse,
850 1426 1064 1505 junctionem3
1101 1432 1228 1506 prepter
1262 1444 1355 1505 quam
1392 1446 1407 1485 ο
1434 1442 1492 1486 nee
1522 1427 1622 1487 ileum

52 1510 161 1571 mitam
183 1513 330 1589 humilia,
352 1532 447 1594 quam
470 1535 585 1597 magne
607 1525 638 1580 et
658 1520 803 1582 sublimia
853 1518 1020 1590 Christum,
1035 1518 1102 1579 sine
1117 1519 1184 1594 hoe,
1203 1518 1287 1598 quod
1307 1518 1401 1578 bomo
1422 1525 1479 1593 est,
1495 1536 1553 1578 neo
1566 1518 1622 1578 ho-

52 1611 252 1683 oongrnerent.
272 1626 288 1662 ο
300 1606 497 1670 Nemdivlna
511 1611 672 1683 miracula,
688 1613 801 1692 inquit,
853 1611 972 1671 minem
993 1611 1060 1671 sine
1079 1610 1138 1670 hoe
1160 1610 1251 1671 liceat
1270 1611 1415 1689 cogitare,
1438 1610 1521 1689 quod
1543 1610 1624 1670 [leus

51 1696 218 1773 operabatur
231 1696 389 1774 divinitas,
405 1701 536 1761 sednon
551 1703 666 1783 absque
676 1708 775 1766 'earne
792 1726 801 1765 r
853 1708 909 1762 est.
938 1704 1019 1762 Tum
1044 1702 1098 1762 etsi
1114 1701 1267 1763 distinctis
1279 1701 1453 1762 actionibus
1472 1701 1625 1781 exprimat

51 1792 146 1849 etraro
158 1788 294 1850 humilia
315 1808 446 1871 quaeque
468 1795 647 1873 peragebat,
665 1797 719 1858 sed
737 1816 804 1858 non
853 1794 1015 1854 veritatem
1029 1811 1118 1854 suam
1132 1788 1263 1873 utraque
1277 1799 1399 1867 natura,
1421 1800 1565 1854 neutram
1580 1793 1624 1853 ait

51 1878 112 1939 riba
135 1880 340 1943 divinitatem.
373 1884 530 1962 Siquidem
559 1889 686 1964 patienti
714 1888 804 1950 carni
852 1904 885 1946 se
897 1886 1050 1946 tamenab
1062 1886 1189 1948 alterius
1203 1886 1396 1947 connexione
1412 1883 1618 1964 disjungeret

51 1972 171 2052 reputata
183 1973 800 2060 eratdivinitasimpatibilispermanens,
853 1979 972 2058 Quippe
988 1983 1125 2038 enatura
1140 1978 1251 2052 earnis,
1265 1985 1301 2038 ut
1311 1978 1354 2038 ait
1372 1977 1568 2054 Anselmns¹,
1586 1996 1625 2038 ex

51 2065 240 2143 etpassiones
257 2065 393 2144 implens
415 2068 587 2131 salutares:
607 2077 639 2133 et
660 2072 802 2151 operanti
854 2086 915 2149 quo
934 2086 1064 2129 summae
1083 2069 1144 2129 illae
1167 2078 1287 2130 naturae
1307 2070 1395 2129 unita
1409 2074 1464 2143 est,
1483 2069 1517 2128 in
1538 2075 1624 2130 tanta

50 2155 182 2217 divinitati
194 2157 293 2218 Verbi
307 2164 415 2221 sanata
428 2178 516 2221 mens
536 2167 603 2222 erat
623 2165 800 2242 eonJ'nneta,
853 2162 972 2222 unitate
986 2167 1017 2221 et
1039 2161 1078 2221 ab
1098 2161 1163 2239 ipso
1177 2168 1328 2241 conceptu
1343 2160 1478 2238 Virginis
1491 2166 1537 2220 est
1549 2180 1623 2221 eon·

50 2266 107 2327 qne
117 2249 358 2328 perficiebantur
369 2251 554 2332 intelligens,
566 2261 597 2315 et
611 2255 740 2317 eeienst.
757 2276 772 2314 ι
853 2259 952 2332 cepte,
964 2258 999 2313 ut
1008 2272 1066 2314 nee
1076 2253 1141 2313 sine
1151 2252 1278 2314 homine
1288 2252 1404 2329 divina,
1415 2270 1472 2313 nee
1482 2253 1547 2313 sine
1562 2254 1624 2313 Deo

80 2340 194 2402 Planius
230 2341 290 2403 beo
321 2344 426 2422 ipsum
456 2344 672 2407 deeimo-nene
703 2349 803 2428 eapite
853 2350 1019 2425 agerentur
1040 2345 1188 2406 humana.
1215 2346 1253 2405 Et
1285 2364 1340 2425 per
1366 2345 1446 2405 hano
1472 2345 1624 2406 unitatem

50 2432 185 2495 desierat:
201 2434 239 2495 in
252 2453 315 2514 quo
329 2440 361 2495 et
375 2441 502 2499 naturas
521 2439 598 2499 duas
618 2456 719 2500 unum
737 2458 803 2502 esse
853 2438 947 2498 etiarn
970 2438 1004 2498 in
1030 2437 1139 2499 diebus
1162 2435 1263 2498 earnis
1287 2455 1352 2497 suae
1371 2436 1465 2498 hemo
1487 2437 1624 2498 Christus

51 2524 248 2603 thietmer
267 2545 371 2588 unum
393 2528 558 2605 Christum,
577 2536 704 2592 naturas
726 2533 803 2593 duas
853 2530 954 2609 potult
968 2529 1114 2590 divina.»

50 2616 173 2682 affirmat.
189 2619 330 2681 Proinde
342 2620 425 2680 idem
438 2638 504 2682 esse
520 2622 635 2700 dicere,
651 2625 803 2703 Operatur
894 2623 973 2682 Nam
984 2623 1062 2683 sieut
1076 2621 1221 2696 Christus,
1238 2622 1301 2682 sive
1317 2621 1512 2695 Emmanuel,
1527 2621 1571 2682 ita
1585 2640 1624 2683 ex

50 2708 169 2772 Cimbra
185 2712 365 2773 seeundum
383 2718 547 2793 utramque
564 2721 730 2788 naturam
756 2724 798 2786 et,
854 2719 985 2793 utraque
1018 2720 1208 2794 temperatus
1239 2719 1285 2773 est
1317 2720 1440 2788 natura,
1471 2718 1514 2781 ut,
1539 2715 1623 2792 qnod

49 2810 176 2880 operatur
201 2805 240 2864 in
270 2804 393 2865 Christo
426 2810 539 2867 natura
571 2811 703 2886 utraque
728 2827 800 2870 eum
854 2808 1065 2867 'theodoretus
1079 2807 1119 2866 ad
1133 2806 1271 2885 primum
1286 2805 1392 2884 Cyrilli
1406 2805 1624 2866 anathematis-

49 2898 252 2957 eernmnniene
270 2895 408 2957 alterius.
425 2897 541 2957 Deinde
556 2900 684 2960 medum
706 2900 803 2980 expli·
855 2917 942 2959 mum
957 2899 1010 2973 eit,
1039 2919 1054 2956 (ι
1068 2915 1169 2977 neque
1183 2899 1263 2958 Deus
1289 2896 1328 2957 ab
1356 2898 1494 2958 humana
1512 2903 1624 2958 natura

48 2992 96 3057 tat,
119 3007 178 3067 quo
200 2996 236 3049 et
267 2988 405 3049 adivina
426 2994 549 3062 natura,
572 3009 643 3051 eum
667 2993 805 3053 hamana
855 2988 1620 3070 disjunctus,nectromospoliatusdivtnitatesitta>

49 3084 178 3157 operante
197 3084 421 3156 eommunieet,
434 3087 466 3142 et
482 3100 555 3142 raro
574 3083 709 3144 siriasim
731 3104 805 3146 eum
855 3084 899 3144 sie
923 3101 981 3143 nee
1000 3082 1123 3162 operari
1144 3081 1303 3161 quippiam
1327 3082 1498 3142 seeundum
1533 3087 1623 3142 natu-

48 3179 179 3248 operante
202 3172 380 3247 divinitate,
403 3190 439 3234 ae
460 3173 653 3236 divinitatem
671 3177 805 3255 ‘quidem
855 3194 923 3236 ram
937 3176 1119 3236 alterutram
1133 3174 1255 3248 dieitur,
1270 3174 1346 3254 quin
1361 3174 1427 3252 ejus
1440 3175 1473 3235 in
1487 3192 1626 3235 eommu-

48 3267 160 3325 eatenns
171 3282 249 3326 eum
264 3265 401 3325 bumana
424 3272 537 3327 nature
558 3270 803 3346 communicare,
855 3267 983 3329 nionem
994 3267 1092 3329 altera
1105 3267 1256 3327 suecedet.
1276 3268 1365 3341 Quod
1380 3266 1507 3347 quidem
1525 3267 1624 3328 Athe-

47 3356 118 3432 qnod
137 3356 206 3417 brea
227 3355 284 3416 illa
305 3357 515 3436 permittente,
530 3358 673 3438 patiatur,
690 3367 721 3421 et
734 3379 805 3440 qaae
856 3360 962 3421 nasius
992 3378 1057 3419 non
1081 3359 1235 3431 absimili,
1258 3358 1321 3419 imo
1341 3363 1568 3434 consentanea,
1595 3364 1626 3419 et

47 3448 157 3526 propria
184 3454 263 3510 sunt
290 3454 475 3527 exequetur,
501 3456 532 3511 et
559 3452 643 3529 qnod
667 3455 805 3530 operatio
856 3451 1057 3530 consequentl
1071 3468 1111 3510 ex
1125 3468 1217 3510 cause
1229 3449 1346 3510 laetum
1361 3467 1426 3510 esse
1440 3449 1577 3527 prodidit
1592 3450 1626 3509 in

46 3541 133 3600 earnis
153 3558 296 3620 prorsus·
311 3541 350 3601 alt
375 3541 536 3603 saluteris:
564 3545 648 3623 quod
673 3550 809 3607 nonest
857 3548 967 3624 quarta
992 3542 1131 3603 oratioue
1155 3559 1295 3621 :nempe
1322 3541 1407 3620 quod
1435 3559 1505 3601 earo
1533 3541 1628 3602 Verbi

46 3629 670 3713 humanaelflrtentie,seddtvine:porro
680 3652 806 3697 earnem
857 3642 935 3696 esset
950 3636 1086 3714 propria,
1098 3639 1129 3694 et
1139 3632 1191 3694 Dei
1207 3651 1328 3713 eorpus.
1348 3632 1418 3694 ldeo
1428 3632 1528 3694 earnis
1542 3632 1628 3694 intir·

45 3741 109 3783 eum
120 3724 287 3786 divinitate
301 3725 395 3784 Verbi
405 3733 552 3804 operante
564 3729 805 3806 communicare,
857 3728 980 3788 mitales
1014 3733 1163 3805 tanquam
1198 3725 1365 3806 proprias,
1408 3743 1467 3786 nee
1511 3725 1628 3787 alienas

45 3816 119 3890 qnod
141 3824 173 3877 et
200 3834 262 3897 per
288 3833 412 3895 eorpus,
440 3818 527 3878 volut
548 3818 805 3896 instrumentum,
857 3818 976 3900 utique,
1005 3819 1146 3899 suscepit.
1176 3839 1191 3875 a
1218 3818 1399 3894 Propterea,
1424 3818 1534 3897 inquit,
1556 3836 1627 3897 quaa
1741 3896 1748 3907 γ

44 3906 146 3970 divina
161 3908 370 3989 perficiantur
383 3908 578 3988 operationes
594 3928 602 3969 t
618 3917 649 3972 et
668 3930 750 3973 nnus
769 3912 809 3973 sit
859 3918 934 3972 eunt
959 3910 1043 3971 illius
1069 3909 1204 3989 propria,
1235 3908 1333 3989 ipsius
1361 3927 1426 3970 esse
1454 3910 1626 3971 dicuntur:

45 4016 164 4077 operans
181 4002 293 4062 divine
310 4001 403 4061 simul
424 4001 626 4082 humanoque
648 4005 770 4064 madet
791 4026 803 4062 ι
859 4004 1009 4083 qnoniam
1029 4002 1128 4063 inille
1144 4009 1209 4061 erat
1226 4020 1233 4061 :
1248 4002 1421 4079 eujusmodi
1435 4008 1481 4062 est
1498 4003 1627 4078 esurire,

44 4090 155 4154 Nemet
168 4099 315 4154 mentem
333 4093 444 4153 Christi
462 4093 598 4154 bominis
619 4113 683 4155 nen
706 4096 808 4156 solum
859 4096 955 4171 sitire,
979 4095 1054 4176 peti,
1079 4094 1251 4164 lassescere,
1275 4102 1305 4153 et
1340 4092 1465 4169 similia,
1491 4111 1628 4173 qnorum

46 4190 173 4263 proprias
194 4191 229 4247 et
256 4185 412 4246 naturales
436 4203 507 4246 suas
529 4186 702 4248 binationes
721 4187 808 4249 obire
860 4204 957 4267 rapax
979 4192 1025 4247 est
1043 4204 1125 4246 earo.
1152 4187 1247 4244 Porro
1267 4182 1362 4245 Verbi
1382 4201 1474 4263 opera
1489 4184 1626 4265 propria,

44 4273 89 4347 nt,
102 4275 311 4358 intelligendo
325 4278 603 4359 cognoscendaque
618 4296 651 4340 se
668 4279 721 4341 Dei
742 4296 808 4342 esse
860 4280 962 4361 qualia
972 4282 1055 4354 sunt,
1070 4282 1211 4339 mertuos
1223 4276 1263 4337 ad
1273 4277 1370 4339 tritam
1378 4278 1630 4354 revooare‚eaeris

73 4481 229 4540 elimae.
251 4479 337 4535 Oiltttv
358 4479 395 4547 ti,
422 4481 463 4535 atat
483 4476 588 4554 ἔνεργεῗν
605 4474 633 4534 οὖ
648 4480 809 4555 διῃρημένος,
860 4480 1189 4554 θελήσεωςπαραχοιρεῖσθαι
1202 4476 1316 4553 πάσχειν,
1337 4480 1377 4533 aul
1392 4480 1506 4552 πράττειν
1521 4478 1628 4550 titire,

44 4562 93 4617 ἄλλ’
102 4565 251 4639 Ιγυωρένως.
860 4566 901 4618 aad
914 4565 955 4620 διὰ
971 4565 1000 4619 τὸ
1013 4563 1057 4631 τὴν
1071 4562 1191 4636 ἐνέργειαν
1204 4566 1247 4629 τῆς
1260 4564 1348 4634 σαρκὸς
1364 4564 1460 4625 πάντως
1473 4557 1536 4617 εἶναι
1550 4567 1630 4633 σωτή-

73 4648 89 4704 Ι
106 4650 183 4707 idem
200 4649 255 4706 llb-
273 4648 319 4719 lli,
336 4662 397 4718 etp.
413 4662 459 4703 xv.
479 4647 528 4709 Τὰς
553 4646 597 4719 μὲν
620 4650 667 4720 γὰρ
681 4645 812 4719 ΙεοοημΙας
862 4668 924 4719 ριον.
939 4649 999 4720 ὅπερ
1014 4644 1042 4700 οὗ
1055 4648 1097 4714 τῆς
1112 4645 1263 4715 ἀνθρωπΙνης
1283 4642 1402 4718 ἔνεργεΙοις
1417 4644 1493 4712 ἐστὶν,
1509 4645 1574 4699 ἀλλὰ
1587 4652 1631 4715 τῆς

42 4729 145 4802 {tetrae
167 4732 312 4805 εἰργάζετο,
336 4731 393 4784 ἀλλ’
413 4730 440 4784 οὗ
464 4731 523 4803 biga
547 4733 590 4798 τῆς
615 4730 713 4803 σαρκός·
736 4728 767 4783 τὰ
786 4726 812 4782 δὲ
861 4730 960 4798 helaei]
976 4727 1074 4801 δὲσὰρξ
1088 4732 1118 4801 τῇ
1132 4731 1228 4797 tettan
1243 4726 1375 4800 τοῦλόγου
1390 4726 1530 4801 ἔνεργουσῃ,
1548 4730 1589 4783 διά
1605 4749 1632 4783 τε

41 4814 144 4881 anisi,
163 4815 180 4885 ἡ
198 4813 275 4887 σὰρξ,
291 4813 349 4867 ἀλλ’
368 4810 397 4866 οὗ
411 4812 487 4887 χωρὶς
502 4817 544 4880 τῆς
556 4814 679 4882 θεότητος.
694 4813 734 4866 atat
747 4831 811 4866 πασ-
861 4814 895 4876 ὼς
908 4815 941 4866 δι’
955 4811 1060 4885 ὀργάνου
1074 4816 1121 4865 τοῦ
1136 4813 1251 4882 σώματος
1264 4810 1307 4875 τὰς
1321 4812 1386 4873 θείας
1400 4808 1547 4865 ἐκτελεῖσθαι
1565 4811 1631 4885 ἔνερ·

41 4898 111 4971 γοὸσγγ
124 4900 174 4971 γὰρ
201 4902 237 4971 τῇ
258 4897 331 4969 σαρκὶ
352 4897 492 4968 συνημμένη
516 4890 545 4965 ἦν
566 4895 583 4964 ὴ
606 4896 698 4963 taam,
719 4894 813 4962 ἀπαθὴς
860 4896 937 4970 γεΙσς,
953 4896 992 4949 καὶ
1014 4894 1096 4948 διὰτὸ
1115 4893 1158 4947 ἕνα
1180 4888 1242 4946 εἶναι
1264 4893 1307 4947 τον
1335 4889 1478 4968 ἐνεργοῦντα
1498 4896 1584 4958 θεϊκῶς
1604 4914 1632 4951 τε

41 4981 194 5053 hapttm,
216 4982 261 5034 atui
281 4980 390 5049 τὰπάθη
416 4972 548 5032 arelatae
575 4978 606 5033 τὰ
628 4980 745 5049 σωτήρια·
772 4976 813 5029 καὶ
862 4980 925 5052 ἅμα,
939 4979 980 5032 καὶ
995 4975 1161 5051 &saporivae

41 5060 164 5138 ἔοργοόσγγ
182 5069 217 5137 τῇ
232 5057 279 5117 τοῖν
300 5063 376 5137 λόγου
390 5062 486 5131 θεότιγτι
507 5063 660 5136 συνημμένος
673 5058 702 5130 ἢν
721 5059 813 5133 δᾶγιος
898 5060 920 5116 d
938 5058 1113 5118 'sumnonem
1139 5062 1168 5115 ln
1186 5056 1241 5115 lino
1263 5058 1379 5116 Consul.
1403 5060 1500 5117 anath.
1526 5078 1544 5116 1.
1569 5061 1631 5117 Οὔτε

40 5152 90 5210 τοῖς
101 5152 180 5213 νοῶν,
191 5146 239 5199 md
248 5145 316 5209 εΙδὼς
325 5145 358 5202 τὰ
367 5145 511 5218 τελούμενα.
862 5144 915 5206 θεὸς
929 5141 1077 5216 ἀνθρωτεῐας
1094 5138 1187 5213 ριΙσεως
1207 5143 1404 5215 κεχωρισμένος,
1425 5142 1480 5199 οὔτε
1507 5144 1632 5216 ἅνθρωπος

71 5245 87 5286 ο
101 5228 181 5288 idem
195 5228 251 5285 lth.
266 5227 313 5292 ΙΙΙ,
330 5244 392 5300 cap.
407 5240 479 5283 xxix.
500 5228 621 5282 ΚοινωνεΙ
639 5226 719 5281 τοΙνυν
738 5225 754 5293 ἧ
770 5222 813 5298 μὲν
863 5226 1044 5300 γεγυρνορένος
1052 5224 1175 5293 θεότητος.

40 5312 87 5365 tela
96 5314 168 5386 ρὸοις
183 5316 219 5386 τῇ
237 5311 310 5383 capel
329 5306 470 5385 Ινεργούοῃ,
490 5310 531 5365 διὰ
544 5311 573 5365 το
586 5306 683 5381 εὖδοιιΙρ
693 5313 736 5377 τῆς
747 5306 813 5370 θεΙας

67 5504 135 5551 tllh.
144 5505 184 5559 lv,
192 5513 250 5556 eun.
261 5514 299 5555 m,
309 5502 326 5560 ς
337 5502 359 5548 8.
370 5506 420 5546 -t
433 5502 482 5551 hth.
494 5503 586 5550 una·
597 5504 640 5551 stt.
651 5512 701 5558 esp.
712 5511 748 5547 ιιι.
