<?xml version="1.0" encoding="UTF-8"?>
<!DOCTYPE html PUBLIC "-//W3C//DTD XHTML 1.0 Transitional//EN"
    "http://www.w3.org/TR/xhtml1/DTD/xhtml1-transitional.dtd">
<html xmlns="http://www.w3.org/1999/xhtml" xml:lang="en" lang="en">
 <head>
  <title>
</title>
<meta http-equiv="Content-Type" content="text/html;charset=utf-8" />
  <meta name='ocr-system' content='tesseract 3.04.00' />
  <meta name='ocr-capabilities' content='ocr_page ocr_carea ocr_par ocr_line ocrx_word'/>
</head>
<body>
  <div class='ocr_page' id='page_1' title='image "./dogmatatheologi00zaccgoog_0095.png"; bbox 0 0 4104 6160; ppageno 0'>
   <div class='ocr_carea' id='block_1_1' title="bbox 307 244 1386 361">
    <p class='ocr_par' dir='ltr' id='par_1_1' title="bbox 307 244 1386 361">
     <span class='ocr_line' id='line_1_1' title="bbox 307 244 1386 361; baseline 0.039 -42"><span class='ocrx_word' id='word_1_1' title='bbox 307 244 347 305; x_wconf 77' lang='lat'><strong>⁷⁶</strong></span> <span class='ocrx_word' id='word_1_2' title='bbox 821 280 1149 349; x_wconf 82' lang='lat' dir='ltr'><strong>rnnonoarsoaun</strong></span> <span class='ocrx_word' id='word_1_3' title='bbox 1169 292 1386 361; x_wconf 80' lang='lat' dir='ltr'><strong>coenarent</strong></span> 
     </span>
    </p>
   </div>
   <div class='ocr_carea' id='block_1_2' title="bbox 301 410 1889 2121">
    <p class='ocr_par' dir='ltr' id='par_1_2' title="bbox 301 410 1889 2121">
     <span class='ocr_line' id='line_1_2' title="bbox 347 410 1889 549; baseline 0.041 -74"><span class='ocrx_word' id='word_1_4' title='bbox 347 410 498 492; x_wconf 74' lang='lat' dir='ltr'><strong>tiatorem</strong></span> <span class='ocrx_word' id='word_1_5' title='bbox 511 442 576 487; x_wconf 90' lang='lat' dir='ltr'><strong>non</strong></span> <span class='ocrx_word' id='word_1_6' title='bbox 589 447 654 494; x_wconf 90' lang='lat' dir='ltr'><strong>esse</strong></span> <span class='ocrx_word' id='word_1_7' title='bbox 668 436 793 503; x_wconf 88' lang='lat' dir='ltr'><strong>Patrem</strong></span> <span class='ocrx_word' id='word_1_8' title='bbox 806 445 871 506; x_wconf 83' lang='lat' dir='ltr'><strong>tilio</strong></span> <span class='ocrx_word' id='word_1_9' title='bbox 884 455 1006 528; x_wconf 87' lang='lat' dir='ltr'><strong>natura,</strong></span> <span class='ocrx_word' id='word_1_10' title='bbox 1025 453 1076 513; x_wconf 89' lang='lat' dir='ltr'><strong>vel</strong></span> <span class='ocrx_word' id='word_1_11' title='bbox 1124 455 1313 523; x_wconf 87' lang='lat' dir='ltr'><strong>substantiva</strong></span> <span class='ocrx_word' id='word_1_12' title='bbox 1325 466 1520 544; x_wconf 79' lang='lat' dir='ltr'>copulatione</span> <span class='ocrx_word' id='word_1_13' title='bbox 1530 469 1646 547; x_wconf 85' lang='lat' dir='ltr'><strong>junctis</strong></span> <span class='ocrx_word' id='word_1_14' title='bbox 1658 473 1823 549; x_wconf 88' lang='lat' dir='ltr'><strong>separatim</strong></span> <span class='ocrx_word' id='word_1_15' title='bbox 1837 472 1889 533; x_wconf 91' lang='lat' dir='ltr'><strong>tri·</strong></span> 
     </span>
     <span class='ocr_line' id='line_1_3' title="bbox 307 507 1888 641; baseline 0.041 -81"><span class='ocrx_word' id='word_1_16' title='bbox 307 507 449 586; x_wconf 77' lang='lat' dir='ltr'>essentia,</span> <span class='ocrx_word' id='word_1_17' title='bbox 464 515 511 575; x_wconf 86' lang='lat' dir='ltr'><strong>vel</strong></span> <span class='ocrx_word' id='word_1_18' title='bbox 525 521 738 597; x_wconf 75' lang='lat' dir='ltr'><strong>perfectiorem</strong></span> <span class='ocrx_word' id='word_1_19' title='bbox 751 552 785 595; x_wconf 90' lang='lat' dir='ltr'><strong>re</strong></span> <span class='ocrx_word' id='word_1_20' title='bbox 799 537 883 615; x_wconf 89' lang='lat' dir='ltr'><strong>ulla;</strong></span> <span class='ocrx_word' id='word_1_21' title='bbox 898 543 952 603; x_wconf 89' lang='lat' dir='ltr'><strong>sed</strong></span> <span class='ocrx_word' id='word_1_22' title='bbox 970 562 1074 624; x_wconf 86' lang='lat' dir='ltr'><strong>aequa·</strong></span> <span class='ocrx_word' id='word_1_23' title='bbox 1123 547 1272 628; x_wconf 92' lang='lat' dir='ltr'><strong>bnantur,</strong></span> <span class='ocrx_word' id='word_1_24' title='bbox 1294 557 1348 616; x_wconf 91' lang='lat' dir='ltr'><strong>sed</strong></span> <span class='ocrx_word' id='word_1_25' title='bbox 1366 559 1422 619; x_wconf 89' lang='lat' dir='ltr'><strong>uni</strong></span> <span class='ocrx_word' id='word_1_26' title='bbox 1440 561 1602 641; x_wconf 82' lang='lat' dir='ltr'><strong>eidemque</strong></span> <span class='ocrx_word' id='word_1_27' title='bbox 1625 564 1756 640; x_wconf 88' lang='lat' dir='ltr'><strong>Christo,</strong></span> <span class='ocrx_word' id='word_1_28' title='bbox 1772 566 1830 624; x_wconf 89' lang='lat' dir='ltr'><strong>boe</strong></span> <span class='ocrx_word' id='word_1_29' title='bbox 1844 571 1888 625; x_wconf 89' lang='lat' dir='ltr'><strong>est</strong></span> 
     </span>
     <span class='ocr_line' id='line_1_4' title="bbox 307 591 1888 735; baseline 0.041 -82"><span class='ocrx_word' id='word_1_30' title='bbox 307 591 370 656; x_wconf 85' lang='lat' dir='ltr'><strong>lem</strong></span> <span class='ocrx_word' id='word_1_31' title='bbox 390 604 533 678; x_wconf 90' lang='lat' dir='ltr'><strong>penitus:</strong></span> <span class='ocrx_word' id='word_1_32' title='bbox 556 613 619 676; x_wconf 92' lang='lat' dir='ltr'><strong>imo</strong></span> <span class='ocrx_word' id='word_1_33' title='bbox 642 625 787 688; x_wconf 86' lang='lat' dir='ltr'><strong>eumdem</strong></span> <span class='ocrx_word' id='word_1_34' title='bbox 804 630 836 690; x_wconf 91' lang='lat' dir='ltr'><strong>in</strong></span> <span class='ocrx_word' id='word_1_35' title='bbox 856 632 893 693; x_wconf 91' lang='lat' dir='ltr'><strong>iis</strong></span> <span class='ocrx_word' id='word_1_36' title='bbox 915 638 1072 716; x_wconf 89' lang='lat' dir='ltr'><strong>omnihus,</strong></span> <span class='ocrx_word' id='word_1_37' title='bbox 1122 658 1262 720; x_wconf 85' lang='lat' dir='ltr'><strong>personae</strong></span> <span class='ocrx_word' id='word_1_38' title='bbox 1275 654 1307 707; x_wconf 91' lang='lat' dir='ltr'><strong>et</strong></span> <span class='ocrx_word' id='word_1_39' title='bbox 1319 649 1477 729; x_wconf 78' lang='lat' dir='ltr'><strong>hypostasi</strong></span> <span class='ocrx_word' id='word_1_40' title='bbox 1490 655 1555 722; x_wconf 89' lang='lat' dir='ltr'><strong>uni,</strong></span> <span class='ocrx_word' id='word_1_41' title='bbox 1572 674 1641 735; x_wconf 80' lang='lat' dir='ltr'><strong>quae</strong></span> <span class='ocrx_word' id='word_1_42' title='bbox 1656 656 1688 716; x_wconf 91' lang='lat' dir='ltr'><strong>in</strong></span> <span class='ocrx_word' id='word_1_43' title='bbox 1703 657 1821 718; x_wconf 91' lang='lat' dir='ltr'><strong>duabus</strong></span> <span class='ocrx_word' id='word_1_44' title='bbox 1835 676 1888 718; x_wconf 92' lang='lat' dir='ltr'><strong>na·</strong></span> 
     </span>
     <span class='ocr_line' id='line_1_5' title="bbox 307 697 1885 828; baseline 0.041 -83"><span class='ocrx_word' id='word_1_45' title='bbox 307 705 377 766; x_wconf 83' lang='lat' dir='ltr'><strong>qnae</strong></span> <span class='ocrx_word' id='word_1_46' title='bbox 392 697 534 762; x_wconf 79' lang='lat' dir='ltr'><strong>attributo</strong></span> <span class='ocrx_word' id='word_1_47' title='bbox 551 707 645 787; x_wconf 82' lang='lat' dir='ltr'><strong>vulgo</strong></span> <span class='ocrx_word' id='word_1_48' title='bbox 666 720 696 775; x_wconf 91' lang='lat' dir='ltr'><strong>et</strong></span> <span class='ocrx_word' id='word_1_49' title='bbox 715 721 902 801; x_wconf 77' lang='lat' dir='ltr'><strong>perfectiones</strong></span> <span class='ocrx_word' id='word_1_50' title='bbox 914 727 947 787; x_wconf 94' lang='lat' dir='ltr'><strong>in</strong></span> <span class='ocrx_word' id='word_1_51' title='bbox 963 732 1075 792; x_wconf 90' lang='lat' dir='ltr'><strong>scholis</strong></span> <span class='ocrx_word' id='word_1_52' title='bbox 1122 736 1202 795; x_wconf 89' lang='lat' dir='ltr'><strong>turis</strong></span> <span class='ocrx_word' id='word_1_53' title='bbox 1215 738 1363 812; x_wconf 87' lang='lat' dir='ltr'><strong>subsistit,</strong></span> <span class='ocrx_word' id='word_1_54' title='bbox 1380 762 1414 805; x_wconf 88' lang='lat' dir='ltr'><strong>aa</strong></span> <span class='ocrx_word' id='word_1_55' title='bbox 1430 765 1485 806; x_wconf 87' lang='lat' dir='ltr'><strong>sua</strong></span> <span class='ocrx_word' id='word_1_56' title='bbox 1504 747 1584 823; x_wconf 86' lang='lat' dir='ltr'><strong>iacit,</strong></span> <span class='ocrx_word' id='word_1_57' title='bbox 1606 748 1726 828; x_wconf 90' lang='lat' dir='ltr'><strong>sibique</strong></span> <span class='ocrx_word' id='word_1_58' title='bbox 1740 750 1885 825; x_wconf 83' lang='lat' dir='ltr'><strong>vindicat,</strong></span> 
     </span>
     <span class='ocr_line' id='line_1_6' title="bbox 307 783 1886 921; baseline 0.032 -64"><span class='ocrx_word' id='word_1_59' title='bbox 307 783 517 865; x_wconf 53' lang='lat' dir='ltr'><strong>impellimur,</strong></span> <span class='ocrx_word' id='word_1_60' title='bbox 543 800 700 868; x_wconf 75' lang='lat' dir='ltr'><strong>catholica»</strong></span> <span class='ocrx_word' id='word_1_61' title='bbox 726 819 772 871; x_wconf 89' lang='lat' dir='ltr'><strong>est</strong></span> <span class='ocrx_word' id='word_1_62' title='bbox 798 815 912 896; x_wconf 88' lang='lat' dir='ltr'><strong>dogma</strong></span> <span class='ocrx_word' id='word_1_63' title='bbox 939 821 1075 900; x_wconf 89' lang='lat' dir='ltr'><strong>fidei;a</strong></span> <span class='ocrx_word' id='word_1_64' title='bbox 1122 845 1192 906; x_wconf 86' lang='lat' dir='ltr'><strong>quae</strong></span> <span class='ocrx_word' id='word_1_65' title='bbox 1207 835 1281 891; x_wconf 89' lang='lat' dir='ltr'><strong>sunt</strong></span> <span class='ocrx_word' id='word_1_66' title='bbox 1302 834 1480 898; x_wconf 82' lang='lat' dir='ltr'><strong>alterutrius</strong></span> <span class='ocrx_word' id='word_1_67' title='bbox 1505 841 1640 919; x_wconf 89' lang='lat' dir='ltr'><strong>propria,</strong></span> <span class='ocrx_word' id='word_1_68' title='bbox 1662 858 1756 920; x_wconf 90' lang='lat' dir='ltr'><strong>quam</strong></span> <span class='ocrx_word' id='word_1_69' title='bbox 1781 842 1886 921; x_wconf 84' lang='lat' dir='ltr'><strong>Cyrilli</strong></span> 
     </span>
     <span class='ocr_line' id='line_1_7' title="bbox 307 879 1884 1013; baseline 0.042 -83"><span class='ocrx_word' id='word_1_70' title='bbox 307 889 370 950; x_wconf 90' lang='lat' dir='ltr'><strong>qno</strong></span> <span class='ocrx_word' id='word_1_71' title='bbox 384 879 487 943; x_wconf 90' lang='lat' dir='ltr'><strong>nullus</strong></span> <span class='ocrx_word' id='word_1_72' title='bbox 508 887 658 969; x_wconf 83' lang='lat' dir='ltr'><strong>dissentit,</strong></span> <span class='ocrx_word' id='word_1_73' title='bbox 675 898 734 961; x_wconf 91' lang='lat' dir='ltr'><strong>nisi</strong></span> <span class='ocrx_word' id='word_1_74' title='bbox 756 907 899 984; x_wconf 72' lang='lat' dir='ltr'><strong>Amanus,</strong></span> <span class='ocrx_word' id='word_1_75' title='bbox 924 920 955 974; x_wconf 93' lang='lat' dir='ltr'><strong>et</strong></span> <span class='ocrx_word' id='word_1_76' title='bbox 977 916 1074 978; x_wconf 82' lang='lat' dir='ltr'><strong>haere</strong></span> <span class='ocrx_word' id='word_1_77' title='bbox 1121 934 1187 980; x_wconf 85' lang='lat' dir='ltr'><strong>esse</strong></span> <span class='ocrx_word' id='word_1_78' title='bbox 1212 930 1349 987; x_wconf 88' lang='lat' dir='ltr'><strong>mentem</strong></span> <span class='ocrx_word' id='word_1_79' title='bbox 1373 937 1513 992; x_wconf 87' lang='lat' dir='ltr'><strong>accurate</strong></span> <span class='ocrx_word' id='word_1_80' title='bbox 1540 934 1734 1013; x_wconf 85' lang='lat' dir='ltr'><strong>huoujusque</strong></span> <span class='ocrx_word' id='word_1_81' title='bbox 1756 935 1884 996; x_wconf 88' lang='lat' dir='ltr'><strong>demon-</strong></span> 
     </span>
     <span class='ocr_line' id='line_1_8' title="bbox 308 963 1295 1081; baseline 0.057 -59"><span class='ocrx_word' id='word_1_82' title='bbox 308 963 396 1028; x_wconf 89' lang='lat' dir='ltr'><strong>ticus.</strong></span> <span class='ocrx_word' id='word_1_83' title='bbox 409 971 449 1032; x_wconf 87' lang='lat' dir='ltr'><strong>At</strong></span> <span class='ocrx_word' id='word_1_84' title='bbox 468 993 541 1039; x_wconf 90' lang='lat' dir='ltr'><strong>vero</strong></span> <span class='ocrx_word' id='word_1_85' title='bbox 560 983 585 1042; x_wconf 92' lang='lat' dir='ltr'><strong>si</strong></span> <span class='ocrx_word' id='word_1_86' title='bbox 600 994 792 1063; x_wconf 78' lang='lat' dir='ltr'><strong>personalem</strong></span> <span class='ocrx_word' id='word_1_87' title='bbox 808 1004 1027 1081; x_wconf 84' lang='lat' dir='ltr'><strong>proprietatem</strong></span> <span class='ocrx_word' id='word_1_88' title='bbox 1042 1018 1074 1072; x_wconf 91' lang='lat' dir='ltr'><strong>et</strong></span> <span class='ocrx_word' id='word_1_89' title='bbox 1121 1013 1295 1077; x_wconf 86' lang='lat' dir='ltr'><strong>stravimus.</strong></span> 
     </span>
     <span class='ocr_line' id='line_1_9' title="bbox 306 1056 1883 1193; baseline 0.05 -78"><span class='ocrx_word' id='word_1_90' title='bbox 306 1056 489 1127; x_wconf 87' lang='lat' dir='ltr'><strong>relationem</strong></span> <span class='ocrx_word' id='word_1_91' title='bbox 509 1075 681 1141; x_wconf 88' lang='lat' dir='ltr'><strong>consideres</strong></span> <span class='ocrx_word' id='word_1_92' title='bbox 692 1103 700 1158; x_wconf 90' lang='lat'>;</span> <span class='ocrx_word' id='word_1_93' title='bbox 725 1092 900 1170; x_wconf 89' lang='lat' dir='ltr'><strong>complures</strong></span> <span class='ocrx_word' id='word_1_94' title='bbox 923 1101 1071 1180; x_wconf 89' lang='lat' dir='ltr'><strong>antiquo·</strong></span> <span class='ocrx_word' id='word_1_95' title='bbox 1160 1104 1335 1186; x_wconf 83' lang='lat' dir='ltr'><strong>Antequam</strong></span> <span class='ocrx_word' id='word_1_96' title='bbox 1356 1130 1427 1174; x_wconf 85' lang='lat' dir='ltr'><strong>vero</strong></span> <span class='ocrx_word' id='word_1_97' title='bbox 1447 1115 1486 1175; x_wconf 91' lang='lat' dir='ltr'><strong>ab</strong></span> <span class='ocrx_word' id='word_1_98' title='bbox 1503 1115 1562 1177; x_wconf 84' lang='lat' dir='ltr'><strong>boe</strong></span> <span class='ocrx_word' id='word_1_99' title='bbox 1578 1117 1647 1178; x_wconf 80' lang='lat' dir='ltr'><strong>loco</strong></span> <span class='ocrx_word' id='word_1_100' title='bbox 1660 1119 1811 1193; x_wconf 71' lang='lat' dir='ltr'><strong>recedam,</strong></span> <span class='ocrx_word' id='word_1_101' title='bbox 1827 1139 1883 1180; x_wconf 75' lang='lat'>11⁰·</span> 
     </span>
     <span class='ocr_line' id='line_1_10' title="bbox 304 1154 1885 1292; baseline 0.043 -86"><span class='ocrx_word' id='word_1_102' title='bbox 304 1164 377 1210; x_wconf 89' lang='lat' dir='ltr'><strong>rum</strong></span> <span class='ocrx_word' id='word_1_103' title='bbox 397 1154 533 1239; x_wconf 83' lang='lat' dir='ltr'><strong>Petrum,</strong></span> <span class='ocrx_word' id='word_1_104' title='bbox 557 1185 618 1245; x_wconf 89' lang='lat' dir='ltr'><strong>qua</strong></span> <span class='ocrx_word' id='word_1_105' title='bbox 639 1175 737 1254; x_wconf 87' lang='lat' dir='ltr'><strong>Pater,</strong></span> <span class='ocrx_word' id='word_1_106' title='bbox 756 1200 821 1243; x_wconf 91' lang='lat' dir='ltr'><strong>non</strong></span> <span class='ocrx_word' id='word_1_107' title='bbox 840 1204 901 1264; x_wconf 89' lang='lat' dir='ltr'><strong>qua</strong></span> <span class='ocrx_word' id='word_1_108' title='bbox 915 1190 996 1253; x_wconf 90' lang='lat' dir='ltr'><strong>Deus</strong></span> <span class='ocrx_word' id='word_1_109' title='bbox 1012 1202 1069 1271; x_wconf 89' lang='lat' dir='ltr'><strong>est,</strong></span> <span class='ocrx_word' id='word_1_110' title='bbox 1120 1195 1215 1256; x_wconf 83' lang='lat' dir='ltr'><strong>tanda</strong></span> <span class='ocrx_word' id='word_1_111' title='bbox 1238 1206 1284 1260; x_wconf 83' lang='lat' dir='ltr'><strong>est</strong></span> <span class='ocrx_word' id='word_1_112' title='bbox 1297 1201 1330 1261; x_wconf 92' lang='lat' dir='ltr'><strong>in</strong></span> <span class='ocrx_word' id='word_1_113' title='bbox 1353 1205 1520 1285; x_wconf 86' lang='lat' dir='ltr'><strong>Anonymo</strong></span> <span class='ocrx_word' id='word_1_114' title='bbox 1544 1209 1688 1271; x_wconf 85' lang='lat' dir='ltr'><strong>haeretioo</strong></span> <span class='ocrx_word' id='word_1_115' title='bbox 1716 1211 1828 1292; x_wconf 79' lang='lat' dir='ltr'><strong>impie,</strong></span> <span class='ocrx_word' id='word_1_116' title='bbox 1851 1219 1885 1274; x_wconf 87' lang='lat' dir='ltr'><strong>ut</strong></span> 
     </span>
     <span class='ocr_line' id='line_1_11' title="bbox 304 1242 1883 1384; baseline 0.04 -82"><span class='ocrx_word' id='word_1_117' title='bbox 304 1242 455 1319; x_wconf 80' lang='lat' dir='ltr'><strong>majorem</strong></span> <span class='ocrx_word' id='word_1_118' title='bbox 473 1271 688 1328; x_wconf 86' lang='lat' dir='ltr'><strong>concesserunt</strong></span> <span class='ocrx_word' id='word_1_119' title='bbox 707 1289 771 1333; x_wconf 71' lang='lat' dir='ltr'><strong>esse</strong></span> <span class='ocrx_word' id='word_1_120' title='bbox 793 1276 879 1338; x_wconf 78' lang='lat' dir='ltr'><strong>Filio.</strong></span> <span class='ocrx_word' id='word_1_121' title='bbox 905 1282 952 1343; x_wconf 75' lang='lat' dir='ltr'><strong>lta</strong></span> <span class='ocrx_word' id='word_1_122' title='bbox 970 1288 1070 1349; x_wconf 75' lang='lat' dir='ltr'><strong>Graeei</strong></span> <span class='ocrx_word' id='word_1_123' title='bbox 1119 1303 1189 1347; x_wconf 91' lang='lat' dir='ltr'><strong>cum</strong></span> <span class='ocrx_word' id='word_1_124' title='bbox 1202 1289 1318 1353; x_wconf 88' lang='lat' dir='ltr'><strong>Hilario</strong></span> <span class='ocrx_word' id='word_1_125' title='bbox 1332 1296 1470 1376; x_wconf 90' lang='lat' dir='ltr'><strong>loquar¹,</strong></span> <span class='ocrx_word' id='word_1_126' title='bbox 1484 1299 1666 1362; x_wconf 75' lang='lat' dir='ltr'><strong>hebetudinis</strong></span> <span class='ocrx_word' id='word_1_127' title='bbox 1677 1303 1818 1377; x_wconf 80' lang='lat' dir='ltr'><strong>stultitia,</strong></span> <span class='ocrx_word' id='word_1_128' title='bbox 1830 1306 1883 1384; x_wconf 91' lang='lat' dir='ltr'><strong>qui</strong></span> 
     </span>
     <span class='ocr_line' id='line_1_12' title="bbox 303 1350 1885 1474; baseline 0.042 -80"><span class='ocrx_word' id='word_1_129' title='bbox 303 1350 383 1410; x_wconf 89' lang='lat' dir='ltr'><strong>pene</strong></span> <span class='ocrx_word' id='word_1_130' title='bbox 411 1358 536 1422; x_wconf 90' lang='lat' dir='ltr'><strong>omnes,</strong></span> <span class='ocrx_word' id='word_1_131' title='bbox 566 1353 738 1424; x_wconf 83' lang='lat' dir='ltr'><strong>Alexander</strong></span> <span class='ocrx_word' id='word_1_132' title='bbox 763 1373 957 1446; x_wconf 79' lang='lat' dir='ltr'><strong>cognominis</strong></span> <span class='ocrx_word' id='word_1_133' title='bbox 985 1380 1071 1442; x_wconf 85' lang='lat' dir='ltr'><strong>urbis</strong></span> <span class='ocrx_word' id='word_1_134' title='bbox 1119 1377 1226 1457; x_wconf 84' lang='lat' dir='ltr'><strong>Cyrilli</strong></span> <span class='ocrx_word' id='word_1_135' title='bbox 1239 1382 1355 1462; x_wconf 89' lang='lat' dir='ltr'><strong>locum,</strong></span> <span class='ocrx_word' id='word_1_136' title='bbox 1371 1389 1404 1448; x_wconf 93' lang='lat' dir='ltr'><strong>in</strong></span> <span class='ocrx_word' id='word_1_137' title='bbox 1417 1410 1479 1470; x_wconf 92' lang='lat' dir='ltr'><strong>quo</strong></span> <span class='ocrx_word' id='word_1_138' title='bbox 1493 1395 1635 1474; x_wconf 77' lang='lat' dir='ltr'><strong>aequalem</strong></span> <span class='ocrx_word' id='word_1_139' title='bbox 1649 1396 1768 1456; x_wconf 83' lang='lat' dir='ltr'><strong>essentia</strong></span> <span class='ocrx_word' id='word_1_140' title='bbox 1780 1397 1885 1457; x_wconf 79' lang='lat' dir='ltr'><strong>scribit</strong></span> 
     </span>
     <span class='ocr_line' id='line_1_13' title="bbox 303 1427 1883 1567; baseline 0.042 -81"><span class='ocrx_word' id='word_1_141' title='bbox 303 1427 473 1510; x_wconf 81' lang='lat' dir='ltr'><strong>episcopus,</strong></span> <span class='ocrx_word' id='word_1_142' title='bbox 492 1447 523 1501; x_wconf 92' lang='lat' dir='ltr'><strong>et</strong></span> <span class='ocrx_word' id='word_1_143' title='bbox 536 1444 602 1522; x_wconf 90' lang='lat' dir='ltr'><strong>ejus</strong></span> <span class='ocrx_word' id='word_1_144' title='bbox 619 1468 775 1518; x_wconf 84' lang='lat' dir='ltr'><strong>successor</strong></span> <span class='ocrx_word' id='word_1_145' title='bbox 793 1462 988 1545; x_wconf 76' lang='lat' dir='ltr'><strong>Athanasius,</strong></span> <span class='ocrx_word' id='word_1_146' title='bbox 1008 1473 1068 1534; x_wconf 84' lang='lat' dir='ltr'><strong>Ba·</strong></span> <span class='ocrx_word' id='word_1_147' title='bbox 1117 1473 1312 1536; x_wconf 67' lang='lat' dir='ltr'><strong>coemeram</strong></span> <span class='ocrx_word' id='word_1_148' title='bbox 1329 1479 1422 1557; x_wconf 84' lang='lat' dir='ltr'><strong>Filio,</strong></span> <span class='ocrx_word' id='word_1_149' title='bbox 1442 1483 1523 1545; x_wconf 78' lang='lat' dir='ltr'><strong>fmda</strong></span> <span class='ocrx_word' id='word_1_150' title='bbox 1542 1486 1794 1567; x_wconf 84' lang='lat' dir='ltr'><strong>interpretatione</strong></span> <span class='ocrx_word' id='word_1_151' title='bbox 1816 1507 1883 1550; x_wconf 88' lang='lat' dir='ltr'><strong>eor·</strong></span> 
     </span>
     <span class='ocr_line' id='line_1_14' title="bbox 303 1518 1882 1659; baseline 0.054 -82"><span class='ocrx_word' id='word_1_152' title='bbox 303 1518 400 1597; x_wconf 87' lang='lat' dir='ltr'><strong>silius,</strong></span> <span class='ocrx_word' id='word_1_153' title='bbox 413 1526 552 1608; x_wconf 84' lang='lat' dir='ltr'><strong>Gregorii</strong></span> <span class='ocrx_word' id='word_1_154' title='bbox 569 1541 672 1614; x_wconf 90' lang='lat' dir='ltr'><strong>ambo,</strong></span> <span class='ocrx_word' id='word_1_155' title='bbox 695 1546 913 1631; x_wconf 85' lang='lat' dir='ltr'><strong>Nazianzenus,</strong></span> <span class='ocrx_word' id='word_1_156' title='bbox 939 1566 969 1621; x_wconf 90' lang='lat' dir='ltr'><strong>et</strong></span> <span class='ocrx_word' id='word_1_157' title='bbox 989 1565 1068 1644; x_wconf 87' lang='lat' dir='ltr'><strong>Nys-</strong></span> <span class='ocrx_word' id='word_1_158' title='bbox 1118 1564 1214 1642; x_wconf 79' lang='lat' dir='ltr'><strong>rupit,</strong></span> <span class='ocrx_word' id='word_1_159' title='bbox 1235 1567 1334 1631; x_wconf 75' lang='lat' dir='ltr'><strong>obiter</strong></span> <span class='ocrx_word' id='word_1_160' title='bbox 1357 1573 1524 1654; x_wconf 75' lang='lat' dir='ltr'><strong>inleljeclis</strong></span> <span class='ocrx_word' id='word_1_161' title='bbox 1544 1580 1669 1643; x_wconf 68' lang='lat' dir='ltr'><strong>vocibus</strong></span> <span class='ocrx_word' id='word_1_162' title='bbox 1687 1581 1807 1642; x_wconf 65' lang='lat' dir='ltr'><strong>duabus</strong></span> <span class='ocrx_word' id='word_1_163' title='bbox 1821 1581 1882 1659; x_wconf 64' lang='lat' dir='ltr'><strong>ini·</strong></span> 
     </span>
     <span class='ocr_line' id='line_1_15' title="bbox 302 1621 1883 1750; baseline 0.043 -82"><span class='ocrx_word' id='word_1_164' title='bbox 302 1627 405 1689; x_wconf 89' lang='lat' dir='ltr'><strong>senus,</strong></span> <span class='ocrx_word' id='word_1_165' title='bbox 441 1621 696 1711; x_wconf 73' lang='lat' dir='ltr'><strong>chrysostomus,</strong></span> <span class='ocrx_word' id='word_1_166' title='bbox 734 1641 867 1707; x_wconf 84' lang='lat' dir='ltr'><strong>Isidorus</strong></span> <span class='ocrx_word' id='word_1_167' title='bbox 894 1649 1066 1735; x_wconf 90' lang='lat' dir='ltr'><strong>Pelusiota,</strong></span> <span class='ocrx_word' id='word_1_168' title='bbox 1117 1655 1229 1718; x_wconf 82' lang='lat' dir='ltr'><strong>mt&#39;rum</strong></span> <span class='ocrx_word' id='word_1_169' title='bbox 1245 1663 1400 1747; x_wconf 78' lang='lat' dir='ltr'><strong>specifice)</strong></span> <span class='ocrx_word' id='word_1_170' title='bbox 1417 1670 1504 1748; x_wconf 89' lang='lat' dir='ltr'><strong>quasi</strong></span> <span class='ocrx_word' id='word_1_171' title='bbox 1520 1672 1680 1750; x_wconf 69' lang='lat' dir='ltr'><strong>aequalitas</strong></span> <span class='ocrx_word' id='word_1_172' title='bbox 1697 1672 1749 1733; x_wconf 89' lang='lat' dir='ltr'><strong>illa</strong></span> <span class='ocrx_word' id='word_1_173' title='bbox 1769 1674 1883 1735; x_wconf 81' lang='lat' dir='ltr'><strong>ratione</strong></span> 
     </span>
     <span class='ocr_line' id='line_1_16' title="bbox 302 1702 1881 1837; baseline 0.044 -77"><span class='ocrx_word' id='word_1_174' title='bbox 302 1702 434 1783; x_wconf 85' lang='lat' dir='ltr'><strong>Cyrillus</strong></span> <span class='ocrx_word' id='word_1_175' title='bbox 447 1713 684 1801; x_wconf 85' lang='lat' dir='ltr'><strong>Alexandrinus,</strong></span> <span class='ocrx_word' id='word_1_176' title='bbox 700 1731 835 1798; x_wconf 81' lang='lat' dir='ltr'><strong>ioannes</strong></span> <span class='ocrx_word' id='word_1_177' title='bbox 849 1742 1066 1828; x_wconf 83' lang='lat' dir='ltr'><strong>Damascenus,</strong></span> <span class='ocrx_word' id='word_1_178' title='bbox 1117 1751 1252 1813; x_wconf 73' lang='lat' dir='ltr'><strong>ruentia</strong></span> <span class='ocrx_word' id='word_1_179' title='bbox 1265 1757 1412 1837; x_wconf 78' lang='lat' dir='ltr'><strong>specifice</strong></span> <span class='ocrx_word' id='word_1_180' title='bbox 1426 1761 1465 1821; x_wconf 92' lang='lat' dir='ltr'><strong>sit</strong></span> <span class='ocrx_word' id='word_1_181' title='bbox 1480 1763 1513 1822; x_wconf 91' lang='lat' dir='ltr'><strong>in</strong></span> <span class='ocrx_word' id='word_1_182' title='bbox 1531 1764 1614 1825; x_wconf 90' lang='lat' dir='ltr'><strong>Deo:</strong></span> <span class='ocrx_word' id='word_1_183' title='bbox 1631 1783 1689 1825; x_wconf 90' lang='lat' dir='ltr'><strong>neo</strong></span> <span class='ocrx_word' id='word_1_184' title='bbox 1707 1783 1804 1826; x_wconf 86' lang='lat' dir='ltr'><strong>unam</strong></span> <span class='ocrx_word' id='word_1_185' title='bbox 1823 1785 1881 1828; x_wconf 88' lang='lat' dir='ltr'><strong>nu·</strong></span> 
     </span>
     <span class='ocr_line' id='line_1_17' title="bbox 302 1798 1881 1936; baseline 0.045 -84"><span class='ocrx_word' id='word_1_186' title='bbox 302 1802 333 1855; x_wconf 92' lang='lat' dir='ltr'><strong>et</strong></span> <span class='ocrx_word' id='word_1_187' title='bbox 346 1798 418 1874; x_wconf 89' lang='lat' dir='ltr'><strong>alii;</strong></span> <span class='ocrx_word' id='word_1_188' title='bbox 435 1808 503 1866; x_wconf 92' lang='lat' dir='ltr'><strong>tum</strong></span> <span class='ocrx_word' id='word_1_189' title='bbox 516 1828 590 1872; x_wconf 87' lang='lat' dir='ltr'><strong>vero</strong></span> <span class='ocrx_word' id='word_1_190' title='bbox 611 1817 725 1895; x_wconf 90' lang='lat' dir='ltr'><strong>Latini,</strong></span> <span class='ocrx_word' id='word_1_191' title='bbox 746 1833 782 1886; x_wconf 91' lang='lat' dir='ltr'><strong>ut</strong></span> <span class='ocrx_word' id='word_1_192' title='bbox 799 1830 998 1915; x_wconf 87' lang='lat' dir='ltr'><strong>Novatianus,</strong></span> <span class='ocrx_word' id='word_1_193' title='bbox 1017 1843 1068 1901; x_wconf 89' lang='lat' dir='ltr'><strong>lli-</strong></span> <span class='ocrx_word' id='word_1_194' title='bbox 1116 1857 1213 1910; x_wconf 86' lang='lat' dir='ltr'><strong>mero,</strong></span> <span class='ocrx_word' id='word_1_195' title='bbox 1233 1847 1488 1931; x_wconf 84' lang='lat' dir='ltr'><strong>individuamque</strong></span> <span class='ocrx_word' id='word_1_196' title='bbox 1506 1861 1651 1916; x_wconf 89' lang='lat' dir='ltr'><strong>naturam</strong></span> <span class='ocrx_word' id='word_1_197' title='bbox 1668 1857 1763 1918; x_wconf 88' lang='lat' dir='ltr'><strong>trium</strong></span> <span class='ocrx_word' id='word_1_198' title='bbox 1777 1877 1881 1936; x_wconf 86' lang='lat' dir='ltr'><strong>perso·</strong></span> 
     </span>
     <span class='ocr_line' id='line_1_18' title="bbox 301 1886 1882 2022; baseline 0.057 -77"><span class='ocrx_word' id='word_1_199' title='bbox 301 1886 406 1965; x_wconf 87' lang='lat' dir='ltr'><strong>larius,</strong></span> <span class='ocrx_word' id='word_1_200' title='bbox 432 1895 603 1980; x_wconf 90' lang='lat' dir='ltr'><strong>Soebadins,</strong></span> <span class='ocrx_word' id='word_1_201' title='bbox 625 1910 742 1977; x_wconf 87' lang='lat' dir='ltr'><strong>Marius</strong></span> <span class='ocrx_word' id='word_1_202' title='bbox 762 1920 948 2004; x_wconf 80' lang='lat' dir='ltr'><strong>Victorinus,</strong></span> <span class='ocrx_word' id='word_1_203' title='bbox 970 1934 1066 1997; x_wconf 88' lang='lat' dir='ltr'><strong>Faus·</strong></span> <span class='ocrx_word' id='word_1_204' title='bbox 1116 1950 1227 1994; x_wconf 69' lang='lat' dir='ltr'><strong>narum</strong></span> <span class='ocrx_word' id='word_1_205' title='bbox 1242 1938 1375 2017; x_wconf 70' lang='lat' dir='ltr'><strong>cyrillus</strong></span> <span class='ocrx_word' id='word_1_206' title='bbox 1387 1946 1558 2022; x_wconf 62' lang='grc' dir='ltr'><strong>ᾶςῠθῖθΐῗῖ·</strong></span> <span class='ocrx_word' id='word_1_207' title='bbox 1574 1949 1673 2022; x_wconf 64' lang='lat' dir='ltr'><strong>Quam</strong></span> <span class='ocrx_word' id='word_1_208' title='bbox 1685 1968 1742 2009; x_wconf 77' lang='lat'>¹1⁰⁸</span> <span class='ocrx_word' id='word_1_209' title='bbox 1754 1950 1882 2012; x_wconf 42' lang='grc' dir='ltr'><strong>ΜΨ</strong></span> 
     </span>
     <span class='ocr_line' id='line_1_19' title="bbox 301 1981 1881 2121; baseline 0.055 -84"><span class='ocrx_word' id='word_1_210' title='bbox 301 1981 395 2058; x_wconf 91' lang='lat' dir='ltr'><strong>tinus,</strong></span> <span class='ocrx_word' id='word_1_211' title='bbox 421 1989 619 2073; x_wconf 85' lang='lat' dir='ltr'><strong>Augustinus,</strong></span> <span class='ocrx_word' id='word_1_212' title='bbox 642 2022 777 2082; x_wconf 89' lang='lat' dir='ltr'><strong>quorum</strong></span> <span class='ocrx_word' id='word_1_213' title='bbox 805 2021 978 2085; x_wconf 89' lang='lat' dir='ltr'><strong>testimonia</strong></span> <span class='ocrx_word' id='word_1_214' title='bbox 1004 2028 1067 2107; x_wconf 90' lang='lat' dir='ltr'><strong>legi</strong></span> <span class='ocrx_word' id='word_1_215' title='bbox 1116 2042 1200 2086; x_wconf 69' lang='lat' dir='ltr'><strong>mam</strong></span> <span class='ocrx_word' id='word_1_216' title='bbox 1227 2047 1292 2091; x_wconf 73' lang='lat' dir='ltr'><strong>esse</strong></span> <span class='ocrx_word' id='word_1_217' title='bbox 1319 2034 1505 2098; x_wconf 68' lang='lat' dir='ltr'><strong>calumniam</strong></span> <span class='ocrx_word' id='word_1_218' title='bbox 1535 2059 1642 2120; x_wconf 71' lang='lat' dir='ltr'><strong>supra.</strong></span> <span class='ocrx_word' id='word_1_219' title='bbox 1671 2043 1768 2121; x_wconf 62' lang='lat' dir='ltr'><strong>caliste</strong></span> <span class='ocrx_word' id='word_1_220' title='bbox 1789 2047 1881 2104; x_wconf 61' lang='grc' dir='ltr'><strong>ῖθΐῖῑθ</strong></span> 
     </span>
    </p>
   </div>
   <div class='ocr_carea' id='block_1_3' title="bbox 300 2080 1880 2215">
    <p class='ocr_par' dir='ltr' id='par_1_3' title="bbox 300 2080 1880 2215">
     <span class='ocr_line' id='line_1_20' title="bbox 300 2080 1880 2215; baseline 0.036 -75"><span class='ocrx_word' id='word_1_221' title='bbox 300 2083 430 2175; x_wconf 70' lang='lat' dir='ltr'><strong>possunt</strong></span> <span class='ocrx_word' id='word_1_222' title='bbox 445 2080 479 2142; x_wconf 82' lang='lat' dir='ltr'><strong>in</strong></span> <span class='ocrx_word' id='word_1_223' title='bbox 495 2093 629 2154; x_wconf 85' lang='lat' dir='ltr'><strong>secundo</strong></span> <span class='ocrx_word' id='word_1_224' title='bbox 643 2104 797 2165; x_wconf 83' lang='lat' dir='ltr'><strong>unstrode</strong></span> <span class='ocrx_word' id='word_1_225' title='bbox 813 2108 960 2177; x_wconf 67' lang='lat' dir='ltr'><strong>Trim&#39;tpte</strong></span> <span class='ocrx_word' id='word_1_226' title='bbox 972 2119 1063 2200; x_wconf 63' lang='lat' dir='ltr'><strong>litu-0,</strong></span> <span class='ocrx_word' id='word_1_227' title='bbox 1114 2116 1420 2188; x_wconf 85' lang='lat' dir='ltr'><strong>demonstravimus²·</strong></span> <span class='ocrx_word' id='word_1_228' title='bbox 1438 2149 1473 2190; x_wconf 88' lang='lat' dir='ltr'><strong>ac</strong></span> <span class='ocrx_word' id='word_1_229' title='bbox 1490 2134 1677 2193; x_wconf 89' lang='lat' dir='ltr'><strong>nominatim</strong></span> <span class='ocrx_word' id='word_1_230' title='bbox 1695 2135 1799 2195; x_wconf 83' lang='lat' dir='ltr'><strong>exilio</strong></span> <span class='ocrx_word' id='word_1_231' title='bbox 1815 2137 1880 2215; x_wconf 90' lang='lat' dir='ltr'><strong>ipso</strong></span> 
     </span>
    </p>
   </div>
   <div class='ocr_carea' id='block_1_4' title="bbox 298 2177 2015 2581">
    <p class='ocr_par' dir='ltr' id='par_1_4' title="bbox 299 2177 1881 2391">
     <span class='ocr_line' id='line_1_21' title="bbox 300 2177 1881 2304; baseline 0.058 -83"><span class='ocrx_word' id='word_1_232' title='bbox 300 2183 334 2225; x_wconf 89' lang='lat' dir='ltr'><strong>m</strong></span> <span class='ocrx_word' id='word_1_233' title='bbox 347 2184 411 2244; x_wconf 90' lang='lat' dir='ltr'><strong>quo</strong></span> <span class='ocrx_word' id='word_1_234' title='bbox 424 2178 628 2250; x_wconf 77' lang='lat' dir='ltr'><strong>questionem</strong></span> <span class='ocrx_word' id='word_1_235' title='bbox 642 2189 727 2253; x_wconf 91' lang='lat' dir='ltr'><strong>illam</strong></span> <span class='ocrx_word' id='word_1_236' title='bbox 741 2210 881 2266; x_wconf 89' lang='lat' dir='ltr'><strong>accurate</strong></span> <span class='ocrx_word' id='word_1_237' title='bbox 899 2218 1064 2284; x_wconf 82' lang='lat' dir='ltr'><strong>pertracta-</strong></span> <span class='ocrx_word' id='word_1_238' title='bbox 1113 2206 1194 2270; x_wconf 63' lang='lat' dir='ltr'><strong>lilim</strong></span> <span class='ocrx_word' id='word_1_239' title='bbox 1229 2212 1373 2278; x_wconf 63' lang='lat' dir='ltr'><strong>Thesauri</strong></span> <span class='ocrx_word' id='word_1_240' title='bbox 1399 2177 1590 2285; x_wconf 52' lang='lat' dir='ltr'><strong>indevium?</strong></span> <span class='ocrx_word' id='word_1_241' title='bbox 1620 2225 1654 2284; x_wconf 63' lang='lat'><strong>5¹1</strong></span> <span class='ocrx_word' id='word_1_242' title='bbox 1680 2245 1742 2304; x_wconf 69' lang='lat'>‘11¹⁰</span> <span class='ocrx_word' id='word_1_243' title='bbox 1768 2227 1881 2290; x_wconf 61' lang='lat' dir='ltr'><strong>‘15³⁰sz</strong></span> 
     </span>
     <span class='ocr_line' id='line_1_22' title="bbox 299 2256 1880 2391; baseline 0.042 -75"><span class='ocrx_word' id='word_1_244' title='bbox 299 2256 410 2321; x_wconf 88' lang='lat' dir='ltr'><strong>vimus.</strong></span> <span class='ocrx_word' id='word_1_245' title='bbox 435 2266 560 2347; x_wconf 90' lang='lat' dir='ltr'><strong>Omnes,</strong></span> <span class='ocrx_word' id='word_1_246' title='bbox 582 2276 722 2360; x_wconf 77' lang='lat' dir='ltr'><strong>inquam,</strong></span> <span class='ocrx_word' id='word_1_247' title='bbox 742 2289 787 2349; x_wconf 76' lang='lat' dir='ltr'><strong>illi</strong></span> <span class='ocrx_word' id='word_1_248' title='bbox 809 2294 897 2359; x_wconf 64' lang='lat' dir='ltr'><strong>patre</strong></span> <span class='ocrx_word' id='word_1_249' title='bbox 911 2303 1065 2368; x_wconf 64' lang='lat' dir='ltr'><strong>minorem</strong></span> <span class='ocrx_word' id='word_1_250' title='bbox 1118 2302 1299 2366; x_wconf 79' lang='lat' dir='ltr'><strong>«unitatem</strong></span> <span class='ocrx_word' id='word_1_251' title='bbox 1323 2309 1502 2391; x_wconf 85' lang='lat' dir='ltr'><strong>divinitatis,</strong></span> <span class='ocrx_word' id='word_1_252' title='bbox 1524 2327 1556 2379; x_wconf 87' lang='lat' dir='ltr'><strong>et</strong></span> <span class='ocrx_word' id='word_1_253' title='bbox 1578 2316 1767 2379; x_wconf 88' lang='lat' dir='ltr'><strong>identitatem</strong></span> <span class='ocrx_word' id='word_1_254' title='bbox 1788 2327 1880 2381; x_wconf 89' lang='lat' dir='ltr'><strong>natu·</strong></span> 
     </span>
    </p>

    <p class='ocr_par' dir='ltr' id='par_1_5' title="bbox 298 2354 1437 2479">
     <span class='ocr_line' id='line_1_23' title="bbox 298 2354 1437 2479; baseline 0.066 -73"><span class='ocrx_word' id='word_1_255' title='bbox 298 2364 330 2409; x_wconf 90' lang='lat' dir='ltr'><strong>se</strong></span> <span class='ocrx_word' id='word_1_256' title='bbox 356 2354 495 2432; x_wconf 87' lang='lat' dir='ltr'><strong>profiteri</strong></span> <span class='ocrx_word' id='word_1_257' title='bbox 518 2362 619 2428; x_wconf 83' lang='lat' dir='ltr'><strong>filium</strong></span> <span class='ocrx_word' id='word_1_258' title='bbox 644 2372 759 2439; x_wconf 88' lang='lat' dir='ltr'><strong>idcireo</strong></span> <span class='ocrx_word' id='word_1_259' title='bbox 787 2392 908 2464; x_wconf 85' lang='lat' dir='ltr'><strong>putant,</strong></span> <span class='ocrx_word' id='word_1_260' title='bbox 936 2398 1020 2473; x_wconf 92' lang='lat' dir='ltr'><strong>quod</strong></span> <span class='ocrx_word' id='word_1_261' title='bbox 1045 2420 1063 2461; x_wconf 91' lang='lat' dir='ltr'><strong>a</strong></span> <span class='ocrx_word' id='word_1_262' title='bbox 1113 2391 1210 2454; x_wconf 63' lang='lat' dir='ltr'>Palem</span> <span class='ocrx_word' id='word_1_263' title='bbox 1224 2417 1239 2453; x_wconf 70' lang='lat'><strong>³&gt;</strong></span> <span class='ocrx_word' id='word_1_264' title='bbox 1257 2401 1437 2479; x_wconf 65' lang='lat' dir='ltr'><strong>exprimii⁰·</strong></span> 
     </span>
    </p>

    <p class='ocr_par' dir='ltr' id='par_1_6' title="bbox 299 2440 2015 2581">
     <span class='ocr_line' id='line_1_24' title="bbox 299 2440 2015 2581; baseline 0.057 -84"><span class='ocrx_word' id='word_1_265' title='bbox 299 2440 388 2504; x_wconf 89' lang='lat' dir='ltr'><strong>Patre</strong></span> <span class='ocrx_word' id='word_1_266' title='bbox 400 2450 523 2525; x_wconf 85' lang='lat' dir='ltr'><strong>genitus</strong></span> <span class='ocrx_word' id='word_1_267' title='bbox 535 2456 583 2533; x_wconf 87' lang='lat' dir='ltr'><strong>sit,</strong></span> <span class='ocrx_word' id='word_1_268' title='bbox 595 2479 659 2523; x_wconf 90' lang='lat' dir='ltr'><strong>non</strong></span> <span class='ocrx_word' id='word_1_269' title='bbox 672 2466 761 2531; x_wconf 88' lang='lat' dir='ltr'><strong>Pater</strong></span> <span class='ocrx_word' id='word_1_270' title='bbox 773 2474 813 2535; x_wconf 93' lang='lat' dir='ltr'><strong>ab</strong></span> <span class='ocrx_word' id='word_1_271' title='bbox 824 2479 911 2558; x_wconf 84' lang='lat' dir='ltr'><strong>ips03</strong></span> <span class='ocrx_word' id='word_1_272' title='bbox 929 2487 977 2547; x_wconf 85' lang='lat' dir='ltr'><strong>vel</strong></span> <span class='ocrx_word' id='word_1_273' title='bbox 991 2509 1065 2568; x_wconf 90' lang='lat' dir='ltr'><strong>qua·</strong></span> <span class='ocrx_word' id='word_1_274' title='bbox 1154 2485 1203 2545; x_wconf 82' lang='lat' dir='ltr'><strong>lX·</strong></span> <span class='ocrx_word' id='word_1_275' title='bbox 1228 2489 1343 2553; x_wconf 69' lang='lat' dir='ltr'><strong>Verum</strong></span> <span class='ocrx_word' id='word_1_276' title='bbox 1365 2497 1404 2557; x_wconf 63' lang='grc' dir='ltr'><strong>δᾶ</strong></span> <span class='ocrx_word' id='word_1_277' title='bbox 1422 2498 1474 2558; x_wconf 67' lang='lat' dir='ltr'><strong>illa</strong></span> <span class='ocrx_word' id='word_1_278' title='bbox 1489 2501 1596 2561; x_wconf 66' lang='lat' dir='ltr'><strong>Omnia</strong></span> <span class='ocrx_word' id='word_1_279' title='bbox 1613 2501 1718 2581; x_wconf 67' lang='lat' dir='ltr'><strong>Gyiiffi</strong></span> <span class='ocrx_word' id='word_1_280' title='bbox 1735 2504 1821 2580; x_wconf 47' lang='lat'><strong>¹⁰⁰&amp;</strong></span> <span class='ocrx_word' id='word_1_281' title='bbox 1843 2523 1880 2566; x_wconf 60' lang='grc' dir='ltr'><strong>θ’(</strong></span> <span class='ocrx_word' id='word_1_282' title='bbox 1904 2519 2015 2565; x_wconf 55' lang='lat' dir='ltr'><strong>mmm</strong></span> 
     </span>
    </p>
   </div>
   <div class='ocr_carea' id='block_1_5' title="bbox 297 2539 2015 2676">
    <p class='ocr_par' dir='ltr' id='par_1_7' title="bbox 297 2539 2015 2676">
     <span class='ocr_line' id='line_1_25' title="bbox 297 2539 2015 2676; baseline 0.042 -85"><span class='ocrx_word' id='word_1_283' title='bbox 297 2539 389 2597; x_wconf 90' lang='lat' dir='ltr'><strong>tenus</strong></span> <span class='ocrx_word' id='word_1_284' title='bbox 404 2540 492 2603; x_wconf 86' lang='lat' dir='ltr'><strong>Pater</strong></span> <span class='ocrx_word' id='word_1_285' title='bbox 505 2546 556 2608; x_wconf 90' lang='lat' dir='ltr'><strong>ille</strong></span> <span class='ocrx_word' id='word_1_286' title='bbox 574 2559 629 2629; x_wconf 91' lang='lat' dir='ltr'><strong>est,</strong></span> <span class='ocrx_word' id='word_1_287' title='bbox 645 2557 696 2619; x_wconf 89' lang='lat' dir='ltr'><strong>hic</strong></span> <span class='ocrx_word' id='word_1_288' title='bbox 709 2562 811 2629; x_wconf 87' lang='lat' dir='ltr'><strong>Filius.</strong></span> <span class='ocrx_word' id='word_1_289' title='bbox 827 2572 871 2633; x_wconf 82' lang='lat' dir='ltr'><strong>Ex</strong></span> <span class='ocrx_word' id='word_1_290' title='bbox 884 2585 1064 2654; x_wconf 87' lang='lat' dir='ltr'><strong>quotamen</strong></span> <span class='ocrx_word' id='word_1_291' title='bbox 1113 2576 1226 2653; x_wconf 81' lang='lat' dir='ltr'><strong>quibus</strong></span> <span class='ocrx_word' id='word_1_292' title='bbox 1245 2581 1451 2649; x_wconf 83' lang='lat' dir='ltr'><strong>demonstrari</strong></span> <span class='ocrx_word' id='word_1_293' title='bbox 1472 2592 1679 2670; x_wconf 84' lang='lat' dir='ltr'><strong>posset,dnua</strong></span> <span class='ocrx_word' id='word_1_294' title='bbox 1696 2594 1734 2655; x_wconf 84' lang='lat' dir='ltr'><strong>ab</strong></span> <span class='ocrx_word' id='word_1_295' title='bbox 1749 2596 1811 2676; x_wconf 75' lang='lat' dir='ltr'><strong>ipso</strong></span> <span class='ocrx_word' id='word_1_296' title='bbox 1830 2616 1881 2657; x_wconf 83' lang='lat' dir='ltr'><strong>nu-</strong></span> <span class='ocrx_word' id='word_1_297' title='bbox 1903 2582 1968 2622; x_wconf 49' lang='lat' dir='ltr'><strong>mm</strong></span> <span class='ocrx_word' id='word_1_298' title='bbox 1983 2592 2015 2633; x_wconf 63' lang='lat'><strong>⁹¹¹¹</strong></span> 
     </span>
    </p>
   </div>
   <div class='ocr_carea' id='block_1_6' title="bbox 297 2628 2004 2825">
    <p class='ocr_par' dir='ltr' id='par_1_8' title="bbox 297 2628 2004 2825">
     <span class='ocr_line' id='line_1_26' title="bbox 1933 2638 1995 2677; baseline 0.097 -5"><span class='ocrx_word' id='word_1_299' title='bbox 1933 2638 1995 2677; x_wconf 67' lang='lat' dir='ltr'><strong>witisi</strong></span> 
     </span>
     <span class='ocr_line' id='line_1_27' title="bbox 298 2628 2004 2766; baseline 0.04 -81"><span class='ocrx_word' id='word_1_300' title='bbox 298 2628 377 2689; x_wconf 91' lang='lat' dir='ltr'><strong>nihil</strong></span> <span class='ocrx_word' id='word_1_301' title='bbox 410 2634 449 2693; x_wconf 89' lang='lat' dir='ltr'><strong>ad</strong></span> <span class='ocrx_word' id='word_1_302' title='bbox 483 2656 608 2705; x_wconf 77' lang='lat' dir='ltr'><strong>calisam</strong></span> <span class='ocrx_word' id='word_1_303' title='bbox 641 2668 729 2714; x_wconf 79' lang='lat' dir='ltr'><strong>sitam</strong></span> <span class='ocrx_word' id='word_1_304' title='bbox 763 2663 912 2738; x_wconf 80' lang='lat' dir='ltr'><strong>prolicere</strong></span> <span class='ocrx_word' id='word_1_305' title='bbox 935 2683 1064 2750; x_wconf 85' lang='lat' dir='ltr'><strong>possunt</strong></span> <span class='ocrx_word' id='word_1_306' title='bbox 1112 2674 1195 2728; x_wconf 83' lang='lat' dir='ltr'><strong>turae</strong></span> <span class='ocrx_word' id='word_1_307' title='bbox 1216 2670 1347 2736; x_wconf 77' lang='lat' dir='ltr'><strong>dicerem</strong></span> <span class='ocrx_word' id='word_1_308' title='bbox 1367 2679 1398 2740; x_wconf 82' lang='lat' dir='ltr'><strong>in</strong></span> <span class='ocrx_word' id='word_1_309' title='bbox 1424 2680 1544 2744; x_wconf 78' lang='lat' dir='ltr'><strong>Christo</strong></span> <span class='ocrx_word' id='word_1_310' title='bbox 1565 2687 1678 2760; x_wconf 91' lang='lat' dir='ltr'><strong>statui,</strong></span> <span class='ocrx_word' id='word_1_311' title='bbox 1708 2690 1879 2766; x_wconf 85' lang='lat' dir='ltr'><strong>generatim</strong></span> <span class='ocrx_word' id='word_1_312' title='bbox 1921 2681 2004 2752; x_wconf 64' lang='lat' dir='ltr'><strong>centua</strong></span> 
     </span>
     <span class='ocr_line' id='line_1_28' title="bbox 297 2718 760 2825; baseline 0.065 -48"><span class='ocrx_word' id='word_1_313' title='bbox 297 2718 426 2798; x_wconf 79' lang='lat' dir='ltr'><strong>Ariaui3</strong></span> <span class='ocrx_word' id='word_1_314' title='bbox 455 2746 525 2790; x_wconf 92' lang='lat' dir='ltr'><strong>cum</strong></span> <span class='ocrx_word' id='word_1_315' title='bbox 554 2736 650 2800; x_wconf 88' lang='lat' dir='ltr'><strong>nihilo</strong></span> <span class='ocrx_word' id='word_1_316' title='bbox 677 2748 760 2825; x_wconf 87' lang='lat' dir='ltr'><strong>majo</strong></span> 
     </span>
    </p>
   </div>
   <div class='ocr_carea' id='block_1_7' title="bbox 297 2742 2010 2935">
    <p class='ocr_par' dir='ltr' id='par_1_9' title="bbox 297 2742 2010 2935">
     <span class='ocr_line' id='line_1_29' title="bbox 762 2742 2010 2857; baseline 0.028 -46"><span class='ocrx_word' id='word_1_317' title='bbox 762 2770 839 2831; x_wconf 90' lang='lat' dir='ltr'><strong>rem,</strong></span> <span class='ocrx_word' id='word_1_318' title='bbox 866 2766 921 2820; x_wconf 93' lang='lat' dir='ltr'><strong>aut</strong></span> <span class='ocrx_word' id='word_1_319' title='bbox 945 2766 1062 2843; x_wconf 67' lang='lat' dir='ltr'><strong>perfec.</strong></span> <span class='ocrx_word' id='word_1_320' title='bbox 1111 2764 1276 2839; x_wconf 86' lang='lat' dir='ltr'><strong>respondet</strong></span> <span class='ocrx_word' id='word_1_321' title='bbox 1299 2770 1500 2852; x_wconf 83' lang='lat' dir='ltr'><strong>Anouymus,</strong></span> <span class='ocrx_word' id='word_1_322' title='bbox 1533 2776 1625 2857; x_wconf 91' lang='lat' dir='ltr'><strong>idque</strong></span> <span class='ocrx_word' id='word_1_323' title='bbox 1650 2780 1741 2840; x_wconf 90' lang='lat' dir='ltr'><strong>variis</strong></span> <span class='ocrx_word' id='word_1_324' title='bbox 1767 2782 1878 2843; x_wconf 89' lang='lat' dir='ltr'><strong>modis.</strong></span> <span class='ocrx_word' id='word_1_325' title='bbox 1902 2742 2010 2847; x_wconf 52' lang='lat' dir='ltr'><strong>mii</strong></span> 
     </span>
     <span class='ocr_line' id='line_1_30' title="bbox 297 2811 1880 2935; baseline 0.033 -51"><span class='ocrx_word' id='word_1_326' title='bbox 297 2811 420 2888; x_wconf 59' lang='lat' dir='ltr'><strong>iisdem,</strong></span> <span class='ocrx_word' id='word_1_327' title='bbox 446 2821 492 2880; x_wconf 88' lang='lat' dir='ltr'><strong>uti</strong></span> <span class='ocrx_word' id='word_1_328' title='bbox 514 2824 589 2902; x_wconf 81' lang='lat' dir='ltr'><strong>dixi,</strong></span> <span class='ocrx_word' id='word_1_329' title='bbox 618 2834 666 2894; x_wconf 86' lang='lat' dir='ltr'><strong>vel</strong></span> <span class='ocrx_word' id='word_1_330' title='bbox 688 2848 816 2921; x_wconf 90' lang='lat' dir='ltr'><strong>natura,</strong></span> <span class='ocrx_word' id='word_1_331' title='bbox 841 2851 890 2911; x_wconf 83' lang='lat' dir='ltr'><strong>rel</strong></span> <span class='ocrx_word' id='word_1_332' title='bbox 917 2857 1063 2934; x_wconf 73' lang='lat' dir='ltr'><strong>qualitate</strong></span> <span class='ocrx_word' id='word_1_333' title='bbox 1113 2851 1262 2932; x_wconf 85' lang='lat' dir='ltr'><strong>Primum,</strong></span> <span class='ocrx_word' id='word_1_334' title='bbox 1288 2867 1416 2924; x_wconf 89' lang='lat' dir='ltr'><strong>naturas</strong></span> <span class='ocrx_word' id='word_1_335' title='bbox 1439 2866 1487 2927; x_wconf 90' lang='lat' dir='ltr'><strong>vel</strong></span> <span class='ocrx_word' id='word_1_336' title='bbox 1511 2870 1698 2931; x_wconf 86' lang='lat' dir='ltr'><strong>considerari</strong></span> <span class='ocrx_word' id='word_1_337' title='bbox 1719 2877 1790 2933; x_wconf 84' lang='lat' dir='ltr'><strong>ante</strong></span> <span class='ocrx_word' id='word_1_338' title='bbox 1812 2874 1880 2935; x_wconf 91' lang='lat' dir='ltr'><strong>uni·</strong></span> 
     </span>
    </p>
   </div>
   <div class='ocr_carea' id='block_1_8' title="bbox 295 2904 1882 4867">
    <p class='ocr_par' dir='ltr' id='par_1_10' title="bbox 297 2904 1882 4049">
     <span class='ocr_line' id='line_1_31' title="bbox 298 2904 1880 3038; baseline 0.034 -65"><span class='ocrx_word' id='word_1_339' title='bbox 298 2904 371 2976; x_wconf 65' lang='lat' dir='ltr'>Ulla,</span> <span class='ocrx_word' id='word_1_340' title='bbox 383 2908 561 2978; x_wconf 68' lang='lat' dir='ltr'><strong>absolutate</strong></span> <span class='ocrx_word' id='word_1_341' title='bbox 572 2928 757 3004; x_wconf 88' lang='lat' dir='ltr'><strong>proprietate</strong></span> <span class='ocrx_word' id='word_1_342' title='bbox 768 2936 842 3000; x_wconf 80' lang='lat' dir='ltr'><strong>Filio</strong></span> <span class='ocrx_word' id='word_1_343' title='bbox 852 2960 917 3005; x_wconf 69' lang='lat' dir='ltr'><strong>esse</strong></span> <span class='ocrx_word' id='word_1_344' title='bbox 928 2948 1059 3026; x_wconf 70' lang='lat' dir='ltr'><strong>Patrem,</strong></span> <span class='ocrx_word' id='word_1_345' title='bbox 1112 2943 1240 3024; x_wconf 89' lang='lat' dir='ltr'><strong>tionem,</strong></span> <span class='ocrx_word' id='word_1_346' title='bbox 1266 2953 1315 3011; x_wconf 87' lang='lat' dir='ltr'><strong>vel</strong></span> <span class='ocrx_word' id='word_1_347' title='bbox 1341 2964 1522 3033; x_wconf 83' lang='lat' dir='ltr'><strong>postcom:</strong></span> <span class='ocrx_word' id='word_1_348' title='bbox 1553 2962 1647 3038; x_wconf 89' lang='lat' dir='ltr'><strong>priori</strong></span> <span class='ocrx_word' id='word_1_349' title='bbox 1670 2964 1772 3038; x_wconf 88' lang='lat' dir='ltr'><strong>modo,</strong></span> <span class='ocrx_word' id='word_1_350' title='bbox 1802 2967 1880 3027; x_wconf 89' lang='lat' dir='ltr'><strong>duas</strong></span> 
     </span>
     <span class='ocr_line' id='line_1_32' title="bbox 297 2996 1877 3133; baseline 0.053 -79"><span class='ocrx_word' id='word_1_351' title='bbox 297 2996 391 3058; x_wconf 89' lang='lat' dir='ltr'><strong>iidem</strong></span> <span class='ocrx_word' id='word_1_352' title='bbox 413 3002 455 3062; x_wconf 86' lang='lat' dir='ltr'><strong>illi</strong></span> <span class='ocrx_word' id='word_1_353' title='bbox 477 3005 649 3078; x_wconf 82' lang='lat' dir='ltr'><strong>fateantur:</strong></span> <span class='ocrx_word' id='word_1_354' title='bbox 676 3025 728 3085; x_wconf 85' lang='lat' dir='ltr'><strong>sed</strong></span> <span class='ocrx_word' id='word_1_355' title='bbox 751 3030 867 3092; x_wconf 86' lang='lat' dir='ltr'><strong>salvam</strong></span> <span class='ocrx_word' id='word_1_356' title='bbox 882 3053 936 3113; x_wconf 90' lang='lat' dir='ltr'><strong>per</strong></span> <span class='ocrx_word' id='word_1_357' title='bbox 957 3043 1064 3104; x_wconf 88' lang='lat' dir='ltr'><strong>omnia</strong></span> <span class='ocrx_word' id='word_1_358' title='bbox 1111 3034 1201 3098; x_wconf 64' lang='lat' dir='ltr'><strong>fateri</strong></span> <span class='ocrx_word' id='word_1_359' title='bbox 1235 3042 1384 3121; x_wconf 69' lang='lat' dir='ltr'><strong>cyrillum</strong></span> <span class='ocrx_word' id='word_1_360' title='bbox 1422 3056 1548 3112; x_wconf 69' lang='lat' dir='ltr'><strong>miultis</strong></span> <span class='ocrx_word' id='word_1_361' title='bbox 1581 3054 1681 3133; x_wconf 64' lang='lat' dir='ltr'><strong>reipsa</strong></span> <span class='ocrx_word' id='word_1_362' title='bbox 1718 3056 1877 3125; x_wconf 49' lang='lat' dir='ltr'><strong>diversa&amp;</strong></span> 
     </span>
     <span class='ocr_line' id='line_1_33' title="bbox 299 3107 1879 3211; baseline 0.041 -63"><span class='ocrx_word' id='word_1_363' title='bbox 299 3107 501 3167; x_wconf 87' lang='lat' dir='ltr'><strong>personarum</strong></span> <span class='ocrx_word' id='word_1_364' title='bbox 524 3108 731 3182; x_wconf 79' lang='lat' dir='ltr'><strong>aequalitatem</strong></span> <span class='ocrx_word' id='word_1_365' title='bbox 754 3138 828 3182; x_wconf 84' lang='lat' dir='ltr'><strong>esse.</strong></span> <span class='ocrx_word' id='word_1_366' title='bbox 856 3128 1062 3200; x_wconf 80' lang='lat' dir='ltr'><strong>Quemadm0.</strong></span> <span class='ocrx_word' id='word_1_367' title='bbox 1111 3132 1287 3206; x_wconf 90' lang='lat' dir='ltr'><strong>posteriori,</strong></span> <span class='ocrx_word' id='word_1_368' title='bbox 1306 3158 1322 3194; x_wconf 85' lang='lat' dir='ltr'><strong>u</strong></span> <span class='ocrx_word' id='word_1_369' title='bbox 1332 3157 1427 3200; x_wconf 76' lang='lat' dir='ltr'><strong>tinam</strong></span> <span class='ocrx_word' id='word_1_370' title='bbox 1437 3146 1653 3205; x_wconf 88' lang='lat' dir='ltr'><strong>tantummodo</strong></span> <span class='ocrx_word' id='word_1_371' title='bbox 1663 3156 1810 3209; x_wconf 90' lang='lat' dir='ltr'><strong>naturam</strong></span> <span class='ocrx_word' id='word_1_372' title='bbox 1824 3151 1879 3211; x_wconf 89' lang='lat' dir='ltr'><strong>lilii</strong></span> 
     </span>
     <span class='ocr_line' id='line_1_34' title="bbox 299 3181 1878 3316; baseline 0.042 -79"><span class='ocrx_word' id='word_1_373' title='bbox 299 3181 375 3242; x_wconf 92' lang='lat' dir='ltr'><strong>dum</strong></span> <span class='ocrx_word' id='word_1_374' title='bbox 390 3187 445 3246; x_wconf 92' lang='lat' dir='ltr'><strong>etsi</strong></span> <span class='ocrx_word' id='word_1_375' title='bbox 461 3196 547 3268; x_wconf 83' lang='lat' dir='ltr'><strong>puter</strong></span> <span class='ocrx_word' id='word_1_376' title='bbox 567 3198 662 3262; x_wconf 89' lang='lat' dir='ltr'><strong>homo</strong></span> <span class='ocrx_word' id='word_1_377' title='bbox 678 3206 743 3269; x_wconf 87' lang='lat' dir='ltr'><strong>filio</strong></span> <span class='ocrx_word' id='word_1_378' title='bbox 760 3216 861 3293; x_wconf 88' lang='lat' dir='ltr'><strong>major</strong></span> <span class='ocrx_word' id='word_1_379' title='bbox 877 3220 926 3296; x_wconf 85' lang='lat' dir='ltr'><strong>sit,</strong></span> <span class='ocrx_word' id='word_1_380' title='bbox 943 3242 1003 3301; x_wconf 85' lang='lat' dir='ltr'><strong>qua</strong></span> <span class='ocrx_word' id='word_1_381' title='bbox 1019 3240 1065 3288; x_wconf 78' lang='lat' dir='ltr'><strong>est</strong></span> <span class='ocrx_word' id='word_1_382' title='bbox 1114 3221 1282 3287; x_wconf 79' lang='lat' dir='ltr'><strong>Incarnati.</strong></span> <span class='ocrx_word' id='word_1_383' title='bbox 1301 3250 1317 3286; x_wconf 82' lang='lat' dir='ltr'><strong>u</strong></span> <span class='ocrx_word' id='word_1_384' title='bbox 1335 3232 1412 3297; x_wconf 79' lang='lat' dir='ltr'><strong>Quae</strong></span> <span class='ocrx_word' id='word_1_385' title='bbox 1427 3237 1586 3314; x_wconf 88' lang='lat' dir='ltr'><strong>responsio</strong></span> <span class='ocrx_word' id='word_1_386' title='bbox 1600 3238 1666 3316; x_wconf 85' lang='lat' dir='ltr'><strong>jam</strong></span> <span class='ocrx_word' id='word_1_387' title='bbox 1680 3257 1698 3298; x_wconf 91' lang='lat' dir='ltr'><strong>a</strong></span> <span class='ocrx_word' id='word_1_388' title='bbox 1714 3241 1803 3301; x_wconf 90' lang='lat' dir='ltr'><strong>nobis</strong></span> <span class='ocrx_word' id='word_1_389' title='bbox 1822 3262 1878 3303; x_wconf 82' lang='lat' dir='ltr'><strong>ex·</strong></span> 
     </span>
     <span class='ocr_line' id='line_1_35' title="bbox 298 3278 1880 3411; baseline 0.039 -76"><span class='ocrx_word' id='word_1_390' title='bbox 298 3278 540 3356; x_wconf 58' lang='lat' dir='ltr'><strong>paternionem</strong></span> <span class='ocrx_word' id='word_1_391' title='bbox 548 3294 1062 3395; x_wconf 82' lang='lat' dir='ltr'><strong>tamenestcumfiliosubstantiae;</strong></span> <span class='ocrx_word' id='word_1_392' title='bbox 1113 3319 1194 3374; x_wconf 86' lang='lat' dir='ltr'><strong>torta</strong></span> <span class='ocrx_word' id='word_1_393' title='bbox 1221 3319 1299 3390; x_wconf 66' lang='grc' dir='ltr'>θεῖ’,</span> <span class='ocrx_word' id='word_1_394' title='bbox 1325 3329 1356 3383; x_wconf 90' lang='grc' dir='ltr'><strong>θῖ</strong></span> <span class='ocrx_word' id='word_1_395' title='bbox 1377 3327 1527 3405; x_wconf 82' lang='lat' dir='ltr'><strong>explosa:</strong></span> <span class='ocrx_word' id='word_1_396' title='bbox 1552 3348 1588 3389; x_wconf 90' lang='lat' dir='ltr'><strong>ac</strong></span> <span class='ocrx_word' id='word_1_397' title='bbox 1610 3331 1673 3391; x_wconf 93' lang='lat' dir='ltr'><strong>duo</strong></span> <span class='ocrx_word' id='word_1_398' title='bbox 1693 3351 1756 3411; x_wconf 90' lang='lat' dir='ltr'><strong>prae</strong></span> <span class='ocrx_word' id='word_1_399' title='bbox 1784 3336 1880 3396; x_wconf 90' lang='lat' dir='ltr'><strong>oculis</strong></span> 
     </span>
     <span class='ocr_line' id='line_1_36' title="bbox 299 3368 1878 3507; baseline 0.042 -84"><span class='ocrx_word' id='word_1_400' title='bbox 299 3368 405 3427; x_wconf 88' lang='lat' dir='ltr'><strong>necob</strong></span> <span class='ocrx_word' id='word_1_401' title='bbox 416 3389 484 3434; x_wconf 89' lang='lat' dir='ltr'><strong>eam</strong></span> <span class='ocrx_word' id='word_1_402' title='bbox 494 3380 667 3462; x_wconf 83' lang='lat' dir='ltr'><strong>perfectior,</strong></span> <span class='ocrx_word' id='word_1_403' title='bbox 681 3398 859 3477; x_wconf 79' lang='lat' dir='ltr'><strong>autmajor3</strong></span> <span class='ocrx_word' id='word_1_404' title='bbox 872 3423 944 3466; x_wconf 88' lang='lat' dir='ltr'><strong>oum</strong></span> <span class='ocrx_word' id='word_1_405' title='bbox 956 3412 1065 3472; x_wconf 76' lang='lat' dir='ltr'><strong>eadem</strong></span> <span class='ocrx_word' id='word_1_406' title='bbox 1112 3405 1255 3470; x_wconf 86' lang='lat' dir='ltr'><strong>habenda</strong></span> <span class='ocrx_word' id='word_1_407' title='bbox 1269 3430 1391 3491; x_wconf 86' lang='lat' dir='ltr'><strong>semper</strong></span> <span class='ocrx_word' id='word_1_408' title='bbox 1409 3420 1625 3497; x_wconf 85' lang='lat' dir='ltr'><strong>exposuimus:</strong></span> <span class='ocrx_word' id='word_1_409' title='bbox 1647 3423 1790 3501; x_wconf 89' lang='lat' dir='ltr'><strong>alterum,</strong></span> <span class='ocrx_word' id='word_1_410' title='bbox 1815 3430 1878 3507; x_wconf 81' lang='lat' dir='ltr'><strong>Cy·</strong></span> 
     </span>
     <span class='ocr_line' id='line_1_37' title="bbox 298 3457 1880 3590; baseline 0.042 -76"><span class='ocrx_word' id='word_1_411' title='bbox 298 3457 339 3517; x_wconf 89' lang='lat' dir='ltr'><strong>sit</strong></span> <span class='ocrx_word' id='word_1_412' title='bbox 350 3458 384 3519; x_wconf 88' lang='lat' dir='ltr'><strong>in</strong></span> <span class='ocrx_word' id='word_1_413' title='bbox 393 3469 525 3546; x_wconf 90' lang='lat' dir='ltr'><strong>utroque</strong></span> <span class='ocrx_word' id='word_1_414' title='bbox 534 3478 651 3553; x_wconf 84' lang='lat' dir='ltr'><strong>species</strong></span> <span class='ocrx_word' id='word_1_415' title='bbox 661 3482 806 3550; x_wconf 90' lang='lat' dir='ltr'><strong>bominis.</strong></span> <span class='ocrx_word' id='word_1_416' title='bbox 822 3495 857 3553; x_wconf 90' lang='lat' dir='ltr'><strong>ln</strong></span> <span class='ocrx_word' id='word_1_417' title='bbox 873 3501 1063 3564; x_wconf 87' lang='lat' dir='ltr'><strong>sanctissima</strong></span> <span class='ocrx_word' id='word_1_418' title='bbox 1113 3496 1219 3560; x_wconf 90' lang='lat' dir='ltr'><strong>rillum</strong></span> <span class='ocrx_word' id='word_1_419' title='bbox 1233 3521 1395 3584; x_wconf 89' lang='lat' dir='ltr'><strong>nunquam</strong></span> <span class='ocrx_word' id='word_1_420' title='bbox 1410 3511 1574 3590; x_wconf 85' lang='lat' dir='ltr'><strong>scripsisse,</strong></span> <span class='ocrx_word' id='word_1_421' title='bbox 1589 3534 1604 3570; x_wconf 85' lang='lat' dir='ltr'><strong>o</strong></span> <span class='ocrx_word' id='word_1_422' title='bbox 1618 3521 1690 3575; x_wconf 90' lang='lat' dir='ltr'><strong>ante</strong></span> <span class='ocrx_word' id='word_1_423' title='bbox 1705 3517 1880 3579; x_wconf 91' lang='lat' dir='ltr'><strong>unitionem</strong></span> 
     </span>
     <span class='ocr_line' id='line_1_38' title="bbox 298 3557 1881 3681; baseline 0.04 -72"><span class='ocrx_word' id='word_1_424' title='bbox 298 3567 372 3611; x_wconf 89' lang='lat' dir='ltr'><strong>vero</strong></span> <span class='ocrx_word' id='word_1_425' title='bbox 385 3557 533 3624; x_wconf 88' lang='lat' dir='ltr'><strong>Trinitate</strong></span> <span class='ocrx_word' id='word_1_426' title='bbox 547 3570 647 3632; x_wconf 92' lang='lat' dir='ltr'><strong>multo</strong></span> <span class='ocrx_word' id='word_1_427' title='bbox 661 3575 692 3636; x_wconf 88' lang='lat' dir='ltr'><strong>id</strong></span> <span class='ocrx_word' id='word_1_428' title='bbox 706 3583 804 3659; x_wconf 89' lang='lat' dir='ltr'><strong>magis</strong></span> <span class='ocrx_word' id='word_1_429' title='bbox 819 3589 938 3661; x_wconf 88' lang='lat' dir='ltr'><strong>accidit,</strong></span> <span class='ocrx_word' id='word_1_430' title='bbox 956 3593 989 3653; x_wconf 89' lang='lat' dir='ltr'><strong>in</strong></span> <span class='ocrx_word' id='word_1_431' title='bbox 1003 3615 1064 3675; x_wconf 80' lang='lat' dir='ltr'><strong>qua</strong></span> <span class='ocrx_word' id='word_1_432' title='bbox 1113 3590 1190 3653; x_wconf 89' lang='lat' dir='ltr'><strong>duas</strong></span> <span class='ocrx_word' id='word_1_433' title='bbox 1203 3612 1268 3654; x_wconf 82' lang='lat' dir='ltr'><strong>esse</strong></span> <span class='ocrx_word' id='word_1_434' title='bbox 1283 3604 1419 3668; x_wconf 88' lang='lat' dir='ltr'><strong>naturas,</strong></span> <span class='ocrx_word' id='word_1_435' title='bbox 1442 3609 1512 3681; x_wconf 87' lang='lat' dir='ltr'><strong>post</strong></span> <span class='ocrx_word' id='word_1_436' title='bbox 1534 3605 1708 3667; x_wconf 90' lang='lat' dir='ltr'><strong>unitionem</strong></span> <span class='ocrx_word' id='word_1_437' title='bbox 1730 3608 1881 3672; x_wconf 79' lang='lat' dir='ltr'><strong>duntaxat</strong></span> 
     </span>
     <span class='ocr_line' id='line_1_39' title="bbox 299 3654 1882 3780; baseline 0.04 -79"><span class='ocrx_word' id='word_1_438' title='bbox 299 3654 421 3707; x_wconf 91' lang='lat' dir='ltr'><strong>nonest</strong></span> <span class='ocrx_word' id='word_1_439' title='bbox 434 3670 636 3728; x_wconf 88' lang='lat' dir='ltr'><strong>personarum</strong></span> <span class='ocrx_word' id='word_1_440' title='bbox 654 3672 764 3748; x_wconf 87' lang='lat' dir='ltr'><strong>specie,</strong></span> <span class='ocrx_word' id='word_1_441' title='bbox 776 3677 829 3737; x_wconf 89' lang='lat' dir='ltr'><strong>sed</strong></span> <span class='ocrx_word' id='word_1_442' title='bbox 843 3698 975 3744; x_wconf 91' lang='lat' dir='ltr'><strong>numero</strong></span> <span class='ocrx_word' id='word_1_443' title='bbox 989 3705 1063 3750; x_wconf 77' lang='lat' dir='ltr'><strong>una</strong></span> <span class='ocrx_word' id='word_1_444' title='bbox 1114 3701 1221 3761; x_wconf 89' lang='lat' dir='ltr'><strong>unam,</strong></span> <span class='ocrx_word' id='word_1_445' title='bbox 1237 3687 1289 3747; x_wconf 90' lang='lat' dir='ltr'><strong>sed</strong></span> <span class='ocrx_word' id='word_1_446' title='bbox 1304 3690 1380 3751; x_wconf 91' lang='lat' dir='ltr'><strong>duas</strong></span> <span class='ocrx_word' id='word_1_447' title='bbox 1394 3692 1427 3751; x_wconf 91' lang='lat' dir='ltr'><strong>in</strong></span> <span class='ocrx_word' id='word_1_448' title='bbox 1439 3695 1581 3756; x_wconf 88' lang='lat' dir='ltr'><strong>unitione</strong></span> <span class='ocrx_word' id='word_1_449' title='bbox 1594 3704 1793 3761; x_wconf 86' lang='lat' dir='ltr'><strong>convenisse:</strong></span> <span class='ocrx_word' id='word_1_450' title='bbox 1813 3709 1882 3780; x_wconf 90' lang='lat' dir='ltr'><strong>post</strong></span> 
     </span>
     <span class='ocr_line' id='line_1_40' title="bbox 298 3737 1880 3859; baseline 0.037 -61"><span class='ocrx_word' id='word_1_451' title='bbox 298 3742 329 3795; x_wconf 85' lang='lat' dir='ltr'><strong>et</strong></span> <span class='ocrx_word' id='word_1_452' title='bbox 341 3737 499 3804; x_wconf 87' lang='lat' dir='ltr'><strong>individua</strong></span> <span class='ocrx_word' id='word_1_453' title='bbox 515 3757 634 3815; x_wconf 87' lang='lat' dir='ltr'><strong>natura.</strong></span> <span class='ocrx_word' id='word_1_454' title='bbox 1114 3776 1288 3840; x_wconf 91' lang='lat' dir='ltr'><strong>unitionem</strong></span> <span class='ocrx_word' id='word_1_455' title='bbox 1315 3800 1400 3859; x_wconf 89' lang='lat' dir='ltr'><strong>vero,</strong></span> <span class='ocrx_word' id='word_1_456' title='bbox 1428 3788 1553 3846; x_wconf 90' lang='lat' dir='ltr'><strong>nonnisi</strong></span> <span class='ocrx_word' id='word_1_457' title='bbox 1575 3807 1671 3850; x_wconf 90' lang='lat' dir='ltr'><strong>unam</strong></span> <span class='ocrx_word' id='word_1_458' title='bbox 1692 3810 1769 3853; x_wconf 89' lang='lat' dir='ltr'><strong>esse.</strong></span> <span class='ocrx_word' id='word_1_459' title='bbox 1783 3815 1798 3850; x_wconf 84' lang='grc' dir='ltr'><strong>ιι</strong></span> <span class='ocrx_word' id='word_1_460' title='bbox 1827 3797 1880 3856; x_wconf 81' lang='lat' dir='ltr'><strong>Se-</strong></span> 
     </span>
     <span class='ocr_line' id='line_1_41' title="bbox 339 3829 1882 3964; baseline 0.04 -77"><span class='ocrx_word' id='word_1_461' title='bbox 339 3829 413 3890; x_wconf 83' lang='lat' dir='ltr'><strong>Haee</strong></span> <span class='ocrx_word' id='word_1_462' title='bbox 432 3835 476 3895; x_wconf 88' lang='lat' dir='ltr'><strong>sie</strong></span> <span class='ocrx_word' id='word_1_463' title='bbox 499 3838 698 3911; x_wconf 79' lang='lat' dir='ltr'><strong>intellexisset</strong></span> <span class='ocrx_word' id='word_1_464' title='bbox 711 3856 915 3938; x_wconf 87' lang='lat' dir='ltr'><strong>Anonymus,</strong></span> <span class='ocrx_word' id='word_1_465' title='bbox 942 3885 1006 3928; x_wconf 90' lang='lat' dir='ltr'><strong>non</strong></span> <span class='ocrx_word' id='word_1_466' title='bbox 1032 3888 1064 3932; x_wconf 83' lang='lat' dir='ltr'><strong>se</strong></span> <span class='ocrx_word' id='word_1_467' title='bbox 1114 3869 1251 3930; x_wconf 90' lang='lat' dir='ltr'><strong>eundum</strong></span> <span class='ocrx_word' id='word_1_468' title='bbox 1270 3879 1326 3946; x_wconf 90' lang='lat' dir='ltr'><strong>est,</strong></span> <span class='ocrx_word' id='word_1_469' title='bbox 1342 3881 1487 3938; x_wconf 91' lang='lat' dir='ltr'><strong>naturam</strong></span> <span class='ocrx_word' id='word_1_470' title='bbox 1502 3879 1599 3955; x_wconf 90' lang='lat' dir='ltr'><strong>illam,</strong></span> <span class='ocrx_word' id='word_1_471' title='bbox 1616 3901 1711 3961; x_wconf 89' lang='lat' dir='ltr'><strong>quam</strong></span> <span class='ocrx_word' id='word_1_472' title='bbox 1729 3892 1798 3964; x_wconf 89' lang='lat' dir='ltr'><strong>post</strong></span> <span class='ocrx_word' id='word_1_473' title='bbox 1814 3888 1882 3948; x_wconf 92' lang='lat' dir='ltr'><strong>uni·</strong></span> 
     </span>
     <span class='ocr_line' id='line_1_42' title="bbox 793 3952 1881 4049; baseline 0.028 -40"><span class='ocrx_word' id='word_1_474' title='bbox 793 3952 878 4014; x_wconf 91' lang='lat' dir='ltr'><strong>sione</strong></span> <span class='ocrx_word' id='word_1_475' title='bbox 905 3975 960 4018; x_wconf 87' lang='lat' dir='ltr'><strong>sua</strong></span> <span class='ocrx_word' id='word_1_476' title='bbox 985 3977 1064 4038; x_wconf 75' lang='lat' dir='ltr'><strong>pre·</strong></span> <span class='ocrx_word' id='word_1_477' title='bbox 1113 3960 1231 4022; x_wconf 89' lang='lat' dir='ltr'><strong>tionem</strong></span> <span class='ocrx_word' id='word_1_478' title='bbox 1254 3966 1378 4026; x_wconf 90' lang='lat' dir='ltr'><strong>nonnisi</strong></span> <span class='ocrx_word' id='word_1_479' title='bbox 1402 3988 1498 4031; x_wconf 91' lang='lat' dir='ltr'><strong>unam</strong></span> <span class='ocrx_word' id='word_1_480' title='bbox 1521 3990 1586 4033; x_wconf 86' lang='lat' dir='ltr'><strong>esse</strong></span> <span class='ocrx_word' id='word_1_481' title='bbox 1602 3974 1705 4049; x_wconf 87' lang='lat' dir='ltr'><strong>refert,</strong></span> <span class='ocrx_word' id='word_1_482' title='bbox 1733 3995 1798 4038; x_wconf 91' lang='lat' dir='ltr'><strong>non</strong></span> <span class='ocrx_word' id='word_1_483' title='bbox 1816 3998 1881 4040; x_wconf 90' lang='lat' dir='ltr'><strong>esse</strong></span> 
     </span>
    </p>

    <p class='ocr_par' dir='ltr' id='par_1_11' title="bbox 663 4034 1880 4139">
     <span class='ocr_line' id='line_1_43' title="bbox 663 4034 1880 4139; baseline 0.031 -45"><span class='ocrx_word' id='word_1_484' title='bbox 663 4034 818 4103; x_wconf 80' lang='lat' dir='ltr'><strong>Tiesoart&#39;s</strong></span> <span class='ocrx_word' id='word_1_485' title='bbox 840 4053 886 4107; x_wconf 87' lang='grc' dir='ltr'><strong>θεῖ</strong></span> <span class='ocrx_word' id='word_1_486' title='bbox 906 4051 1012 4129; x_wconf 84' lang='lat' dir='ltr'><strong>Cyrilli</strong></span> <span class='ocrx_word' id='word_1_487' title='bbox 1026 4055 1064 4115; x_wconf 91' lang='lat' dir='ltr'><strong>de</strong></span> <span class='ocrx_word' id='word_1_488' title='bbox 1113 4055 1326 4133; x_wconf 81' lang='lat' dir='ltr'><strong>compositam,</strong></span> <span class='ocrx_word' id='word_1_489' title='bbox 1342 4077 1444 4139; x_wconf 89' lang='lat' dir='ltr'><strong>neque</strong></span> <span class='ocrx_word' id='word_1_490' title='bbox 1458 4080 1497 4121; x_wconf 85' lang='lat' dir='ltr'><strong>ex</strong></span> <span class='ocrx_word' id='word_1_491' title='bbox 1510 4063 1630 4125; x_wconf 90' lang='lat' dir='ltr'><strong>duabus</strong></span> <span class='ocrx_word' id='word_1_492' title='bbox 1644 4067 1814 4130; x_wconf 86' lang='lat' dir='ltr'><strong>coaluisse:</strong></span> <span class='ocrx_word' id='word_1_493' title='bbox 1830 4072 1880 4132; x_wconf 91' lang='lat' dir='ltr'><strong>sed</strong></span> 
     </span>
    </p>

    <p class='ocr_par' dir='ltr' id='par_1_12' title="bbox 544 4123 1879 4237">
     <span class='ocr_line' id='line_1_44' title="bbox 544 4123 1879 4237; baseline 0.035 -60"><span class='ocrx_word' id='word_1_494' title='bbox 544 4123 710 4188; x_wconf 89' lang='lat' dir='ltr'><strong>aominore</strong></span> <span class='ocrx_word' id='word_1_495' title='bbox 722 4131 798 4195; x_wconf 87' lang='lat' dir='ltr'><strong>Filio</strong></span> <span class='ocrx_word' id='word_1_496' title='bbox 812 4141 982 4201; x_wconf 83' lang='lat' dir='ltr'><strong>seeundum</strong></span> <span class='ocrx_word' id='word_1_497' title='bbox 997 4163 1065 4223; x_wconf 89' lang='lat' dir='ltr'><strong>per·</strong></span> <span class='ocrx_word' id='word_1_498' title='bbox 1113 4144 1277 4223; x_wconf 88' lang='lat' dir='ltr'><strong>ipsammet</strong></span> <span class='ocrx_word' id='word_1_499' title='bbox 1295 4167 1359 4210; x_wconf 89' lang='lat' dir='ltr'><strong>esse</strong></span> <span class='ocrx_word' id='word_1_500' title='bbox 1374 4151 1467 4212; x_wconf 85' lang='lat' dir='ltr'><strong>Verbi</strong></span> <span class='ocrx_word' id='word_1_501' title='bbox 1485 4159 1641 4232; x_wconf 89' lang='lat' dir='ltr'><strong>naturam,</strong></span> <span class='ocrx_word' id='word_1_502' title='bbox 1663 4176 1734 4237; x_wconf 79' lang='lat' dir='ltr'><strong>quae</strong></span> <span class='ocrx_word' id='word_1_503' title='bbox 1754 4180 1879 4224; x_wconf 88' lang='lat' dir='ltr'><strong>carnem</strong></span> 
     </span>
    </p>

    <p class='ocr_par' dir='ltr' id='par_1_13' title="bbox 534 4208 1879 4329">
     <span class='ocr_line' id='line_1_45' title="bbox 534 4208 1879 4329; baseline 0.034 -58"><span class='ocrx_word' id='word_1_504' title='bbox 534 4208 648 4290; x_wconf 69' lang='lat' dir='ltr'><strong>&#39;etates</strong></span> <span class='ocrx_word' id='word_1_505' title='bbox 669 4237 743 4282; x_wconf 87' lang='lat' dir='ltr'><strong>cum</strong></span> <span class='ocrx_word' id='word_1_506' title='bbox 766 4226 916 4305; x_wconf 88' lang='lat' dir='ltr'><strong>absoluta,</strong></span> <span class='ocrx_word' id='word_1_507' title='bbox 941 4240 972 4294; x_wconf 93' lang='lat' dir='ltr'><strong>et</strong></span> <span class='ocrx_word' id='word_1_508' title='bbox 990 4236 1063 4296; x_wconf 90' lang='lat' dir='ltr'><strong>sim·</strong></span> <span class='ocrx_word' id='word_1_509' title='bbox 1112 4238 1256 4316; x_wconf 87' lang='lat' dir='ltr'><strong>suscepit.</strong></span> <span class='ocrx_word' id='word_1_510' title='bbox 1276 4240 1384 4319; x_wconf 91' lang='lat' dir='ltr'><strong>ltaque</strong></span> <span class='ocrx_word' id='word_1_511' title='bbox 1397 4251 1485 4305; x_wconf 82' lang='lat' dir='ltr'><strong>vacat</strong></span> <span class='ocrx_word' id='word_1_512' title='bbox 1498 4246 1550 4306; x_wconf 90' lang='lat' dir='ltr'><strong>illa</strong></span> <span class='ocrx_word' id='word_1_513' title='bbox 1564 4251 1740 4329; x_wconf 80' lang='lat' dir='ltr'><strong>compositae</strong></span> <span class='ocrx_word' id='word_1_514' title='bbox 1758 4260 1879 4318; x_wconf 76' lang='lat' dir='ltr'><strong>natura</strong></span> 
     </span>
    </p>

    <p class='ocr_par' dir='ltr' id='par_1_14' title="bbox 295 4286 1881 4867">
     <span class='ocr_line' id='line_1_46' title="bbox 297 4286 1876 4413; baseline 0.04 -68"><span class='ocrx_word' id='word_1_515' title='bbox 297 4286 367 4366; x_wconf 87' lang='lat' dir='ltr'><strong>plici</strong></span> <span class='ocrx_word' id='word_1_516' title='bbox 379 4297 552 4372; x_wconf 81' lang='lat' dir='ltr'><strong>aequalitate</strong></span> <span class='ocrx_word' id='word_1_517' title='bbox 565 4323 704 4384; x_wconf 90' lang='lat' dir='ltr'><strong>pugnare</strong></span> <span class='ocrx_word' id='word_1_518' title='bbox 714 4319 862 4381; x_wconf 88' lang='lat' dir='ltr'><strong>crederet.</strong></span> <span class='ocrx_word' id='word_1_519' title='bbox 1112 4329 1245 4407; x_wconf 86' lang='lat' dir='ltr'><strong>suspicio</strong></span> <span class='ocrx_word' id='word_1_520' title='bbox 1258 4349 1298 4391; x_wconf 78' lang='lat' dir='ltr'><strong>ea</strong></span> <span class='ocrx_word' id='word_1_521' title='bbox 1308 4332 1368 4393; x_wconf 91' lang='lat' dir='ltr'><strong>illis</strong></span> <span class='ocrx_word' id='word_1_522' title='bbox 1377 4335 1482 4413; x_wconf 76' lang='lat' dir='ltr'><strong>cyrilli</strong></span> <span class='ocrx_word' id='word_1_523' title='bbox 1493 4339 1595 4399; x_wconf 88' lang='lat' dir='ltr'><strong>verbis</strong></span> <span class='ocrx_word' id='word_1_524' title='bbox 1604 4346 1720 4404; x_wconf 89' lang='lat' dir='ltr'><strong>temere</strong></span> <span class='ocrx_word' id='word_1_525' title='bbox 1734 4347 1876 4408; x_wconf 81' lang='lat' dir='ltr'><strong>conflata.</strong></span> 
     </span>
     <span class='ocr_line' id='line_1_47' title="bbox 337 4380 1881 4512; baseline 0.04 -73"><span class='ocrx_word' id='word_1_526' title='bbox 337 4380 402 4444; x_wconf 88' lang='lat' dir='ltr'><strong>vlt.</strong></span> <span class='ocrx_word' id='word_1_527' title='bbox 427 4386 487 4449; x_wconf 90' lang='lat' dir='ltr'><strong>Sed</strong></span> <span class='ocrx_word' id='word_1_528' title='bbox 516 4411 574 4455; x_wconf 88' lang='lat' dir='ltr'><strong>nee</strong></span> <span class='ocrx_word' id='word_1_529' title='bbox 600 4399 676 4462; x_wconf 90' lang='lat' dir='ltr'><strong>illud</strong></span> <span class='ocrx_word' id='word_1_530' title='bbox 708 4413 858 4472; x_wconf 89' lang='lat' dir='ltr'><strong>momenti</strong></span> <span class='ocrx_word' id='word_1_531' title='bbox 884 4421 930 4475; x_wconf 91' lang='lat' dir='ltr'><strong>est</strong></span> <span class='ocrx_word' id='word_1_532' title='bbox 952 4417 1060 4491; x_wconf 92' lang='lat' dir='ltr'><strong>ullius,</strong></span> <span class='ocrx_word' id='word_1_533' title='bbox 1154 4421 1419 4486; x_wconf 86' lang='lat' dir='ltr'><strong>Rursusalterum</strong></span> <span class='ocrx_word' id='word_1_534' title='bbox 1429 4430 1637 4506; x_wconf 87' lang='lat' dir='ltr'><strong>responsionis</strong></span> <span class='ocrx_word' id='word_1_535' title='bbox 1646 4452 1744 4512; x_wconf 90' lang='lat' dir='ltr'><strong>genus</strong></span> <span class='ocrx_word' id='word_1_536' title='bbox 1753 4438 1881 4500; x_wconf 88' lang='lat' dir='ltr'><strong>adhibet</strong></span> 
     </span>
     <span class='ocr_line' id='line_1_48' title="bbox 297 4475 1881 4610; baseline 0.039 -80"><span class='ocrx_word' id='word_1_537' title='bbox 297 4475 378 4549; x_wconf 89' lang='lat' dir='ltr'><strong>qnod</strong></span> <span class='ocrx_word' id='word_1_538' title='bbox 395 4475 479 4540; x_wconf 86' lang='lat' dir='ltr'><strong>idem</strong></span> <span class='ocrx_word' id='word_1_539' title='bbox 493 4484 598 4563; x_wconf 86' lang='lat' dir='ltr'><strong>objicit</strong></span> <span class='ocrx_word' id='word_1_540' title='bbox 608 4511 616 4565; x_wconf 91' lang='lat'>;</span> <span class='ocrx_word' id='word_1_541' title='bbox 634 4493 667 4554; x_wconf 90' lang='lat' dir='ltr'><strong>in</strong></span> <span class='ocrx_word' id='word_1_542' title='bbox 681 4496 840 4562; x_wconf 78' lang='lat' dir='ltr'><strong>Thesauris</strong></span> <span class='ocrx_word' id='word_1_543' title='bbox 852 4508 957 4583; x_wconf 88' lang='lat' dir='ltr'><strong>asseri,</strong></span> <span class='ocrx_word' id='word_1_544' title='bbox 976 4528 1064 4571; x_wconf 85' lang='lat' dir='ltr'><strong>vaces</strong></span> <span class='ocrx_word' id='word_1_545' title='bbox 1112 4516 1315 4592; x_wconf 87' lang='lat' dir='ltr'><strong>Anonymus:</strong></span> <span class='ocrx_word' id='word_1_546' title='bbox 1342 4523 1377 4576; x_wconf 88' lang='lat' dir='ltr'><strong>ut</strong></span> <span class='ocrx_word' id='word_1_547' title='bbox 1400 4518 1533 4599; x_wconf 86' lang='lat' dir='ltr'><strong>Cyrillus</strong></span> <span class='ocrx_word' id='word_1_548' title='bbox 1557 4529 1683 4586; x_wconf 76' lang='lat' dir='ltr'><strong>nutrires</strong></span> <span class='ocrx_word' id='word_1_549' title='bbox 1709 4528 1786 4590; x_wconf 91' lang='lat' dir='ltr'><strong>duas</strong></span> <span class='ocrx_word' id='word_1_550' title='bbox 1811 4537 1881 4610; x_wconf 91' lang='lat' dir='ltr'><strong>post</strong></span> 
     </span>
     <span class='ocr_line' id='line_1_49' title="bbox 295 4562 1879 4699; baseline 0.036 -73"><span class='ocrx_word' id='word_1_551' title='bbox 295 4562 373 4640; x_wconf 82' lang='lat' dir='ltr'><strong>illos,</strong></span> <span class='ocrx_word' id='word_1_552' title='bbox 402 4588 472 4649; x_wconf 75' lang='lat' dir='ltr'><strong>quaa</strong></span> <span class='ocrx_word' id='word_1_553' title='bbox 495 4576 534 4638; x_wconf 90' lang='lat' dir='ltr'><strong>de</strong></span> <span class='ocrx_word' id='word_1_554' title='bbox 555 4582 678 4646; x_wconf 80' lang='lat' dir='ltr'><strong>Christo</strong></span> <span class='ocrx_word' id='word_1_555' title='bbox 698 4590 855 4673; x_wconf 88' lang='lat' dir='ltr'><strong>dicuntur,</strong></span> <span class='ocrx_word' id='word_1_556' title='bbox 885 4599 980 4660; x_wconf 89' lang='lat' dir='ltr'><strong>dividi</strong></span> <span class='ocrx_word' id='word_1_557' title='bbox 1006 4620 1063 4681; x_wconf 91' lang='lat' dir='ltr'><strong>pro</strong></span> <span class='ocrx_word' id='word_1_558' title='bbox 1112 4606 1284 4667; x_wconf 88' lang='lat' dir='ltr'><strong>unitionem</strong></span> <span class='ocrx_word' id='word_1_559' title='bbox 1300 4626 1365 4669; x_wconf 87' lang='lat' dir='ltr'><strong>non</strong></span> <span class='ocrx_word' id='word_1_560' title='bbox 1378 4610 1490 4690; x_wconf 88' lang='lat' dir='ltr'><strong>reipsa,</strong></span> <span class='ocrx_word' id='word_1_561' title='bbox 1506 4614 1558 4674; x_wconf 90' lang='lat' dir='ltr'><strong>sed</strong></span> <span class='ocrx_word' id='word_1_562' title='bbox 1572 4617 1702 4691; x_wconf 88' lang='lat' dir='ltr'><strong>ratione,</strong></span> <span class='ocrx_word' id='word_1_563' title='bbox 1719 4622 1879 4699; x_wconf 86' lang='lat' dir='ltr'><strong>cogitatio·</strong></span> 
     </span>
     <span class='ocr_line' id='line_1_50' title="bbox 296 4655 1880 4789; baseline 0.039 -75"><span class='ocrx_word' id='word_1_564' title='bbox 296 4655 473 4726; x_wconf 88' lang='lat' dir='ltr'><strong>diversitate</strong></span> <span class='ocrx_word' id='word_1_565' title='bbox 499 4677 706 4741; x_wconf 87' lang='lat' dir='ltr'><strong>naturarum:</strong></span> <span class='ocrx_word' id='word_1_566' title='bbox 733 4684 766 4743; x_wconf 90' lang='lat' dir='ltr'><strong>in</strong></span> <span class='ocrx_word' id='word_1_567' title='bbox 790 4687 1062 4755; x_wconf 86' lang='lat' dir='ltr'><strong>Anathematismis</strong></span> <span class='ocrx_word' id='word_1_568' title='bbox 1112 4715 1212 4775; x_wconf 92' lang='lat' dir='ltr'><strong>neque</strong></span> <span class='ocrx_word' id='word_1_569' title='bbox 1230 4698 1294 4758; x_wconf 88' lang='lat' dir='ltr'><strong>sola</strong></span> <span class='ocrx_word' id='word_1_570' title='bbox 1313 4699 1491 4781; x_wconf 89' lang='lat' dir='ltr'><strong>distinguat.</strong></span> <span class='ocrx_word' id='word_1_571' title='bbox 1517 4706 1605 4779; x_wconf 85' lang='lat' dir='ltr'><strong>Quod</strong></span> <span class='ocrx_word' id='word_1_572' title='bbox 1628 4708 1662 4768; x_wconf 93' lang='lat' dir='ltr'><strong>in</strong></span> <span class='ocrx_word' id='word_1_573' title='bbox 1681 4712 1782 4789; x_wconf 87' lang='lat' dir='ltr'><strong>capite</strong></span> <span class='ocrx_word' id='word_1_574' title='bbox 1795 4731 1880 4774; x_wconf 90' lang='lat' dir='ltr'><strong>nono</strong></span> 
     </span>
     <span class='ocr_line' id='line_1_51' title="bbox 297 4755 1880 4867; baseline 0.04 -62"><span class='ocrx_word' id='word_1_575' title='bbox 297 4765 371 4809; x_wconf 87' lang='lat' dir='ltr'><strong>vero</strong></span> <span class='ocrx_word' id='word_1_576' title='bbox 402 4755 551 4835; x_wconf 78' lang='lat' dir='ltr'><strong>cyrillum</strong></span> <span class='ocrx_word' id='word_1_577' title='bbox 578 4770 702 4833; x_wconf 90' lang='lat' dir='ltr'><strong>easdem</strong></span> <span class='ocrx_word' id='word_1_578' title='bbox 730 4795 819 4839; x_wconf 88' lang='lat' dir='ltr'><strong>voces</strong></span> <span class='ocrx_word' id='word_1_579' title='bbox 846 4782 928 4843; x_wconf 91' lang='lat' dir='ltr'><strong>nolle</strong></span> <span class='ocrx_word' id='word_1_580' title='bbox 955 4786 1061 4846; x_wconf 85' lang='lat' dir='ltr'><strong>dividi.</strong></span> <span class='ocrx_word' id='word_1_581' title='bbox 1112 4789 1306 4866; x_wconf 90' lang='lat' dir='ltr'><strong>potissimum</strong></span> <span class='ocrx_word' id='word_1_582' title='bbox 1319 4791 1593 4859; x_wconf 66' lang='lat' dir='ltr'><strong>reielhmus‘hon</strong></span> <span class='ocrx_word' id='word_1_583' title='bbox 1606 4801 1691 4862; x_wconf 92' lang='lat' dir='ltr'><strong>enim</strong></span> <span class='ocrx_word' id='word_1_584' title='bbox 1704 4802 1743 4863; x_wconf 93' lang='lat' dir='ltr'><strong>de</strong></span> <span class='ocrx_word' id='word_1_585' title='bbox 1756 4805 1880 4867; x_wconf 85' lang='lat' dir='ltr'><strong>distinc-</strong></span> 
     </span>
    </p>
   </div>
   <div class='ocr_carea' id='block_1_9' title="bbox 295 4839 1880 5158">
    <p class='ocr_par' dir='ltr' id='par_1_15' title="bbox 295 4839 1880 5158">
     <span class='ocr_line' id='line_1_52' title="bbox 297 4839 1880 4976; baseline 0.037 -76"><span class='ocrx_word' id='word_1_586' title='bbox 297 4839 419 4904; x_wconf 74' lang='lat' dir='ltr'><strong>atenim</strong></span> <span class='ocrx_word' id='word_1_587' title='bbox 434 4853 518 4926; x_wconf 92' lang='lat' dir='ltr'><strong>quod</strong></span> <span class='ocrx_word' id='word_1_588' title='bbox 531 4873 622 4920; x_wconf 79' lang='lat' dir='ltr'><strong>voees</strong></span> <span class='ocrx_word' id='word_1_589' title='bbox 632 4862 699 4924; x_wconf 89' lang='lat' dir='ltr'><strong>illas</strong></span> <span class='ocrx_word' id='word_1_590' title='bbox 712 4867 807 4930; x_wconf 88' lang='lat' dir='ltr'><strong>dividi</strong></span> <span class='ocrx_word' id='word_1_591' title='bbox 822 4872 953 4951; x_wconf 80' lang='lat' dir='ltr'><strong>tyrillus</strong></span> <span class='ocrx_word' id='word_1_592' title='bbox 966 4883 1060 4951; x_wconf 84' lang='lat' dir='ltr'><strong>vetat,</strong></span> <span class='ocrx_word' id='word_1_593' title='bbox 1111 4879 1205 4953; x_wconf 87' lang='lat' dir='ltr'><strong>tione,</strong></span> <span class='ocrx_word' id='word_1_594' title='bbox 1218 4881 1277 4942; x_wconf 90' lang='lat' dir='ltr'><strong>hoo</strong></span> <span class='ocrx_word' id='word_1_595' title='bbox 1287 4888 1333 4943; x_wconf 91' lang='lat' dir='ltr'><strong>est</strong></span> <span class='ocrx_word' id='word_1_596' title='bbox 1345 4883 1531 4962; x_wconf 86' lang='lat' dir='ltr'><strong>discrimine,</strong></span> <span class='ocrx_word' id='word_1_597' title='bbox 1542 4907 1578 4949; x_wconf 89' lang='lat' dir='ltr'><strong>ac</strong></span> <span class='ocrx_word' id='word_1_598' title='bbox 1589 4890 1771 4970; x_wconf 81' lang='lat' dir='ltr'><strong>differentia,</strong></span> <span class='ocrx_word' id='word_1_599' title='bbox 1784 4915 1880 4976; x_wconf 86' lang='lat' dir='ltr'><strong>quam</strong></span> 
     </span>
     <span class='ocr_line' id='line_1_53' title="bbox 297 4932 1880 5062; baseline 0.038 -71"><span class='ocrx_word' id='word_1_600' title='bbox 297 4932 329 4993; x_wconf 90' lang='lat' dir='ltr'><strong>id</strong></span> <span class='ocrx_word' id='word_1_601' title='bbox 357 4954 394 4997; x_wconf 90' lang='lat' dir='ltr'><strong>eo</strong></span> <span class='ocrx_word' id='word_1_602' title='bbox 421 4943 565 5020; x_wconf 90' lang='lat' dir='ltr'><strong>pertinet,</strong></span> <span class='ocrx_word' id='word_1_603' title='bbox 592 4956 628 5010; x_wconf 91' lang='lat' dir='ltr'><strong>ut</strong></span> <span class='ocrx_word' id='word_1_604' title='bbox 654 4972 719 5015; x_wconf 91' lang='lat' dir='ltr'><strong>non</strong></span> <span class='ocrx_word' id='word_1_605' title='bbox 745 4964 833 5039; x_wconf 90' lang='lat' dir='ltr'><strong>quasi</strong></span> <span class='ocrx_word' id='word_1_606' title='bbox 861 4965 1003 5044; x_wconf 85' lang='lat' dir='ltr'><strong>diversis,</strong></span> <span class='ocrx_word' id='word_1_607' title='bbox 1031 4975 1062 5030; x_wconf 91' lang='lat' dir='ltr'><strong>et</strong></span> <span class='ocrx_word' id='word_1_608' title='bbox 1109 4971 1289 5032; x_wconf 67' lang='lat' dir='ltr'><strong>escurialem</strong></span> <span class='ocrx_word' id='word_1_609' title='bbox 1309 4984 1430 5044; x_wconf 86' lang='lat' dir='ltr'><strong>vocant,</strong></span> <span class='ocrx_word' id='word_1_610' title='bbox 1452 4977 1590 5059; x_wconf 90' lang='lat' dir='ltr'><strong>loquitur</strong></span> <span class='ocrx_word' id='word_1_611' title='bbox 1603 4983 1752 5062; x_wconf 49' lang='lat' dir='ltr'><strong>tyrillus</strong></span> <span class='ocrx_word' id='word_1_612' title='bbox 1773 4989 1828 5050; x_wconf 90' lang='lat' dir='ltr'><strong>sed</strong></span> <span class='ocrx_word' id='word_1_613' title='bbox 1841 4991 1880 5050; x_wconf 88' lang='lat' dir='ltr'><strong>de</strong></span> 
     </span>
     <span class='ocr_line' id='line_1_54' title="bbox 295 5029 1878 5158; baseline 0.038 -74"><span class='ocrx_word' id='word_1_614' title='bbox 295 5029 424 5090; x_wconf 86' lang='lat' dir='ltr'><strong>seorsim</strong></span> <span class='ocrx_word' id='word_1_615' title='bbox 442 5038 678 5105; x_wconf 89' lang='lat' dir='ltr'><strong>consistentibus</strong></span> <span class='ocrx_word' id='word_1_616' title='bbox 692 5053 820 5127; x_wconf 90' lang='lat' dir='ltr'><strong>natu1is‚</strong></span> <span class='ocrx_word' id='word_1_617' title='bbox 839 5055 898 5117; x_wconf 86' lang='lat' dir='ltr'><strong>hoo</strong></span> <span class='ocrx_word' id='word_1_618' title='bbox 914 5066 961 5119; x_wconf 90' lang='lat' dir='ltr'><strong>est</strong></span> <span class='ocrx_word' id='word_1_619' title='bbox 974 5059 1061 5120; x_wconf 85' lang='lat' dir='ltr'><strong>nulla</strong></span> <span class='ocrx_word' id='word_1_620' title='bbox 1109 5073 1221 5143; x_wconf 69' lang='grc' dir='ltr'>διαιρέαι,</span> <span class='ocrx_word' id='word_1_621' title='bbox 1247 5065 1307 5127; x_wconf 89' lang='lat' dir='ltr'><strong>hoc</strong></span> <span class='ocrx_word' id='word_1_622' title='bbox 1333 5075 1379 5129; x_wconf 90' lang='grc' dir='ltr'><strong>θεῖ</strong></span> <span class='ocrx_word' id='word_1_623' title='bbox 1404 5068 1563 5146; x_wconf 82' lang='lat' dir='ltr'><strong>diuisione,</strong></span> <span class='ocrx_word' id='word_1_624' title='bbox 1592 5093 1628 5136; x_wconf 89' lang='lat' dir='ltr'><strong>ac</strong></span> <span class='ocrx_word' id='word_1_625' title='bbox 1667 5082 1878 5158; x_wconf 85' lang='lat' dir='ltr'><strong>separatione,</strong></span> 
     </span>
    </p>
   </div>
   <div class='ocr_carea' id='block_1_10' title="bbox 331 5244 1282 5346">
    <p class='ocr_par' dir='ltr' id='par_1_16' title="bbox 331 5244 1282 5346">
     <span class='ocr_line' id='line_1_55' title="bbox 331 5244 1282 5346; baseline 0.04 -50"><span class='ocrx_word' id='word_1_626' title='bbox 331 5256 352 5296; x_wconf 84' lang='lat' dir='ltr'><strong>tt</strong></span> <span class='ocrx_word' id='word_1_627' title='bbox 371 5244 481 5304; x_wconf 76' lang='lat' dir='ltr'><strong>Crater..</strong></span> <span class='ocrx_word' id='word_1_628' title='bbox 518 5250 643 5325; x_wconf 80' lang='grc' dir='ltr'>Ἐνότητα</span> <span class='ocrx_word' id='word_1_629' title='bbox 661 5260 688 5315; x_wconf 74' lang='grc' dir='ltr'><strong>δὲ</strong></span> <span class='ocrx_word' id='word_1_630' title='bbox 712 5266 825 5334; x_wconf 75' lang='grc' dir='ltr'><strong>θεότητος</strong></span> <span class='ocrx_word' id='word_1_631' title='bbox 851 5268 892 5322; x_wconf 78' lang='grc' dir='ltr'><strong>διὰ</strong></span> <span class='ocrx_word' id='word_1_632' title='bbox 914 5270 1062 5341; x_wconf 74' lang='grc' dir='ltr'>ταύτότητος</span> <span class='ocrx_word' id='word_1_633' title='bbox 1111 5281 1282 5346; x_wconf 62' lang='lat' dir='ltr'><strong>praeviante.</strong></span> 
     </span>
    </p>
   </div>
   <div class='ocr_carea' id='block_1_11' title="bbox 321 5415 1417 5506">
    <p class='ocr_par' dir='ltr' id='par_1_17' title="bbox 321 5415 1417 5506">
     <span class='ocr_line' id='line_1_56' title="bbox 321 5415 1417 5506; baseline 0.033 -48"><span class='ocrx_word' id='word_1_634' title='bbox 321 5417 331 5460; x_wconf 88' lang='lat' dir='ltr'><strong>t</strong></span> <span class='ocrx_word' id='word_1_635' title='bbox 349 5415 396 5465; x_wconf 86' lang='lat' dir='ltr'><strong>tu.</strong></span> <span class='ocrx_word' id='word_1_636' title='bbox 409 5420 503 5469; x_wconf 76' lang='lat' dir='ltr'><strong>llll-a</strong></span> <span class='ocrx_word' id='word_1_637' title='bbox 517 5427 618 5485; x_wconf 72' lang='lat' dir='ltr'><strong>sa-tt</strong></span> <span class='ocrx_word' id='word_1_638' title='bbox 631 5432 686 5478; x_wconf 82' lang='lat' dir='ltr'><strong>vids</strong></span> <span class='ocrx_word' id='word_1_639' title='bbox 700 5445 938 5495; x_wconf 79' lang='lat' dir='ltr'><strong>c.u1,uustssq.st</strong></span> <span class='ocrx_word' id='word_1_640' title='bbox 948 5452 967 5487; x_wconf 75' lang='lat' dir='ltr'><strong>a</strong></span> <span class='ocrx_word' id='word_1_641' title='bbox 980 5454 1010 5493; x_wconf 78' lang='grc' dir='ltr'><strong>ιι,</strong></span> <span class='ocrx_word' id='word_1_642' title='bbox 1023 5455 1100 5500; x_wconf 74' lang='lat' dir='ltr'><strong>parag.</strong></span> <span class='ocrx_word' id='word_1_643' title='bbox 1112 5445 1177 5499; x_wconf 68' lang='lat' dir='ltr'><strong>tt·</strong></span> <span class='ocrx_word' id='word_1_644' title='bbox 1187 5446 1201 5491; x_wconf 81' lang='lat' dir='ltr'><strong>t</strong></span> <span class='ocrx_word' id='word_1_645' title='bbox 1213 5446 1292 5503; x_wconf 68' lang='lat' dir='ltr'><strong>throp.</strong></span> <span class='ocrx_word' id='word_1_646' title='bbox 1304 5447 1361 5494; x_wconf 78' lang='lat' dir='ltr'><strong>ilat</strong></span> <span class='ocrx_word' id='word_1_647' title='bbox 1371 5461 1417 5506; x_wconf 82' lang='lat' dir='ltr'><strong>seq.</strong></span> 
     </span>
    </p>
   </div>
   <div class='ocr_carea' id='block_1_12' title="bbox 0 0 2056 6160">
    <p class='ocr_par' dir='ltr' id='par_1_18' title="bbox 0 0 2056 6160">
     <span class='ocr_line' id='line_1_57' title="bbox 0 0 2056 6160; baseline 0 4"><span class='ocrx_word' id='word_1_648' title='bbox 0 0 2056 6160; x_wconf 95' lang='lat' dir='ltr'><strong> </strong></span> 
     </span>
    </p>
   </div>
  </div>
 </body>
</html>
