<?xml version="1.0" encoding="UTF-8"?>
<!DOCTYPE html PUBLIC "-//W3C//DTD XHTML 1.0 Transitional//EN"
    "http://www.w3.org/TR/xhtml1/DTD/xhtml1-transitional.dtd">
<html xmlns="http://www.w3.org/1999/xhtml" xml:lang="en" lang="en">
 <head>
  <title>
</title>
<meta http-equiv="Content-Type" content="text/html;charset=utf-8" />
  <meta name='ocr-system' content='tesseract 3.04.00' />
  <meta name='ocr-capabilities' content='ocr_page ocr_carea ocr_par ocr_line ocrx_word'/>
</head>
<body>
  <div class='ocr_page' id='page_1' title='image "./dogmatatheologi00zaccgoog_0153.png"; bbox 0 0 3990 6130; ppageno 0'>
   <div class='ocr_carea' id='block_1_1' title="bbox 300 322 1370 389">
    <p class='ocr_par' dir='ltr' id='par_1_1' title="bbox 300 322 1370 389">
     <span class='ocr_line' id='line_1_1' title="bbox 300 322 1370 389; baseline -0.002 -1"><span class='ocrx_word' id='word_1_1' title='bbox 300 327 362 389; x_wconf 76' lang='lat' dir='ltr'><strong>aas</strong></span> <span class='ocrx_word' id='word_1_2' title='bbox 808 324 1132 389; x_wconf 78' lang='lat' dir='ltr'><strong>rnnaladluoaun</strong></span> <span class='ocrx_word' id='word_1_3' title='bbox 1152 322 1370 387; x_wconf 72' lang='lat' dir='ltr'><strong>multarunt</strong></span> 
     </span>
    </p>
   </div>
   <div class='ocr_carea' id='block_1_2' title="bbox 168 476 1992 3615">
    <p class='ocr_par' dir='ltr' id='par_1_2' title="bbox 168 476 1992 3615">
     <span class='ocr_line' id='line_1_2' title="bbox 301 476 1989 571; baseline -0.002 -19"><span class='ocrx_word' id='word_1_4' title='bbox 301 489 871 571; x_wconf 83' lang='lat' dir='ltr'><strong>eiiterqusmadoptioueessaqueat.</strong></span> <span class='ocrx_word' id='word_1_5' title='bbox 885 490 1069 552; x_wconf 81' lang='lat' dir='ltr'><strong>Verumer-</strong></span> <span class='ocrx_word' id='word_1_6' title='bbox 1119 496 1237 568; x_wconf 82' lang='lat' dir='ltr'><strong>autem,</strong></span> <span class='ocrx_word' id='word_1_7' title='bbox 1252 490 1434 569; x_wconf 88' lang='lat' dir='ltr'><strong>adoptivum</strong></span> <span class='ocrx_word' id='word_1_8' title='bbox 1458 505 1523 551; x_wconf 85' lang='lat' dir='ltr'><strong>assa</strong></span> <span class='ocrx_word' id='word_1_9' title='bbox 1544 492 1665 569; x_wconf 84' lang='lat' dir='ltr'><strong>patrem</strong></span> <span class='ocrx_word' id='word_1_10' title='bbox 1685 487 1765 568; x_wconf 80' lang='lat' dir='ltr'><strong>ejus,</strong></span> <span class='ocrx_word' id='word_1_11' title='bbox 1790 502 1887 568; x_wconf 82' lang='lat' dir='ltr'><strong>quem</strong></span> <span class='ocrx_word' id='word_1_12' title='bbox 1988 476 1989 527; x_wconf 73' lang='lat'>1</span> 
     </span>
     <span class='ocr_line' id='line_1_3' title="bbox 303 580 1888 663; baseline -0.001 -19"><span class='ocrx_word' id='word_1_13' title='bbox 303 581 483 662; x_wconf 78' lang='lat' dir='ltr'><strong>cipiandum</strong></span> <span class='ocrx_word' id='word_1_14' title='bbox 495 598 563 643; x_wconf 87' lang='lat' dir='ltr'><strong>esse</strong></span> <span class='ocrx_word' id='word_1_15' title='bbox 576 581 766 659; x_wconf 70' lang='lat' dir='ltr'><strong>singularem</strong></span> <span class='ocrx_word' id='word_1_16' title='bbox 778 582 869 644; x_wconf 90' lang='lat' dir='ltr'><strong>illum</strong></span> <span class='ocrx_word' id='word_1_17' title='bbox 888 583 944 644; x_wconf 86' lang='lat' dir='ltr'><strong>liei</strong></span> <span class='ocrx_word' id='word_1_18' title='bbox 956 580 1069 658; x_wconf 85' lang='lat' dir='ltr'><strong>tilium,</strong></span> <span class='ocrx_word' id='word_1_19' title='bbox 1119 582 1288 663; x_wconf 77' lang='lat' dir='ltr'><strong>adoptavit.</strong></span> <span class='ocrx_word' id='word_1_20' title='bbox 1303 581 1370 657; x_wconf 83' lang='lat' dir='ltr'><strong>tilii,</strong></span> <span class='ocrx_word' id='word_1_21' title='bbox 1387 598 1460 644; x_wconf 83' lang='lat' dir='ltr'><strong>oum</strong></span> <span class='ocrx_word' id='word_1_22' title='bbox 1472 581 1556 643; x_wconf 88' lang='lat' dir='ltr'><strong>illius</strong></span> <span class='ocrx_word' id='word_1_23' title='bbox 1572 598 1592 644; x_wconf 88' lang='lat' dir='ltr'><strong>a</strong></span> <span class='ocrx_word' id='word_1_24' title='bbox 1614 598 1677 662; x_wconf 87' lang='lat' dir='ltr'><strong>quo</strong></span> <span class='ocrx_word' id='word_1_25' title='bbox 1697 581 1822 660; x_wconf 85' lang='lat' dir='ltr'><strong>genitus</strong></span> <span class='ocrx_word' id='word_1_26' title='bbox 1843 584 1888 642; x_wconf 63' lang='lat' dir='ltr'><strong>ea</strong></span> 
     </span>
     <span class='ocr_line' id='line_1_4' title="bbox 303 672 1428 754; baseline 0.003 -21"><span class='ocrx_word' id='word_1_27' title='bbox 303 672 450 735; x_wconf 87' lang='lat' dir='ltr'><strong>Paulinus</strong></span> <span class='ocrx_word' id='word_1_28' title='bbox 470 673 769 742; x_wconf 64' lang='lat' dir='ltr'><strong>molendinium</strong></span> <span class='ocrx_word' id='word_1_29' title='bbox 790 674 960 748; x_wconf 77' lang='lat' dir='ltr'><strong>Christum,</strong></span> <span class='ocrx_word' id='word_1_30' title='bbox 983 673 1072 754; x_wconf 75' lang='lat' dir='ltr'><strong>equi</strong></span> <span class='ocrx_word' id='word_1_31' title='bbox 1119 673 1270 735; x_wconf 86' lang='lat' dir='ltr'><strong>naturalis</strong></span> <span class='ocrx_word' id='word_1_32' title='bbox 1284 673 1323 734; x_wconf 89' lang='lat' dir='ltr'><strong>sit</strong></span> <span class='ocrx_word' id='word_1_33' title='bbox 1336 672 1428 736; x_wconf 82' lang='lat' dir='ltr'><strong>filius.</strong></span> 
     </span>
     <span class='ocr_line' id='line_1_5' title="bbox 303 762 1889 848; baseline 0 -22"><span class='ocrx_word' id='word_1_34' title='bbox 303 782 436 846; x_wconf 81' lang='lat' dir='ltr'><strong>semper,</strong></span> <span class='ocrx_word' id='word_1_35' title='bbox 452 782 490 826; x_wconf 84' lang='lat' dir='ltr'><strong>ex</strong></span> <span class='ocrx_word' id='word_1_36' title='bbox 503 774 566 846; x_wconf 89' lang='lat' dir='ltr'><strong>quo</strong></span> <span class='ocrx_word' id='word_1_37' title='bbox 587 771 752 846; x_wconf 80' lang='lat' dir='ltr'><strong>ponaeptus</strong></span> <span class='ocrx_word' id='word_1_38' title='bbox 765 766 805 828; x_wconf 88' lang='lat' dir='ltr'><strong>de</strong></span> <span class='ocrx_word' id='word_1_39' title='bbox 829 766 946 848; x_wconf 83' lang='lat' dir='ltr'><strong>Spiritu</strong></span> <span class='ocrx_word' id='word_1_40' title='bbox 965 772 1071 827; x_wconf 87' lang='lat' dir='ltr'><strong>aanrto</strong></span> <span class='ocrx_word' id='word_1_41' title='bbox 1159 765 1212 829; x_wconf 86' lang='lat' dir='ltr'><strong>ill.</strong></span> <span class='ocrx_word' id='word_1_42' title='bbox 1228 764 1377 840; x_wconf 69' lang='lat' dir='ltr'><strong>Quartum</strong></span> <span class='ocrx_word' id='word_1_43' title='bbox 1389 765 1428 827; x_wconf 90' lang='lat' dir='ltr'><strong>sit</strong></span> <span class='ocrx_word' id='word_1_44' title='bbox 1441 771 1661 845; x_wconf 72' lang='lat' dir='ltr'><strong>argumentum</strong></span> <span class='ocrx_word' id='word_1_45' title='bbox 1670 762 1787 839; x_wconf 83' lang='lat' dir='ltr'><strong>Faliais,</strong></span> <span class='ocrx_word' id='word_1_46' title='bbox 1804 764 1889 844; x_wconf 89' lang='lat' dir='ltr'><strong>quod</strong></span> 
     </span>
     <span class='ocr_line' id='line_1_6' title="bbox 302 855 1990 939; baseline 0 -21"><span class='ocrx_word' id='word_1_47' title='bbox 302 857 438 919; x_wconf 84' lang='lat' dir='ltr'><strong>inutero</strong></span> <span class='ocrx_word' id='word_1_48' title='bbox 458 857 593 937; x_wconf 88' lang='lat' dir='ltr'><strong>Virginis</strong></span> <span class='ocrx_word' id='word_1_49' title='bbox 608 859 778 920; x_wconf 87' lang='lat' dir='ltr'><strong>seeundum</strong></span> <span class='ocrx_word' id='word_1_50' title='bbox 798 860 959 921; x_wconf 89' lang='lat' dir='ltr'><strong>homiuem</strong></span> <span class='ocrx_word' id='word_1_51' title='bbox 980 858 1073 939; x_wconf 82' lang='lat' dir='ltr'><strong>eoepit</strong></span> <span class='ocrx_word' id='word_1_52' title='bbox 1119 857 1208 918; x_wconf 88' lang='lat' dir='ltr'><strong>initio</strong></span> <span class='ocrx_word' id='word_1_53' title='bbox 1230 856 1302 918; x_wconf 90' lang='lat' dir='ltr'>libri</span> <span class='ocrx_word' id='word_1_54' title='bbox 1327 857 1412 918; x_wconf 87' lang='lat' dir='ltr'><strong>tertii</strong></span> <span class='ocrx_word' id='word_1_55' title='bbox 1433 855 1630 920; x_wconf 76' lang='lat' dir='ltr'><strong>Alahuvinus</strong></span> <span class='ocrx_word' id='word_1_56' title='bbox 1657 856 1788 938; x_wconf 88' lang='lat' dir='ltr'><strong>opponit</strong></span> <span class='ocrx_word' id='word_1_57' title='bbox 1811 855 1885 931; x_wconf 75' lang='lat' dir='ltr'><strong>silai,</strong></span> <span class='ocrx_word' id='word_1_58' title='bbox 1989 860 1990 929; x_wconf 66' lang='grc' dir='ltr'>ζ</span> 
     </span>
     <span class='ocr_line' id='line_1_7' title="bbox 305 949 1890 1031; baseline 0 -20"><span class='ocrx_word' id='word_1_59' title='bbox 305 966 382 1027; x_wconf 80' lang='lat' dir='ltr'><strong>esse,</strong></span> <span class='ocrx_word' id='word_1_60' title='bbox 394 950 600 1030; x_wconf 88' lang='lat' dir='ltr'><strong>sempiternus</strong></span> <span class='ocrx_word' id='word_1_61' title='bbox 614 957 779 1031; x_wconf 86' lang='lat' dir='ltr'><strong>permanet</strong></span> <span class='ocrx_word' id='word_1_62' title='bbox 791 952 873 1013; x_wconf 85' lang='lat' dir='ltr'><strong>Deus</strong></span> <span class='ocrx_word' id='word_1_63' title='bbox 885 957 917 1013; x_wconf 91' lang='lat' dir='ltr'><strong>et</strong></span> <span class='ocrx_word' id='word_1_64' title='bbox 929 951 1036 1012; x_wconf 86' lang='lat' dir='ltr'><strong>homo.</strong></span> <span class='ocrx_word' id='word_1_65' title='bbox 1052 971 1068 1009; x_wconf 78' lang='lat' dir='ltr'><strong>s</strong></span> <span class='ocrx_word' id='word_1_66' title='bbox 1124 970 1140 1009; x_wconf 85' lang='lat' dir='ltr'><strong>r</strong></span> <span class='ocrx_word' id='word_1_67' title='bbox 1153 950 1222 1011; x_wconf 89' lang='lat' dir='ltr'><strong>Non</strong></span> <span class='ocrx_word' id='word_1_68' title='bbox 1233 967 1323 1031; x_wconf 81' lang='lat' dir='ltr'><strong>poene</strong></span> <span class='ocrx_word' id='word_1_69' title='bbox 1338 967 1439 1011; x_wconf 90' lang='lat' dir='ltr'><strong>anum</strong></span> <span class='ocrx_word' id='word_1_70' title='bbox 1450 949 1614 1012; x_wconf 88' lang='lat' dir='ltr'><strong>hominem</strong></span> <span class='ocrx_word' id='word_1_71' title='bbox 1627 950 1705 1012; x_wconf 85' lang='lat' dir='ltr'><strong>duos</strong></span> <span class='ocrx_word' id='word_1_72' title='bbox 1718 955 1822 1030; x_wconf 84' lang='lat' dir='ltr'><strong>patrea</strong></span> <span class='ocrx_word' id='word_1_73' title='bbox 1835 949 1890 1011; x_wconf 88' lang='lat' dir='ltr'><strong>ha·</strong></span> 
     </span>
     <span class='ocr_line' id='line_1_8' title="bbox 343 1040 1891 1123; baseline 0.001 -21"><span class='ocrx_word' id='word_1_74' title='bbox 343 1042 429 1103; x_wconf 90' lang='lat' dir='ltr'><strong>Vlll.</strong></span> <span class='ocrx_word' id='word_1_75' title='bbox 454 1043 607 1109; x_wconf 85' lang='lat' dir='ltr'><strong>Quartum</strong></span> <span class='ocrx_word' id='word_1_76' title='bbox 633 1042 674 1104; x_wconf 89' lang='lat' dir='ltr'><strong>ad</strong></span> <span class='ocrx_word' id='word_1_77' title='bbox 705 1043 892 1106; x_wconf 89' lang='lat' dir='ltr'><strong>Felioianam</strong></span> <span class='ocrx_word' id='word_1_78' title='bbox 922 1043 1073 1105; x_wconf 88' lang='lat' dir='ltr'><strong>tuendam</strong></span> <span class='ocrx_word' id='word_1_79' title='bbox 1120 1041 1195 1103; x_wconf 87' lang='lat' dir='ltr'><strong>here</strong></span> <span class='ocrx_word' id='word_1_80' title='bbox 1216 1040 1372 1103; x_wconf 74' lang='lat' dir='ltr'><strong>naturales</strong></span> <span class='ocrx_word' id='word_1_81' title='bbox 1388 1062 1396 1103; x_wconf 82' lang='grc' dir='ltr'><strong>ι</strong></span> <span class='ocrx_word' id='word_1_82' title='bbox 1413 1042 1467 1104; x_wconf 80' lang='lat' dir='ltr'><strong>aad</strong></span> <span class='ocrx_word' id='word_1_83' title='bbox 1480 1060 1581 1103; x_wconf 88' lang='lat' dir='ltr'><strong>unum</strong></span> <span class='ocrx_word' id='word_1_84' title='bbox 1600 1059 1690 1123; x_wconf 82' lang='lat' dir='ltr'><strong>posse</strong></span> <span class='ocrx_word' id='word_1_85' title='bbox 1712 1041 1891 1104; x_wconf 77' lang='lat' dir='ltr'><strong>naturalem</strong></span> 
     </span>
     <span class='ocr_line' id='line_1_9' title="bbox 304 1133 1890 1215; baseline 0 -19"><span class='ocrx_word' id='word_1_86' title='bbox 304 1134 449 1196; x_wconf 84' lang='lat' dir='ltr'><strong>haeresim</strong></span> <span class='ocrx_word' id='word_1_87' title='bbox 464 1138 685 1213; x_wconf 84' lang='lat' dir='ltr'><strong>argumentum</strong></span> <span class='ocrx_word' id='word_1_88' title='bbox 697 1135 787 1215; x_wconf 89' lang='lat' dir='ltr'><strong>ponit</strong></span> <span class='ocrx_word' id='word_1_89' title='bbox 801 1153 840 1198; x_wconf 81' lang='lat' dir='ltr'><strong>ex</strong></span> <span class='ocrx_word' id='word_1_90' title='bbox 852 1137 962 1198; x_wconf 87' lang='lat' dir='ltr'><strong>eodem</strong></span> <span class='ocrx_word' id='word_1_91' title='bbox 974 1135 1073 1197; x_wconf 83' lang='lat' dir='ltr'><strong>Felioa</strong></span> <span class='ocrx_word' id='word_1_92' title='bbox 1121 1134 1247 1211; x_wconf 83' lang='lat' dir='ltr'><strong>habere,</strong></span> <span class='ocrx_word' id='word_1_93' title='bbox 1262 1134 1396 1195; x_wconf 86' lang='lat' dir='ltr'><strong>alterum</strong></span> <span class='ocrx_word' id='word_1_94' title='bbox 1408 1133 1599 1214; x_wconf 88' lang='lat' dir='ltr'><strong>adoptivum.</strong></span> <span class='ocrx_word' id='word_1_95' title='bbox 1611 1155 1627 1193; x_wconf 80' lang='lat' dir='ltr'><strong>a</strong></span> <span class='ocrx_word' id='word_1_96' title='bbox 1639 1135 1734 1214; x_wconf 75' lang='lat' dir='ltr'><strong>dtqssi</strong></span> <span class='ocrx_word' id='word_1_97' title='bbox 1747 1134 1890 1197; x_wconf 78' lang='lat' dir='ltr'><strong>christus</strong></span> 
     </span>
     <span class='ocr_line' id='line_1_10' title="bbox 305 1224 1890 1308; baseline -0.001 -21"><span class='ocrx_word' id='word_1_98' title='bbox 305 1224 479 1288; x_wconf 88' lang='lat' dir='ltr'><strong>Paulinus¹</strong></span> <span class='ocrx_word' id='word_1_99' title='bbox 498 1247 505 1287; x_wconf 93' lang='lat'><strong>:</strong></span> <span class='ocrx_word' id='word_1_100' title='bbox 524 1227 623 1288; x_wconf 75' lang='lat' dir='ltr'><strong>«Non</strong></span> <span class='ocrx_word' id='word_1_101' title='bbox 637 1244 727 1307; x_wconf 84' lang='lat' dir='ltr'><strong>posse</strong></span> <span class='ocrx_word' id='word_1_102' title='bbox 748 1227 919 1308; x_wconf 86' lang='lat' dir='ltr'><strong>quidquam</strong></span> <span class='ocrx_word' id='word_1_103' title='bbox 932 1227 1074 1290; x_wconf 83' lang='lat' dir='ltr'><strong>membra</strong></span> <span class='ocrx_word' id='word_1_104' title='bbox 1121 1230 1156 1288; x_wconf 78' lang='lat' dir='ltr'><strong>in</strong></span> <span class='ocrx_word' id='word_1_105' title='bbox 1169 1225 1267 1306; x_wconf 78' lang='lat' dir='ltr'><strong>formo</strong></span> <span class='ocrx_word' id='word_1_106' title='bbox 1281 1224 1479 1287; x_wconf 75' lang='lat' dir='ltr'><strong>hamanitatis</strong></span> <span class='ocrx_word' id='word_1_107' title='bbox 1495 1225 1577 1288; x_wconf 88' lang='lat' dir='ltr'><strong>iilius</strong></span> <span class='ocrx_word' id='word_1_108' title='bbox 1596 1232 1643 1288; x_wconf 85' lang='lat' dir='ltr'><strong>est</strong></span> <span class='ocrx_word' id='word_1_109' title='bbox 1657 1225 1811 1287; x_wconf 87' lang='lat' dir='ltr'><strong>naturalis</strong></span> <span class='ocrx_word' id='word_1_110' title='bbox 1831 1226 1890 1286; x_wconf 85' lang='lat' dir='ltr'><strong>lla·</strong></span> 
     </span>
     <span class='ocr_line' id='line_1_11' title="bbox 306 1316 1891 1400; baseline -0.001 -19"><span class='ocrx_word' id='word_1_111' title='bbox 306 1319 433 1387; x_wconf 81' lang='lat' dir='ltr'><strong>habere.</strong></span> <span class='ocrx_word' id='word_1_112' title='bbox 447 1317 507 1380; x_wconf 88' lang='lat' dir='ltr'><strong>nisi</strong></span> <span class='ocrx_word' id='word_1_113' title='bbox 518 1320 576 1380; x_wconf 91' lang='lat' dir='ltr'><strong>hoo</strong></span> <span class='ocrx_word' id='word_1_114' title='bbox 587 1319 672 1398; x_wconf 91' lang='lat' dir='ltr'><strong>quod</strong></span> <span class='ocrx_word' id='word_1_115' title='bbox 685 1320 874 1398; x_wconf 85' lang='lat' dir='ltr'><strong>praeeesserit</strong></span> <span class='ocrx_word' id='word_1_116' title='bbox 887 1321 921 1381; x_wconf 92' lang='lat' dir='ltr'><strong>in</strong></span> <span class='ocrx_word' id='word_1_117' title='bbox 933 1322 1070 1400; x_wconf 79' lang='lat' dir='ltr'><strong>eapite.»</strong></span> <span class='ocrx_word' id='word_1_118' title='bbox 1121 1316 1216 1393; x_wconf 83' lang='lat' dir='ltr'><strong>vidis;</strong></span> <span class='ocrx_word' id='word_1_119' title='bbox 1239 1319 1298 1378; x_wconf 88' lang='lat' dir='ltr'><strong>erit</strong></span> <span class='ocrx_word' id='word_1_120' title='bbox 1322 1335 1396 1397; x_wconf 90' lang='lat' dir='ltr'><strong>ergo</strong></span> <span class='ocrx_word' id='word_1_121' title='bbox 1420 1317 1454 1379; x_wconf 90' lang='lat' dir='ltr'><strong>in</strong></span> <span class='ocrx_word' id='word_1_122' title='bbox 1477 1318 1586 1380; x_wconf 89' lang='lat' dir='ltr'><strong>eadem</strong></span> <span class='ocrx_word' id='word_1_123' title='bbox 1601 1317 1702 1380; x_wconf 84' lang='lat' dir='ltr'><strong>torma</strong></span> <span class='ocrx_word' id='word_1_124' title='bbox 1723 1319 1782 1380; x_wconf 90' lang='lat' dir='ltr'><strong>Dei</strong></span> <span class='ocrx_word' id='word_1_125' title='bbox 1806 1317 1891 1380; x_wconf 84' lang='lat' dir='ltr'><strong>tilius</strong></span> 
     </span>
     <span class='ocr_line' id='line_1_12' title="bbox 307 1410 1890 1494; baseline 0.001 -22"><span class='ocrx_word' id='word_1_126' title='bbox 307 1412 389 1472; x_wconf 79' lang='lat' dir='ltr'><strong>Cum</strong></span> <span class='ocrx_word' id='word_1_127' title='bbox 402 1411 497 1491; x_wconf 86' lang='lat' dir='ltr'><strong>igitur</strong></span> <span class='ocrx_word' id='word_1_128' title='bbox 509 1411 684 1491; x_wconf 87' lang='lat' dir='ltr'><strong>adoptionis</strong></span> <span class='ocrx_word' id='word_1_129' title='bbox 699 1413 857 1489; x_wconf 85' lang='lat' dir='ltr'><strong>spiritum,</strong></span> <span class='ocrx_word' id='word_1_130' title='bbox 878 1419 910 1475; x_wconf 90' lang='lat' dir='ltr'><strong>et</strong></span> <span class='ocrx_word' id='word_1_131' title='bbox 931 1414 1073 1494; x_wconf 86' lang='lat' dir='ltr'><strong>adoptio·</strong></span> <span class='ocrx_word' id='word_1_132' title='bbox 1122 1427 1188 1470; x_wconf 92' lang='lat' dir='ltr'><strong>non</strong></span> <span class='ocrx_word' id='word_1_133' title='bbox 1201 1410 1362 1487; x_wconf 72' lang='lat' dir='ltr'><strong>naturalis,</strong></span> <span class='ocrx_word' id='word_1_134' title='bbox 1376 1410 1429 1471; x_wconf 89' lang='lat' dir='ltr'><strong>sed</strong></span> <span class='ocrx_word' id='word_1_135' title='bbox 1443 1410 1618 1491; x_wconf 85' lang='lat' dir='ltr'><strong>adoptivus.</strong></span> <span class='ocrx_word' id='word_1_136' title='bbox 1632 1412 1691 1473; x_wconf 82' lang='lat' dir='ltr'><strong>llio</strong></span> <span class='ocrx_word' id='word_1_137' title='bbox 1713 1429 1772 1491; x_wconf 87' lang='lat' dir='ltr'><strong>ego</strong></span> <span class='ocrx_word' id='word_1_138' title='bbox 1792 1428 1890 1491; x_wconf 80' lang='lat' dir='ltr'><strong>preas-</strong></span> 
     </span>
     <span class='ocr_line' id='line_1_13' title="bbox 306 1502 1891 1584; baseline 0.001 -19"><span class='ocrx_word' id='word_1_139' title='bbox 306 1521 381 1565; x_wconf 90' lang='lat' dir='ltr'><strong>uem</strong></span> <span class='ocrx_word' id='word_1_140' title='bbox 394 1504 493 1580; x_wconf 90' lang='lat' dir='ltr'><strong>ipsam</strong></span> <span class='ocrx_word' id='word_1_141' title='bbox 510 1504 652 1565; x_wconf 87' lang='lat' dir='ltr'><strong>homines</strong></span> <span class='ocrx_word' id='word_1_142' title='bbox 665 1505 860 1584; x_wconf 83' lang='lat' dir='ltr'><strong>aooeperint3</strong></span> <span class='ocrx_word' id='word_1_143' title='bbox 875 1506 1017 1567; x_wconf 87' lang='lat' dir='ltr'><strong>eamdem</strong></span> <span class='ocrx_word' id='word_1_144' title='bbox 1039 1506 1075 1567; x_wconf 89' lang='lat' dir='ltr'><strong>in</strong></span> <span class='ocrx_word' id='word_1_145' title='bbox 1123 1502 1275 1578; x_wconf 88' lang='lat' dir='ltr'><strong>oriptione</strong></span> <span class='ocrx_word' id='word_1_146' title='bbox 1302 1519 1367 1563; x_wconf 87' lang='lat' dir='ltr'><strong>uon</strong></span> <span class='ocrx_word' id='word_1_147' title='bbox 1387 1508 1456 1564; x_wconf 89' lang='lat' dir='ltr'><strong>utar</strong></span> <span class='ocrx_word' id='word_1_148' title='bbox 1482 1502 1548 1579; x_wconf 86' lang='lat' dir='ltr'><strong>illa,</strong></span> <span class='ocrx_word' id='word_1_149' title='bbox 1574 1521 1669 1583; x_wconf 89' lang='lat' dir='ltr'><strong>quarn</strong></span> <span class='ocrx_word' id='word_1_150' title='bbox 1697 1504 1891 1566; x_wconf 70' lang='lat' dir='ltr'><strong>alchuvinus</strong></span> 
     </span>
     <span class='ocr_line' id='line_1_14' title="bbox 307 1592 1889 1678; baseline 0.001 -21"><span class='ocrx_word' id='word_1_151' title='bbox 307 1595 428 1657; x_wconf 76' lang='lat' dir='ltr'><strong>cunno</strong></span> <span class='ocrx_word' id='word_1_152' title='bbox 447 1594 540 1656; x_wconf 86' lang='lat' dir='ltr'><strong>fuisse</strong></span> <span class='ocrx_word' id='word_1_153' title='bbox 561 1594 659 1674; x_wconf 72' lang='lat' dir='ltr'><strong>eapite</strong></span> <span class='ocrx_word' id='word_1_154' title='bbox 679 1594 811 1659; x_wconf 84' lang='lat' dir='ltr'><strong>dicebat.</strong></span> <span class='ocrx_word' id='word_1_155' title='bbox 837 1598 898 1659; x_wconf 84' lang='lat' dir='ltr'><strong>Sed</strong></span> <span class='ocrx_word' id='word_1_156' title='bbox 918 1597 997 1658; x_wconf 87' lang='lat' dir='ltr'><strong>nihil</strong></span> <span class='ocrx_word' id='word_1_157' title='bbox 1016 1598 1075 1660; x_wconf 89' lang='lat' dir='ltr'><strong>hoo</strong></span> <span class='ocrx_word' id='word_1_158' title='bbox 1123 1592 1272 1655; x_wconf 84' lang='lat' dir='ltr'><strong>adhibet:</strong></span> <span class='ocrx_word' id='word_1_159' title='bbox 1289 1594 1438 1656; x_wconf 82' lang='lat' dir='ltr'><strong>Davidem</strong></span> <span class='ocrx_word' id='word_1_160' title='bbox 1456 1612 1521 1655; x_wconf 91' lang='lat' dir='ltr'><strong>non</strong></span> <span class='ocrx_word' id='word_1_161' title='bbox 1541 1612 1607 1657; x_wconf 88' lang='lat' dir='ltr'><strong>esse</strong></span> <span class='ocrx_word' id='word_1_162' title='bbox 1620 1596 1733 1657; x_wconf 80' lang='lat' dir='ltr'><strong>Christi</strong></span> <span class='ocrx_word' id='word_1_163' title='bbox 1755 1602 1889 1678; x_wconf 80' lang='lat' dir='ltr'><strong>patrem,</strong></span> 
     </span>
     <span class='ocr_line' id='line_1_15' title="bbox 307 1685 1891 1770; baseline 0.003 -22"><span class='ocrx_word' id='word_1_164' title='bbox 307 1704 432 1750; x_wconf 84' lang='lat' dir='ltr'><strong>neeesse</strong></span> <span class='ocrx_word' id='word_1_165' title='bbox 455 1691 512 1748; x_wconf 86' lang='lat' dir='ltr'><strong>est.</strong></span> <span class='ocrx_word' id='word_1_166' title='bbox 537 1687 585 1748; x_wconf 85' lang='lat' dir='ltr'><strong>lta</strong></span> <span class='ocrx_word' id='word_1_167' title='bbox 599 1687 684 1748; x_wconf 90' lang='lat' dir='ltr'><strong>enim</strong></span> <span class='ocrx_word' id='word_1_168' title='bbox 706 1688 858 1769; x_wconf 91' lang='lat' dir='ltr'><strong>quidquid</strong></span> <span class='ocrx_word' id='word_1_169' title='bbox 880 1690 914 1750; x_wconf 92' lang='lat' dir='ltr'><strong>in</strong></span> <span class='ocrx_word' id='word_1_170' title='bbox 934 1691 1076 1752; x_wconf 85' lang='lat' dir='ltr'><strong>membra</strong></span> <span class='ocrx_word' id='word_1_171' title='bbox 1123 1685 1156 1746; x_wconf 87' lang='lat' dir='ltr'><strong>id</strong></span> <span class='ocrx_word' id='word_1_172' title='bbox 1174 1690 1221 1747; x_wconf 82' lang='lat' dir='ltr'><strong>est</strong></span> <span class='ocrx_word' id='word_1_173' title='bbox 1233 1686 1419 1765; x_wconf 85' lang='lat' dir='ltr'><strong>genitorem.</strong></span> <span class='ocrx_word' id='word_1_174' title='bbox 1436 1687 1517 1748; x_wconf 88' lang='lat' dir='ltr'><strong>Nam</strong></span> <span class='ocrx_word' id='word_1_175' title='bbox 1533 1688 1591 1748; x_wconf 90' lang='lat' dir='ltr'><strong>etsi</strong></span> <span class='ocrx_word' id='word_1_176' title='bbox 1602 1686 1643 1749; x_wconf 88' lang='lat' dir='ltr'><strong>ab</strong></span> <span class='ocrx_word' id='word_1_177' title='bbox 1656 1689 1786 1751; x_wconf 89' lang='lat' dir='ltr'><strong>homine</strong></span> <span class='ocrx_word' id='word_1_178' title='bbox 1804 1697 1891 1770; x_wconf 89' lang='lat' dir='ltr'><strong>patra</strong></span> 
     </span>
     <span class='ocr_line' id='line_1_16' title="bbox 168 1777 1892 1862; baseline 0.001 -19"><span class='ocrx_word' id='word_1_179' title='bbox 168 1834 173 1843; x_wconf 94' lang='lat'>.</span> <span class='ocrx_word' id='word_1_180' title='bbox 307 1778 503 1853; x_wconf 70' lang='lat' dir='ltr'><strong>diffrmditua</strong></span> <span class='ocrx_word' id='word_1_181' title='bbox 522 1784 631 1840; x_wconf 89' lang='lat' dir='ltr'><strong>manat</strong></span> <span class='ocrx_word' id='word_1_182' title='bbox 644 1797 664 1840; x_wconf 94' lang='lat' dir='ltr'><strong>a</strong></span> <span class='ocrx_word' id='word_1_183' title='bbox 676 1781 786 1859; x_wconf 79' lang='lat' dir='ltr'><strong>eapite,</strong></span> <span class='ocrx_word' id='word_1_184' title='bbox 802 1781 953 1862; x_wconf 85' lang='lat' dir='ltr'><strong>in&#39;aoque</strong></span> <span class='ocrx_word' id='word_1_185' title='bbox 972 1784 1074 1844; x_wconf 83' lang='lat' dir='ltr'><strong>eonti-</strong></span> <span class='ocrx_word' id='word_1_186' title='bbox 1123 1777 1337 1856; x_wconf 84' lang='lat' dir='ltr'><strong>genitusesset</strong></span> <span class='ocrx_word' id='word_1_187' title='bbox 1351 1778 1491 1839; x_wconf 83' lang='lat' dir='ltr'><strong>christus</strong></span> <span class='ocrx_word' id='word_1_188' title='bbox 1506 1779 1669 1857; x_wconf 76' lang='lat' dir='ltr'><strong>Dominus,</strong></span> <span class='ocrx_word' id='word_1_189' title='bbox 1684 1796 1767 1843; x_wconf 89' lang='lat' dir='ltr'><strong>unus</strong></span> <span class='ocrx_word' id='word_1_190' title='bbox 1784 1788 1892 1845; x_wconf 86' lang='lat' dir='ltr'><strong>tamen</strong></span> 
     </span>
     <span class='ocr_line' id='line_1_17' title="bbox 307 1869 1892 1957; baseline 0.004 -25"><span class='ocrx_word' id='word_1_191' title='bbox 307 1875 419 1945; x_wconf 86' lang='lat' dir='ltr'><strong>netur;</strong></span> <span class='ocrx_word' id='word_1_192' title='bbox 441 1876 479 1931; x_wconf 87' lang='lat' dir='ltr'><strong>ut</strong></span> <span class='ocrx_word' id='word_1_193' title='bbox 491 1870 699 1932; x_wconf 73' lang='lat' dir='ltr'><strong>aroenantiori</strong></span> <span class='ocrx_word' id='word_1_194' title='bbox 713 1873 807 1934; x_wconf 91' lang='lat' dir='ltr'><strong>modo</strong></span> <span class='ocrx_word' id='word_1_195' title='bbox 825 1872 899 1934; x_wconf 88' lang='lat' dir='ltr'><strong>insit</strong></span> <span class='ocrx_word' id='word_1_196' title='bbox 918 1874 988 1954; x_wconf 74' lang='lat' dir='ltr'><strong>ipsi,</strong></span> <span class='ocrx_word' id='word_1_197' title='bbox 1010 1890 1076 1936; x_wconf 90' lang='lat' dir='ltr'><strong>nou</strong></span> <span class='ocrx_word' id='word_1_198' title='bbox 1124 1869 1274 1930; x_wconf 85' lang='lat' dir='ltr'><strong>naturalis</strong></span> <span class='ocrx_word' id='word_1_199' title='bbox 1288 1887 1353 1931; x_wconf 88' lang='lat' dir='ltr'><strong>esse</strong></span> <span class='ocrx_word' id='word_1_200' title='bbox 1367 1878 1471 1950; x_wconf 81' lang='lat' dir='ltr'><strong>posset</strong></span> <span class='ocrx_word' id='word_1_201' title='bbox 1482 1870 1647 1932; x_wconf 85' lang='lat' dir='ltr'><strong>amborum</strong></span> <span class='ocrx_word' id='word_1_202' title='bbox 1669 1872 1752 1936; x_wconf 82' lang='lat' dir='ltr'><strong>filius</strong></span> <span class='ocrx_word' id='word_1_203' title='bbox 1764 1881 1892 1957; x_wconf 86' lang='lat' dir='ltr'><strong>propter</strong></span> 
     </span>
     <span class='ocr_line' id='line_1_18' title="bbox 308 1958 1992 2048; baseline 0.001 -24"><span class='ocrx_word' id='word_1_204' title='bbox 308 1981 357 2040; x_wconf 90' lang='lat' dir='ltr'><strong>eo,</strong></span> <span class='ocrx_word' id='word_1_205' title='bbox 373 1981 435 2044; x_wconf 89' lang='lat' dir='ltr'><strong>quo</strong></span> <span class='ocrx_word' id='word_1_206' title='bbox 452 1963 486 2023; x_wconf 91' lang='lat' dir='ltr'><strong>in</strong></span> <span class='ocrx_word' id='word_1_207' title='bbox 499 1963 648 2027; x_wconf 82' lang='lat' dir='ltr'><strong>membris</strong></span> <span class='ocrx_word' id='word_1_208' title='bbox 670 1970 725 2028; x_wconf 89' lang='lat' dir='ltr'><strong>est.</strong></span> <span class='ocrx_word' id='word_1_209' title='bbox 748 1965 814 2027; x_wconf 88' lang='lat' dir='ltr'><strong>Hoo</strong></span> <span class='ocrx_word' id='word_1_210' title='bbox 836 1965 1077 2029; x_wconf 77' lang='lat' dir='ltr'><strong>soholaevooant</strong></span> <span class='ocrx_word' id='word_1_211' title='bbox 1125 1978 1221 2023; x_wconf 86' lang='lat' dir='ltr'><strong>uuam</strong></span> <span class='ocrx_word' id='word_1_212' title='bbox 1234 1967 1265 2023; x_wconf 90' lang='lat' dir='ltr'><strong>et</strong></span> <span class='ocrx_word' id='word_1_213' title='bbox 1278 1962 1420 2024; x_wconf 86' lang='lat' dir='ltr'><strong>eamdem</strong></span> <span class='ocrx_word' id='word_1_214' title='bbox 1433 1961 1567 2025; x_wconf 83' lang='lat' dir='ltr'><strong>formam</strong></span> <span class='ocrx_word' id='word_1_215' title='bbox 1576 1973 1743 2043; x_wconf 67' lang='grc' dir='ltr'>τῆςυιιιητος</span> <span class='ocrx_word' id='word_1_216' title='bbox 1757 1987 1765 2028; x_wconf 76' lang='grc' dir='ltr'><strong>ι</strong></span> <span class='ocrx_word' id='word_1_217' title='bbox 1779 1986 1891 2048; x_wconf 84' lang='lat' dir='ltr'><strong>quam·</strong></span> <span class='ocrx_word' id='word_1_218' title='bbox 1918 1958 1992 2026; x_wconf 67' lang='lat' dir='ltr'><strong>aaut</strong></span> 
     </span>
     <span class='ocr_line' id='line_1_19' title="bbox 308 2054 1893 2138; baseline 0.003 -21"><span class='ocrx_word' id='word_1_219' title='bbox 308 2055 471 2117; x_wconf 75' lang='lat' dir='ltr'><strong>ariarate·</strong></span> <span class='ocrx_word' id='word_1_220' title='bbox 483 2056 638 2131; x_wconf 62' lang='lat' dir='ltr'><strong>reatinam,</strong></span> <span class='ocrx_word' id='word_1_221' title='bbox 653 2056 714 2117; x_wconf 91' lang='lat' dir='ltr'><strong>hoe</strong></span> <span class='ocrx_word' id='word_1_222' title='bbox 726 2062 772 2118; x_wconf 90' lang='lat' dir='ltr'><strong>est</strong></span> <span class='ocrx_word' id='word_1_223' title='bbox 786 2057 930 2138; x_wconf 85' lang='lat' dir='ltr'><strong>adempto</strong></span> <span class='ocrx_word' id='word_1_224' title='bbox 940 2060 1025 2120; x_wconf 92' lang='lat' dir='ltr'><strong>omni</strong></span> <span class='ocrx_word' id='word_1_225' title='bbox 1039 2076 1076 2121; x_wconf 87' lang='lat' dir='ltr'><strong>oo</strong></span> <span class='ocrx_word' id='word_1_226' title='bbox 1125 2054 1173 2117; x_wconf 89' lang='lat' dir='ltr'><strong>vis</strong></span> <span class='ocrx_word' id='word_1_227' title='bbox 1197 2059 1382 2115; x_wconf 87' lang='lat' dir='ltr'><strong>naturarum</strong></span> <span class='ocrx_word' id='word_1_228' title='bbox 1403 2055 1565 2119; x_wconf 85' lang='lat' dir='ltr'><strong>diversitas</strong></span> <span class='ocrx_word' id='word_1_229' title='bbox 1584 2057 1740 2120; x_wconf 88' lang='lat' dir='ltr'><strong>diversum</strong></span> <span class='ocrx_word' id='word_1_230' title='bbox 1762 2060 1893 2122; x_wconf 89' lang='lat' dir='ltr'><strong>modum</strong></span> 
     </span>
     <span class='ocr_line' id='line_1_20' title="bbox 308 2145 1895 2231; baseline 0.005 -23"><span class='ocrx_word' id='word_1_231' title='bbox 308 2147 393 2228; x_wconf 89' lang='lat' dir='ltr'><strong>quod</strong></span> <span class='ocrx_word' id='word_1_232' title='bbox 409 2146 624 2226; x_wconf 80' lang='lat' dir='ltr'><strong>imperfectum</strong></span> <span class='ocrx_word' id='word_1_233' title='bbox 645 2154 701 2227; x_wconf 90' lang='lat' dir='ltr'><strong>est,</strong></span> <span class='ocrx_word' id='word_1_234' title='bbox 724 2154 755 2210; x_wconf 89' lang='lat' dir='ltr'><strong>et</strong></span> <span class='ocrx_word' id='word_1_235' title='bbox 774 2148 938 2228; x_wconf 86' lang='lat' dir='ltr'><strong>indignum</strong></span> <span class='ocrx_word' id='word_1_236' title='bbox 961 2152 1076 2231; x_wconf 73' lang='lat' dir='ltr'><strong>majes-</strong></span> <span class='ocrx_word' id='word_1_237' title='bbox 1126 2146 1263 2225; x_wconf 76' lang='lat' dir='ltr'><strong>ejusdem</strong></span> <span class='ocrx_word' id='word_1_238' title='bbox 1277 2145 1411 2208; x_wconf 73' lang='lat' dir='ltr'><strong>filietatis</strong></span> <span class='ocrx_word' id='word_1_239' title='bbox 1432 2146 1576 2209; x_wconf 81' lang='lat' dir='ltr'><strong>efflueret.</strong></span> <span class='ocrx_word' id='word_1_240' title='bbox 1599 2150 1661 2212; x_wconf 84' lang='lat' dir='ltr'><strong>Sed</strong></span> <span class='ocrx_word' id='word_1_241' title='bbox 1683 2151 1895 2215; x_wconf 77' lang='lat' dir='ltr'><strong>Alehuvinum</strong></span> 
     </span>
     <span class='ocr_line' id='line_1_21' title="bbox 308 2239 1897 2324; baseline 0.003 -23"><span class='ocrx_word' id='word_1_242' title='bbox 308 2246 373 2301; x_wconf 89' lang='lat' dir='ltr'><strong>tate</strong></span> <span class='ocrx_word' id='word_1_243' title='bbox 385 2239 471 2299; x_wconf 87' lang='lat' dir='ltr'><strong>illius</strong></span> <span class='ocrx_word' id='word_1_244' title='bbox 490 2239 608 2317; x_wconf 86' lang='lat' dir='ltr'><strong>eapitis.</strong></span> <span class='ocrx_word' id='word_1_245' title='bbox 622 2240 703 2301; x_wconf 91' lang='lat' dir='ltr'><strong>Nam</strong></span> <span class='ocrx_word' id='word_1_246' title='bbox 715 2258 773 2302; x_wconf 86' lang='lat' dir='ltr'><strong>nea</strong></span> <span class='ocrx_word' id='word_1_247' title='bbox 786 2243 974 2320; x_wconf 86' lang='lat' dir='ltr'><strong>redemptus,</strong></span> <span class='ocrx_word' id='word_1_248' title='bbox 991 2256 1077 2305; x_wconf 80' lang='lat' dir='ltr'><strong>aura</strong></span> <span class='ocrx_word' id='word_1_249' title='bbox 1125 2239 1230 2317; x_wconf 87' lang='lat' dir='ltr'><strong>ipsum</strong></span> <span class='ocrx_word' id='word_1_250' title='bbox 1252 2243 1377 2318; x_wconf 76' lang='lat' dir='ltr'><strong>prestat</strong></span> <span class='ocrx_word' id='word_1_251' title='bbox 1398 2239 1505 2301; x_wconf 88' lang='lat' dir='ltr'><strong>audire</strong></span> <span class='ocrx_word' id='word_1_252' title='bbox 1528 2258 1536 2301; x_wconf 74' lang='grc' dir='ltr'><strong><em>ε</em></strong></span> <span class='ocrx_word' id='word_1_253' title='bbox 1562 2262 1578 2301; x_wconf 82' lang='lat' dir='ltr'><strong>o</strong></span> <span class='ocrx_word' id='word_1_254' title='bbox 1596 2242 1675 2305; x_wconf 78' lang='lat' dir='ltr'><strong>Dicit</strong></span> <span class='ocrx_word' id='word_1_255' title='bbox 1697 2244 1823 2324; x_wconf 85' lang='lat' dir='ltr'><strong>itaque,</strong></span> <span class='ocrx_word' id='word_1_256' title='bbox 1852 2246 1897 2307; x_wconf 89' lang='lat' dir='ltr'><strong>ait</strong></span> 
     </span>
     <span class='ocr_line' id='line_1_22' title="bbox 310 2327 1897 2415; baseline 0.006 -24"><span class='ocrx_word' id='word_1_257' title='bbox 310 2349 329 2391; x_wconf 92' lang='lat' dir='ltr'><strong>a</strong></span> <span class='ocrx_word' id='word_1_258' title='bbox 351 2331 485 2411; x_wconf 81' lang='lat' dir='ltr'><strong>pennatis</strong></span> <span class='ocrx_word' id='word_1_259' title='bbox 507 2331 655 2392; x_wconf 87' lang='lat' dir='ltr'><strong>liberatus</strong></span> <span class='ocrx_word' id='word_1_260' title='bbox 682 2339 729 2394; x_wconf 87' lang='lat' dir='ltr'><strong>est</strong></span> <span class='ocrx_word' id='word_1_261' title='bbox 753 2333 909 2410; x_wconf 80' lang='lat' dir='ltr'><strong>Christus3</strong></span> <span class='ocrx_word' id='word_1_262' title='bbox 934 2335 1078 2415; x_wconf 86' lang='lat' dir='ltr'><strong>quamvis</strong></span> <span class='ocrx_word' id='word_1_263' title='bbox 1126 2328 1178 2390; x_wconf 88' lang='lat' dir='ltr'><strong>illa</strong></span> <span class='ocrx_word' id='word_1_264' title='bbox 1186 2327 1209 2407; x_wconf 73' lang='lat'><strong>⁸,</strong></span> <span class='ocrx_word' id='word_1_265' title='bbox 1227 2331 1310 2409; x_wconf 90' lang='lat' dir='ltr'><strong>quod</strong></span> <span class='ocrx_word' id='word_1_266' title='bbox 1322 2344 1405 2392; x_wconf 88' lang='lat' dir='ltr'><strong>unus</strong></span> <span class='ocrx_word' id='word_1_267' title='bbox 1417 2332 1513 2393; x_wconf 86' lang='lat' dir='ltr'><strong>horno</strong></span> <span class='ocrx_word' id='word_1_268' title='bbox 1526 2332 1605 2394; x_wconf 84' lang='lat' dir='ltr'><strong>duos</strong></span> <span class='ocrx_word' id='word_1_269' title='bbox 1619 2340 1723 2415; x_wconf 81' lang='lat' dir='ltr'><strong>patrea</strong></span> <span class='ocrx_word' id='word_1_270' title='bbox 1737 2338 1897 2400; x_wconf 72' lang='lat' dir='ltr'><strong>nourr-ales</strong></span> 
     </span>
     <span class='ocr_line' id='line_1_23' title="bbox 311 2422 1898 2507; baseline 0.003 -22"><span class='ocrx_word' id='word_1_271' title='bbox 311 2422 475 2503; x_wconf 81' lang='lat' dir='ltr'><strong>redempti,</strong></span> <span class='ocrx_word' id='word_1_272' title='bbox 494 2440 530 2483; x_wconf 88' lang='lat' dir='ltr'><strong>ao</strong></span> <span class='ocrx_word' id='word_1_273' title='bbox 546 2422 694 2485; x_wconf 81' lang='lat' dir='ltr'><strong>vindicati</strong></span> <span class='ocrx_word' id='word_1_274' title='bbox 715 2423 754 2484; x_wconf 85' lang='lat' dir='ltr'><strong>ab</strong></span> <span class='ocrx_word' id='word_1_275' title='bbox 773 2424 827 2486; x_wconf 88' lang='lat' dir='ltr'><strong>illa</strong></span> <span class='ocrx_word' id='word_1_276' title='bbox 850 2427 997 2488; x_wconf 86' lang='lat' dir='ltr'><strong>servitute</strong></span> <span class='ocrx_word' id='word_1_277' title='bbox 1017 2428 1079 2490; x_wconf 84' lang='lat' dir='ltr'><strong>sint</strong></span> <span class='ocrx_word' id='word_1_278' title='bbox 1127 2439 1191 2482; x_wconf 88' lang='lat' dir='ltr'><strong>nan</strong></span> <span class='ocrx_word' id='word_1_279' title='bbox 1203 2423 1298 2502; x_wconf 85' lang='lat' dir='ltr'><strong>possit</strong></span> <span class='ocrx_word' id='word_1_280' title='bbox 1310 2423 1444 2498; x_wconf 82' lang='lat' dir='ltr'><strong>habere3</strong></span> <span class='ocrx_word' id='word_1_281' title='bbox 1461 2442 1645 2488; x_wconf 89' lang='lat' dir='ltr'><strong>unumvero</strong></span> <span class='ocrx_word' id='word_1_282' title='bbox 1661 2429 1756 2507; x_wconf 89' lang='lat' dir='ltr'><strong>possit</strong></span> <span class='ocrx_word' id='word_1_283' title='bbox 1767 2436 1898 2492; x_wconf 62' lang='lat' dir='ltr'><strong>natura</strong></span> 
     </span>
     <span class='ocr_line' id='line_1_24' title="bbox 310 2513 1897 2599; baseline 0.006 -24"><span class='ocrx_word' id='word_1_284' title='bbox 310 2514 463 2589; x_wconf 89' lang='lat' dir='ltr'><strong>homines,</strong></span> <span class='ocrx_word' id='word_1_285' title='bbox 480 2532 515 2575; x_wconf 88' lang='lat' dir='ltr'><strong>aa</strong></span> <span class='ocrx_word' id='word_1_286' title='bbox 534 2521 678 2577; x_wconf 87' lang='lat' dir='ltr'><strong>sexoenta</strong></span> <span class='ocrx_word' id='word_1_287' title='bbox 695 2515 728 2576; x_wconf 94' lang='lat' dir='ltr'><strong>id</strong></span> <span class='ocrx_word' id='word_1_288' title='bbox 750 2533 848 2593; x_wconf 86' lang='lat' dir='ltr'><strong>genus</strong></span> <span class='ocrx_word' id='word_1_289' title='bbox 869 2518 985 2598; x_wconf 90' lang='lat' dir='ltr'><strong>opponi</strong></span> <span class='ocrx_word' id='word_1_290' title='bbox 1007 2534 1078 2599; x_wconf 83' lang='lat' dir='ltr'><strong>pos·</strong></span> <span class='ocrx_word' id='word_1_291' title='bbox 1126 2513 1189 2575; x_wconf 88' lang='lat' dir='ltr'><strong>lem</strong></span> <span class='ocrx_word' id='word_1_292' title='bbox 1213 2513 1340 2591; x_wconf 90' lang='lat' dir='ltr'><strong>habere,</strong></span> <span class='ocrx_word' id='word_1_293' title='bbox 1365 2519 1396 2576; x_wconf 91' lang='lat' dir='ltr'><strong>et</strong></span> <span class='ocrx_word' id='word_1_294' title='bbox 1416 2515 1551 2577; x_wconf 86' lang='lat' dir='ltr'><strong>alterum</strong></span> <span class='ocrx_word' id='word_1_295' title='bbox 1570 2516 1763 2599; x_wconf 86' lang='lat' dir='ltr'><strong>adoptivum.</strong></span> <span class='ocrx_word' id='word_1_296' title='bbox 1787 2520 1897 2584; x_wconf 82' lang='lat' dir='ltr'><strong>Diuum</strong></span> 
     </span>
     <span class='ocr_line' id='line_1_25' title="bbox 311 2605 1900 2695; baseline 0.008 -29"><span class='ocrx_word' id='word_1_297' title='bbox 311 2611 395 2681; x_wconf 82' lang='lat' dir='ltr'><strong>sunt,</strong></span> <span class='ocrx_word' id='word_1_298' title='bbox 408 2605 521 2686; x_wconf 85' lang='lat' dir='ltr'><strong>quibus</strong></span> <span class='ocrx_word' id='word_1_299' title='bbox 533 2605 645 2668; x_wconf 84' lang='lat' dir='ltr'><strong>trivola</strong></span> <span class='ocrx_word' id='word_1_300' title='bbox 656 2607 734 2684; x_wconf 80' lang='lat' dir='ltr'><strong>hoo,</strong></span> <span class='ocrx_word' id='word_1_301' title='bbox 750 2614 782 2671; x_wconf 91' lang='lat' dir='ltr'><strong>et</strong></span> <span class='ocrx_word' id='word_1_302' title='bbox 795 2608 914 2672; x_wconf 88' lang='lat' dir='ltr'><strong>ludlora</strong></span> <span class='ocrx_word' id='word_1_303' title='bbox 925 2610 1079 2673; x_wconf 79' lang='lat' dir='ltr'><strong>cavillatio</strong></span> <span class='ocrx_word' id='word_1_304' title='bbox 1128 2610 1159 2666; x_wconf 74' lang='lat' dir='ltr'><strong>et</strong></span> <span class='ocrx_word' id='word_1_305' title='bbox 1172 2621 1228 2681; x_wconf 72' lang='lat'><strong>080</strong></span> <span class='ocrx_word' id='word_1_306' title='bbox 1243 2606 1327 2684; x_wconf 82' lang='lat' dir='ltr'><strong>quod</strong></span> <span class='ocrx_word' id='word_1_307' title='bbox 1348 2606 1453 2669; x_wconf 76' lang='lat' dir='ltr'><strong>nullus</strong></span> <span class='ocrx_word' id='word_1_308' title='bbox 1466 2615 1556 2688; x_wconf 76' lang='lat' dir='ltr'><strong>pater</strong></span> <span class='ocrx_word' id='word_1_309' title='bbox 1569 2626 1670 2672; x_wconf 82' lang='lat' dir='ltr'><strong>unum</strong></span> <span class='ocrx_word' id='word_1_310' title='bbox 1682 2611 1783 2674; x_wconf 88' lang='lat' dir='ltr'><strong>fllium</strong></span> <span class='ocrx_word' id='word_1_311' title='bbox 1796 2621 1900 2695; x_wconf 88' lang='lat' dir='ltr'><strong>potest</strong></span> 
     </span>
     <span class='ocr_line' id='line_1_26' title="bbox 312 2697 1900 2788; baseline 0.006 -29"><span class='ocrx_word' id='word_1_312' title='bbox 312 2699 460 2760; x_wconf 87' lang='lat' dir='ltr'><strong>diluatur.</strong></span> <span class='ocrx_word' id='word_1_313' title='bbox 1127 2697 1253 2772; x_wconf 88' lang='lat' dir='ltr'><strong>habere,</strong></span> <span class='ocrx_word' id='word_1_314' title='bbox 1267 2704 1436 2779; x_wconf 88' lang='lat' dir='ltr'><strong>utrumque</strong></span> <span class='ocrx_word' id='word_1_315' title='bbox 1450 2705 1481 2762; x_wconf 89' lang='lat' dir='ltr'><strong>at</strong></span> <span class='ocrx_word' id='word_1_316' title='bbox 1491 2702 1668 2765; x_wconf 88' lang='lat' dir='ltr'><strong>naturalem</strong></span> <span class='ocrx_word' id='word_1_317' title='bbox 1680 2704 1751 2783; x_wconf 86' lang='lat' dir='ltr'><strong>sibi,</strong></span> <span class='ocrx_word' id='word_1_318' title='bbox 1762 2707 1900 2788; x_wconf 80' lang='lat' dir='ltr'><strong>etadop</strong></span> 
     </span>
     <span class='ocr_line' id='line_1_27' title="bbox 353 2789 1897 2877; baseline 0.008 -26"><span class='ocrx_word' id='word_1_319' title='bbox 353 2791 450 2852; x_wconf 89' lang='lat' dir='ltr'><strong>Paulo</strong></span> <span class='ocrx_word' id='word_1_320' title='bbox 463 2790 553 2852; x_wconf 89' lang='lat' dir='ltr'><strong>aliter</strong></span> <span class='ocrx_word' id='word_1_321' title='bbox 565 2791 625 2852; x_wconf 89' lang='lat' dir='ltr'><strong>hoo</strong></span> <span class='ocrx_word' id='word_1_322' title='bbox 637 2792 720 2854; x_wconf 88' lang='lat' dir='ltr'><strong>idem</strong></span> <span class='ocrx_word' id='word_1_323' title='bbox 734 2799 956 2872; x_wconf 76' lang='lat' dir='ltr'><strong>argumentum</strong></span> <span class='ocrx_word' id='word_1_324' title='bbox 970 2813 1008 2856; x_wconf 82' lang='lat' dir='ltr'><strong>ex</strong></span> <span class='ocrx_word' id='word_1_325' title='bbox 1023 2797 1079 2859; x_wconf 83' lang='lat' dir='ltr'><strong>Fe·</strong></span> <span class='ocrx_word' id='word_1_326' title='bbox 1128 2789 1227 2851; x_wconf 71' lang='lat' dir='ltr'><strong>tivum</strong></span> <span class='ocrx_word' id='word_1_327' title='bbox 1240 2811 1248 2849; x_wconf 79' lang='lat'><strong>³</strong></span> <span class='ocrx_word' id='word_1_328' title='bbox 1260 2790 1399 2864; x_wconf 72' lang='grc'><strong>0111111116</strong></span> <span class='ocrx_word' id='word_1_329' title='bbox 1412 2792 1585 2854; x_wconf 74' lang='lat' dir='ltr'><strong>unutfiliut</strong></span> <span class='ocrx_word' id='word_1_330' title='bbox 1598 2813 1663 2856; x_wconf 87' lang='lat'>11011</span> <span class='ocrx_word' id='word_1_331' title='bbox 1674 2801 1775 2877; x_wconf 66' lang='lat' dir='ltr'><strong>potant</strong></span> <span class='ocrx_word' id='word_1_332' title='bbox 1787 2798 1897 2876; x_wconf 83' lang='lat' dir='ltr'><strong>dividi,</strong></span> 
     </span>
     <span class='ocr_line' id='line_1_28' title="bbox 311 2882 1897 2969; baseline 0.006 -25"><span class='ocrx_word' id='word_1_333' title='bbox 311 2883 370 2945; x_wconf 87' lang='lat' dir='ltr'><strong>lioa</strong></span> <span class='ocrx_word' id='word_1_334' title='bbox 388 2882 535 2963; x_wconf 84' lang='lat' dir='ltr'><strong>proponit</strong></span> <span class='ocrx_word' id='word_1_335' title='bbox 555 2882 687 2945; x_wconf 73' lang='lat' dir='ltr'><strong>Albinus</strong></span> <span class='ocrx_word' id='word_1_336' title='bbox 714 2885 871 2963; x_wconf 84' lang='lat' dir='ltr'><strong>Flaoous¹‚</strong></span> <span class='ocrx_word' id='word_1_337' title='bbox 889 2904 929 2948; x_wconf 86' lang='lat' dir='ltr'><strong>ex</strong></span> <span class='ocrx_word' id='word_1_338' title='bbox 941 2888 1080 2968; x_wconf 81' lang='lat' dir='ltr'><strong>Apostoll</strong></span> <span class='ocrx_word' id='word_1_339' title='bbox 1129 2889 1165 2944; x_wconf 96' lang='grc' dir='ltr'><strong>ιιι</strong></span> <span class='ocrx_word' id='word_1_340' title='bbox 1179 2882 1219 2943; x_wconf 90' lang='lat' dir='ltr'><strong>sit</strong></span> <span class='ocrx_word' id='word_1_341' title='bbox 1228 2900 1311 2943; x_wconf 90' lang='lat' dir='ltr'><strong>unus</strong></span> <span class='ocrx_word' id='word_1_342' title='bbox 1325 2884 1432 2964; x_wconf 75' lang='lat' dir='ltr'><strong>patris,</strong></span> <span class='ocrx_word' id='word_1_343' title='bbox 1449 2890 1482 2946; x_wconf 90' lang='lat' dir='ltr'><strong>et</strong></span> <span class='ocrx_word' id='word_1_344' title='bbox 1494 2887 1654 2964; x_wconf 87' lang='lat' dir='ltr'><strong>naturalis,</strong></span> <span class='ocrx_word' id='word_1_345' title='bbox 1668 2893 1700 2949; x_wconf 86' lang='lat' dir='ltr'><strong>et</strong></span> <span class='ocrx_word' id='word_1_346' title='bbox 1710 2889 1897 2969; x_wconf 76' lang='lat' dir='ltr'><strong>adoptivusr</strong></span> 
     </span>
     <span class='ocr_line' id='line_1_29' title="bbox 312 2973 1900 3058; baseline 0.004 -21"><span class='ocrx_word' id='word_1_347' title='bbox 312 2975 415 3037; x_wconf 86' lang='lat' dir='ltr'><strong>vorbis</strong></span> <span class='ocrx_word' id='word_1_348' title='bbox 432 2974 509 3051; x_wconf 85' lang='lat' dir='ltr'><strong>istis,</strong></span> <span class='ocrx_word' id='word_1_349' title='bbox 526 2973 627 3036; x_wconf 79' lang='lat' dir='ltr'><strong>Omnia</strong></span> <span class='ocrx_word' id='word_1_350' title='bbox 649 2976 714 3037; x_wconf 82' lang='lat' dir='ltr'><strong>uiri</strong></span> <span class='ocrx_word' id='word_1_351' title='bbox 729 2982 832 3058; x_wconf 81' lang='lat' dir='ltr'><strong>caput,</strong></span> <span class='ocrx_word' id='word_1_352' title='bbox 859 2975 992 3040; x_wconf 69' lang='lat' dir='ltr'><strong>Claritas</strong></span> <span class='ocrx_word' id='word_1_353' title='bbox 1004 2979 1080 3048; x_wconf 64' lang='lat' dir='ltr'><strong>eatt-</strong></span> <span class='ocrx_word' id='word_1_354' title='bbox 1129 2973 1179 3035; x_wconf 88' lang='lat' dir='ltr'><strong>vel</strong></span> <span class='ocrx_word' id='word_1_355' title='bbox 1192 2974 1336 3053; x_wconf 75' lang='lat' dir='ltr'><strong>quaedam</strong></span> <span class='ocrx_word' id='word_1_356' title='bbox 1350 2993 1421 3054; x_wconf 85' lang='lat' dir='ltr'><strong>pars</strong></span> <span class='ocrx_word' id='word_1_357' title='bbox 1438 2975 1495 3036; x_wconf 85' lang='lat' dir='ltr'><strong>tilii</strong></span> <span class='ocrx_word' id='word_1_358' title='bbox 1515 2978 1553 3039; x_wconf 87' lang='lat' dir='ltr'><strong>sit</strong></span> <span class='ocrx_word' id='word_1_359' title='bbox 1573 2978 1728 3058; x_wconf 85' lang='lat' dir='ltr'><strong>adoptiva,</strong></span> <span class='ocrx_word' id='word_1_360' title='bbox 1750 2987 1782 3043; x_wconf 89' lang='lat' dir='ltr'><strong>et</strong></span> <span class='ocrx_word' id='word_1_361' title='bbox 1799 2982 1900 3044; x_wconf 82' lang='lat' dir='ltr'><strong>altera</strong></span> 
     </span>
     <span class='ocr_line' id='line_1_30' title="bbox 314 3064 1901 3150; baseline 0.004 -21"><span class='ocrx_word' id='word_1_362' title='bbox 314 3074 403 3149; x_wconf 80' lang='lat' dir='ltr'><strong>rapat</strong></span> <span class='ocrx_word' id='word_1_363' title='bbox 416 3075 513 3128; x_wconf 73' lang='grc' dir='ltr'>αιιιεηι</span> <span class='ocrx_word' id='word_1_364' title='bbox 524 3065 657 3128; x_wconf 81' lang='lat' dir='ltr'><strong>mnlr&#39;rria</strong></span> <span class='ocrx_word' id='word_1_365' title='bbox 668 3067 718 3128; x_wconf 81' lang='lat' dir='ltr'><strong>vir</strong></span> <span class='ocrx_word' id='word_1_366' title='bbox 729 3088 742 3131; x_wconf 89' lang='lat'><strong>.·</strong></span> <span class='ocrx_word' id='word_1_367' title='bbox 755 3075 843 3150; x_wconf 82' lang='lat' dir='ltr'><strong>rapat</strong></span> <span class='ocrx_word' id='word_1_368' title='bbox 853 3078 950 3131; x_wconf 80' lang='lat' dir='ltr'><strong>aurem</strong></span> <span class='ocrx_word' id='word_1_369' title='bbox 967 3069 1081 3133; x_wconf 72' lang='lat' dir='ltr'><strong>Christi</strong></span> <span class='ocrx_word' id='word_1_370' title='bbox 1129 3067 1279 3127; x_wconf 86' lang='lat' dir='ltr'><strong>naturalis</strong></span> <span class='ocrx_word' id='word_1_371' title='bbox 1291 3067 1326 3127; x_wconf 91' lang='lat' dir='ltr'><strong>in</strong></span> <span class='ocrx_word' id='word_1_372' title='bbox 1338 3064 1394 3128; x_wconf 89' lang='lat' dir='ltr'><strong>iiiii</strong></span> <span class='ocrx_word' id='word_1_373' title='bbox 1408 3067 1559 3147; x_wconf 75' lang='lat' dir='ltr'><strong>dignitate</strong></span> <span class='ocrx_word' id='word_1_374' title='bbox 1576 3086 1584 3132; x_wconf 78' lang='grc' dir='ltr'><strong>ι</strong></span> <span class='ocrx_word' id='word_1_375' title='bbox 1604 3071 1693 3139; x_wconf 83' lang='lat' dir='ltr'><strong>velat</strong></span> <span class='ocrx_word' id='word_1_376' title='bbox 1707 3072 1811 3135; x_wconf 85' lang='lat' dir='ltr'><strong>staua</strong></span> <span class='ocrx_word' id='word_1_377' title='bbox 1831 3090 1901 3136; x_wconf 88' lang='lat' dir='ltr'><strong>ma·</strong></span> 
     </span>
     <span class='ocr_line' id='line_1_31' title="bbox 313 3156 1902 3244; baseline 0.005 -23"><span class='ocrx_word' id='word_1_378' title='bbox 313 3158 404 3221; x_wconf 80' lang='lat' dir='ltr'><strong>Deua</strong></span> <span class='ocrx_word' id='word_1_379' title='bbox 443 3159 523 3219; x_wconf 85' lang='lat' dir='ltr'><strong>Hine</strong></span> <span class='ocrx_word' id='word_1_380' title='bbox 563 3158 648 3219; x_wconf 79' lang='lat' dir='ltr'><strong>Felix</strong></span> <span class='ocrx_word' id='word_1_381' title='bbox 685 3160 859 3238; x_wconf 87' lang='lat' dir='ltr'><strong>disputabat</strong></span> <span class='ocrx_word' id='word_1_382' title='bbox 894 3163 956 3238; x_wconf 80' lang='lat' dir='ltr'><strong>sie,</strong></span> <span class='ocrx_word' id='word_1_383' title='bbox 982 3185 998 3221; x_wconf 79' lang='lat' dir='ltr'><strong>a</strong></span> <span class='ocrx_word' id='word_1_384' title='bbox 1024 3178 1080 3226; x_wconf 89' lang='lat' dir='ltr'><strong>na·</strong></span> <span class='ocrx_word' id='word_1_385' title='bbox 1129 3176 1189 3219; x_wconf 89' lang='lat' dir='ltr'><strong>nus</strong></span> <span class='ocrx_word' id='word_1_386' title='bbox 1202 3161 1243 3218; x_wconf 83' lang='lat' dir='ltr'><strong>sit</strong></span> <span class='ocrx_word' id='word_1_387' title='bbox 1255 3156 1411 3238; x_wconf 85' lang='lat' dir='ltr'><strong>adoptiva,</strong></span> <span class='ocrx_word' id='word_1_388' title='bbox 1426 3160 1564 3222; x_wconf 85' lang='lat' dir='ltr'><strong>etaltera</strong></span> <span class='ocrx_word' id='word_1_389' title='bbox 1577 3163 1902 3244; x_wconf 75' lang='lat' dir='ltr'><strong>propriazvelanima</strong></span> 
     </span>
     <span class='ocr_line' id='line_1_32' title="bbox 314 3250 1902 3335; baseline 0.006 -24"><span class='ocrx_word' id='word_1_390' title='bbox 314 3268 398 3312; x_wconf 77' lang='lat' dir='ltr'><strong>nasse</strong></span> <span class='ocrx_word' id='word_1_391' title='bbox 412 3268 478 3312; x_wconf 85' lang='lat' dir='ltr'><strong>ease</strong></span> <span class='ocrx_word' id='word_1_392' title='bbox 491 3250 633 3312; x_wconf 88' lang='lat' dir='ltr'><strong>membra</strong></span> <span class='ocrx_word' id='word_1_393' title='bbox 652 3251 798 3331; x_wconf 87' lang='lat' dir='ltr'><strong>adoptiva</strong></span> <span class='ocrx_word' id='word_1_394' title='bbox 820 3254 1003 3334; x_wconf 84' lang='lat' dir='ltr'><strong>adoptivum</strong></span> <span class='ocrx_word' id='word_1_395' title='bbox 1022 3256 1081 3317; x_wconf 83' lang='lat' dir='ltr'><strong>ha·</strong></span> <span class='ocrx_word' id='word_1_396' title='bbox 1130 3250 1170 3311; x_wconf 87' lang='lat' dir='ltr'><strong>sit</strong></span> <span class='ocrx_word' id='word_1_397' title='bbox 1179 3250 1334 3330; x_wconf 85' lang='lat' dir='ltr'><strong>adoptiva,</strong></span> <span class='ocrx_word' id='word_1_398' title='bbox 1345 3256 1456 3312; x_wconf 87' lang='lat' dir='ltr'><strong>etearo</strong></span> <span class='ocrx_word' id='word_1_399' title='bbox 1466 3252 1500 3313; x_wconf 89' lang='lat' dir='ltr'><strong>in</strong></span> <span class='ocrx_word' id='word_1_400' title='bbox 1510 3256 1698 3335; x_wconf 81' lang='lat' dir='ltr'><strong>proprietate</strong></span> <span class='ocrx_word' id='word_1_401' title='bbox 1706 3255 1773 3319; x_wconf 88' lang='lat' dir='ltr'><strong>tilii.</strong></span> <span class='ocrx_word' id='word_1_402' title='bbox 1785 3259 1902 3332; x_wconf 82' lang='lat' dir='ltr'><strong>Quam-</strong></span> 
     </span>
     <span class='ocr_line' id='line_1_33' title="bbox 313 3341 1901 3427; baseline 0.005 -22"><span class='ocrx_word' id='word_1_403' title='bbox 313 3342 387 3405; x_wconf 87' lang='lat' dir='ltr'><strong>bere</strong></span> <span class='ocrx_word' id='word_1_404' title='bbox 407 3349 544 3423; x_wconf 75' lang='lat' dir='ltr'><strong>eaput.»</strong></span> <span class='ocrx_word' id='word_1_405' title='bbox 570 3343 632 3404; x_wconf 83' lang='lat' dir='ltr'><strong>Sed</strong></span> <span class='ocrx_word' id='word_1_406' title='bbox 655 3343 751 3406; x_wconf 89' lang='lat' dir='ltr'><strong>instat</strong></span> <span class='ocrx_word' id='word_1_407' title='bbox 772 3344 962 3407; x_wconf 72' lang='lat' dir='ltr'><strong>alchuvinus</strong></span> <span class='ocrx_word' id='word_1_408' title='bbox 978 3364 1021 3408; x_wconf 80' lang='lat' dir='ltr'><strong>:a</strong></span> <span class='ocrx_word' id='word_1_409' title='bbox 1044 3362 1082 3410; x_wconf 82' lang='lat' dir='ltr'><strong>aa</strong></span> <span class='ocrx_word' id='word_1_410' title='bbox 1130 3341 1177 3403; x_wconf 81' lang='lat' dir='ltr'><strong>via</strong></span> <span class='ocrx_word' id='word_1_411' title='bbox 1190 3342 1276 3403; x_wconf 86' lang='lat' dir='ltr'><strong>anim</strong></span> <span class='ocrx_word' id='word_1_412' title='bbox 1293 3342 1476 3404; x_wconf 87' lang='lat' dir='ltr'><strong>animanon</strong></span> <span class='ocrx_word' id='word_1_413' title='bbox 1491 3344 1532 3405; x_wconf 85' lang='lat' dir='ltr'><strong>sit</strong></span> <span class='ocrx_word' id='word_1_414' title='bbox 1548 3362 1587 3407; x_wconf 86' lang='lat' dir='ltr'><strong>ax</strong></span> <span class='ocrx_word' id='word_1_415' title='bbox 1599 3346 1698 3408; x_wconf 84' lang='lat' dir='ltr'><strong>Patris</strong></span> <span class='ocrx_word' id='word_1_416' title='bbox 1710 3349 1840 3427; x_wconf 85' lang='lat' dir='ltr'><strong>semina,</strong></span> <span class='ocrx_word' id='word_1_417' title='bbox 1855 3352 1901 3412; x_wconf 89' lang='lat' dir='ltr'><strong>si·</strong></span> 
     </span>
     <span class='ocr_line' id='line_1_34' title="bbox 313 3435 1903 3522; baseline 0.005 -25"><span class='ocrx_word' id='word_1_418' title='bbox 313 3435 433 3498; x_wconf 89' lang='lat' dir='ltr'><strong>ratione</strong></span> <span class='ocrx_word' id='word_1_419' title='bbox 453 3454 541 3516; x_wconf 90' lang='lat' dir='ltr'><strong>possa</strong></span> <span class='ocrx_word' id='word_1_420' title='bbox 554 3435 615 3498; x_wconf 90' lang='lat' dir='ltr'><strong>dioi</strong></span> <span class='ocrx_word' id='word_1_421' title='bbox 628 3436 740 3513; x_wconf 87' lang='lat' dir='ltr'><strong>ileum,</strong></span> <span class='ocrx_word' id='word_1_422' title='bbox 755 3442 877 3518; x_wconf 89' lang='lat' dir='ltr'><strong>patrem</strong></span> <span class='ocrx_word' id='word_1_423' title='bbox 895 3454 961 3501; x_wconf 89' lang='lat' dir='ltr'><strong>esse</strong></span> <span class='ocrx_word' id='word_1_424' title='bbox 981 3440 1081 3520; x_wconf 87' lang='lat' dir='ltr'><strong>adop-</strong></span> <span class='ocrx_word' id='word_1_425' title='bbox 1131 3439 1185 3496; x_wconf 86' lang='lat' dir='ltr'><strong>out</strong></span> <span class='ocrx_word' id='word_1_426' title='bbox 1207 3438 1253 3495; x_wconf 87' lang='lat' dir='ltr'><strong>est</strong></span> <span class='ocrx_word' id='word_1_427' title='bbox 1272 3451 1356 3511; x_wconf 87' lang='lat' dir='ltr'><strong>earo,</strong></span> <span class='ocrx_word' id='word_1_428' title='bbox 1382 3438 1489 3497; x_wconf 88' lang='lat' dir='ltr'><strong>tamen</strong></span> <span class='ocrx_word' id='word_1_429' title='bbox 1517 3454 1600 3498; x_wconf 84' lang='lat' dir='ltr'><strong>unns</strong></span> <span class='ocrx_word' id='word_1_430' title='bbox 1624 3444 1671 3500; x_wconf 83' lang='lat' dir='ltr'><strong>eat</strong></span> <span class='ocrx_word' id='word_1_431' title='bbox 1693 3440 1777 3503; x_wconf 86' lang='lat' dir='ltr'><strong>lilius</strong></span> <span class='ocrx_word' id='word_1_432' title='bbox 1800 3444 1903 3522; x_wconf 83' lang='lat' dir='ltr'><strong>patris</strong></span> 
     </span>
     <span class='ocr_line' id='line_1_35' title="bbox 313 3526 1903 3615; baseline 0.004 -26"><span class='ocrx_word' id='word_1_433' title='bbox 313 3528 424 3603; x_wconf 80' lang='lat' dir='ltr'><strong>tivum,</strong></span> <span class='ocrx_word' id='word_1_434' title='bbox 435 3529 489 3608; x_wconf 89' lang='lat' dir='ltr'><strong>qui</strong></span> <span class='ocrx_word' id='word_1_435' title='bbox 503 3532 597 3609; x_wconf 84' lang='lat' dir='ltr'><strong>eaput</strong></span> <span class='ocrx_word' id='word_1_436' title='bbox 610 3534 656 3590; x_wconf 85' lang='lat' dir='ltr'><strong>est</strong></span> <span class='ocrx_word' id='word_1_437' title='bbox 669 3528 793 3591; x_wconf 81' lang='lat' dir='ltr'><strong>Christi.</strong></span> <span class='ocrx_word' id='word_1_438' title='bbox 810 3551 822 3589; x_wconf 80' lang='grc' dir='ltr'><strong>ι</strong></span> <span class='ocrx_word' id='word_1_439' title='bbox 842 3530 936 3611; x_wconf 76' lang='lat' dir='ltr'><strong>Atqui</strong></span> <span class='ocrx_word' id='word_1_440' title='bbox 949 3550 989 3593; x_wconf 88' lang='lat' dir='ltr'><strong>ne</strong></span> <span class='ocrx_word' id='word_1_441' title='bbox 1000 3530 1083 3593; x_wconf 86' lang='lat' dir='ltr'><strong>istud</strong></span> <span class='ocrx_word' id='word_1_442' title='bbox 1131 3526 1247 3600; x_wconf 77' lang='grc' dir='ltr'>ιιιιιιιι,</span> <span class='ocrx_word' id='word_1_443' title='bbox 1270 3531 1301 3587; x_wconf 88' lang='lat' dir='ltr'><strong>at</strong></span> <span class='ocrx_word' id='word_1_444' title='bbox 1314 3543 1405 3587; x_wconf 87' lang='lat' dir='ltr'><strong>earne</strong></span> <span class='ocrx_word' id='word_1_445' title='bbox 1424 3532 1508 3588; x_wconf 80' lang='lat' dir='ltr'><strong>totus</strong></span> <span class='ocrx_word' id='word_1_446' title='bbox 1522 3528 1574 3591; x_wconf 86' lang='lat' dir='ltr'><strong>val</strong></span> <span class='ocrx_word' id='word_1_447' title='bbox 1586 3530 1749 3610; x_wconf 88' lang='lat' dir='ltr'><strong>adoptivus</strong></span> <span class='ocrx_word' id='word_1_448' title='bbox 1761 3532 1811 3596; x_wconf 88' lang='lat' dir='ltr'><strong>val</strong></span> <span class='ocrx_word' id='word_1_449' title='bbox 1826 3552 1903 3615; x_wconf 89' lang='lat' dir='ltr'><strong>pro-</strong></span> 
     </span>
    </p>
   </div>
   <div class='ocr_carea' id='block_1_3' title="bbox 312 3618 1904 3798">
    <p class='ocr_par' dir='ltr' id='par_1_3' title="bbox 312 3618 1904 3798">
     <span class='ocr_line' id='line_1_36' title="bbox 313 3618 1904 3704; baseline 0.007 -24"><span class='ocrx_word' id='word_1_450' title='bbox 313 3620 439 3700; x_wconf 90' lang='lat' dir='ltr'><strong>quidem</strong></span> <span class='ocrx_word' id='word_1_451' title='bbox 461 3627 589 3699; x_wconf 86' lang='lat' dir='ltr'><strong>negaret</strong></span> <span class='ocrx_word' id='word_1_452' title='bbox 610 3619 706 3693; x_wconf 85' lang='lat' dir='ltr'><strong>Felix,</strong></span> <span class='ocrx_word' id='word_1_453' title='bbox 731 3622 816 3700; x_wconf 91' lang='lat' dir='ltr'><strong>quod</strong></span> <span class='ocrx_word' id='word_1_454' title='bbox 839 3622 905 3701; x_wconf 85' lang='lat' dir='ltr'><strong>ejus</strong></span> <span class='ocrx_word' id='word_1_455' title='bbox 928 3621 1082 3704; x_wconf 74' lang='lat' dir='ltr'><strong>opinionis</strong></span> <span class='ocrx_word' id='word_1_456' title='bbox 1131 3619 1228 3698; x_wconf 79' lang='lat' dir='ltr'><strong>prins,</strong></span> <span class='ocrx_word' id='word_1_457' title='bbox 1245 3623 1339 3698; x_wconf 89' lang='lat' dir='ltr'><strong>prout</strong></span> <span class='ocrx_word' id='word_1_458' title='bbox 1348 3618 1485 3681; x_wconf 80' lang='lat' dir='ltr'><strong>conditio</strong></span> <span class='ocrx_word' id='word_1_459' title='bbox 1499 3620 1636 3684; x_wconf 86' lang='lat' dir='ltr'><strong>nominis</strong></span> <span class='ocrx_word' id='word_1_460' title='bbox 1646 3625 1697 3687; x_wconf 87' lang='lat' dir='ltr'><strong>vel</strong></span> <span class='ocrx_word' id='word_1_461' title='bbox 1708 3628 1904 3691; x_wconf 77' lang='lat' dir='ltr'><strong>natarenhl</strong></span> 
     </span>
     <span class='ocr_line' id='line_1_37' title="bbox 312 3708 1903 3798; baseline 0.006 -25"><span class='ocrx_word' id='word_1_462' title='bbox 312 3713 537 3773; x_wconf 85' lang='lat' dir='ltr'><strong>aonsaotarium</strong></span> <span class='ocrx_word' id='word_1_463' title='bbox 558 3716 614 3788; x_wconf 85' lang='lat' dir='ltr'><strong>est,</strong></span> <span class='ocrx_word' id='word_1_464' title='bbox 638 3718 675 3773; x_wconf 88' lang='lat' dir='ltr'><strong>ut</strong></span> <span class='ocrx_word' id='word_1_465' title='bbox 688 3714 713 3772; x_wconf 92' lang='lat' dir='ltr'><strong>si</strong></span> <span class='ocrx_word' id='word_1_466' title='bbox 728 3712 879 3788; x_wconf 77' lang='lat' dir='ltr'><strong>Christus,</strong></span> <span class='ocrx_word' id='word_1_467' title='bbox 895 3732 958 3795; x_wconf 88' lang='lat' dir='ltr'><strong>qua</strong></span> <span class='ocrx_word' id='word_1_468' title='bbox 971 3717 1080 3795; x_wconf 86' lang='lat' dir='ltr'><strong>homo,</strong></span> <span class='ocrx_word' id='word_1_469' title='bbox 1131 3708 1278 3772; x_wconf 84' lang='lat' dir='ltr'><strong>attulerit.</strong></span> <span class='ocrx_word' id='word_1_470' title='bbox 1300 3712 1409 3774; x_wconf 81' lang='lat' dir='ltr'><strong>Potest</strong></span> <span class='ocrx_word' id='word_1_471' title='bbox 1432 3726 1507 3773; x_wconf 86' lang='lat' dir='ltr'><strong>vero</strong></span> <span class='ocrx_word' id='word_1_472' title='bbox 1532 3713 1567 3775; x_wconf 89' lang='lat' dir='ltr'><strong>in</strong></span> <span class='ocrx_word' id='word_1_473' title='bbox 1587 3726 1652 3775; x_wconf 86' lang='lat' dir='ltr'><strong>una</strong></span> <span class='ocrx_word' id='word_1_474' title='bbox 1672 3734 1806 3798; x_wconf 84' lang='lat' dir='ltr'><strong>persona</strong></span> <span class='ocrx_word' id='word_1_475' title='bbox 1832 3736 1903 3783; x_wconf 61' lang='lat' dir='ltr'><strong>msa</strong></span> 
     </span>
    </p>
   </div>
   <div class='ocr_carea' id='block_1_4' title="bbox 312 3796 1910 5361">
    <p class='ocr_par' dir='ltr' id='par_1_4' title="bbox 312 3796 1907 4804">
     <span class='ocr_line' id='line_1_38' title="bbox 313 3796 1903 3889; baseline 0.013 -25"><span class='ocrx_word' id='word_1_476' title='bbox 313 3801 395 3864; x_wconf 89' lang='lat' dir='ltr'><strong>iilius</strong></span> <span class='ocrx_word' id='word_1_477' title='bbox 408 3809 455 3864; x_wconf 91' lang='lat' dir='ltr'><strong>est</strong></span> <span class='ocrx_word' id='word_1_478' title='bbox 466 3803 630 3882; x_wconf 89' lang='lat' dir='ltr'><strong>adoptivus</strong></span> <span class='ocrx_word' id='word_1_479' title='bbox 643 3803 710 3881; x_wconf 88' lang='lat' dir='ltr'><strong>Dei,</strong></span> <span class='ocrx_word' id='word_1_480' title='bbox 724 3805 806 3865; x_wconf 85' lang='lat' dir='ltr'><strong>Deus</strong></span> <span class='ocrx_word' id='word_1_481' title='bbox 824 3806 918 3867; x_wconf 82' lang='lat' dir='ltr'><strong>etiam</strong></span> <span class='ocrx_word' id='word_1_482' title='bbox 931 3807 971 3868; x_wconf 91' lang='lat' dir='ltr'><strong>sit</strong></span> <span class='ocrx_word' id='word_1_483' title='bbox 983 3809 1081 3889; x_wconf 91' lang='lat' dir='ltr'><strong>adop·</strong></span> <span class='ocrx_word' id='word_1_484' title='bbox 1131 3796 1294 3882; x_wconf 82' lang='lat' dir='ltr'><strong>passibilis,</strong></span> <span class='ocrx_word' id='word_1_485' title='bbox 1322 3808 1353 3863; x_wconf 72' lang='grc'><strong>111</strong></span> <span class='ocrx_word' id='word_1_486' title='bbox 1377 3803 1585 3883; x_wconf 64' lang='lat' dir='ltr'><strong>imlffltibffii,</strong></span> <span class='ocrx_word' id='word_1_487' title='bbox 1611 3806 1760 3883; x_wconf 68' lang='grc'><strong>1110111118,</strong></span> <span class='ocrx_word' id='word_1_488' title='bbox 1783 3816 1816 3872; x_wconf 72' lang='grc' dir='ltr'><strong>θῒ</strong></span> <span class='ocrx_word' id='word_1_489' title='bbox 1837 3812 1903 3874; x_wconf 69' lang='lat' dir='ltr'><strong>im·</strong></span> 
     </span>
     <span class='ocr_line' id='line_1_39' title="bbox 312 3893 1901 3983; baseline 0.008 -29"><span class='ocrx_word' id='word_1_490' title='bbox 312 3894 395 3955; x_wconf 89' lang='lat' dir='ltr'><strong>tivus</strong></span> <span class='ocrx_word' id='word_1_491' title='bbox 408 3894 521 3955; x_wconf 71' lang='lat' dir='ltr'><strong>Christi</strong></span> <span class='ocrx_word' id='word_1_492' title='bbox 543 3899 640 3973; x_wconf 87' lang='lat' dir='ltr'><strong>pater.</strong></span> <span class='ocrx_word' id='word_1_493' title='bbox 663 3895 770 3976; x_wconf 88' lang='lat' dir='ltr'><strong>ltaque</strong></span> <span class='ocrx_word' id='word_1_494' title='bbox 792 3898 877 3976; x_wconf 85' lang='lat' dir='ltr'><strong>prior</strong></span> <span class='ocrx_word' id='word_1_495' title='bbox 898 3899 952 3960; x_wconf 88' lang='lat' dir='ltr'><strong>illa</strong></span> <span class='ocrx_word' id='word_1_496' title='bbox 975 3906 1082 3962; x_wconf 73' lang='lat' dir='ltr'><strong>nosne</strong></span> <span class='ocrx_word' id='word_1_497' title='bbox 1132 3894 1282 3969; x_wconf 83' lang='lat' dir='ltr'><strong>mortalis,</strong></span> <span class='ocrx_word' id='word_1_498' title='bbox 1297 3893 1395 3955; x_wconf 89' lang='lat' dir='ltr'><strong>veluti</strong></span> <span class='ocrx_word' id='word_1_499' title='bbox 1408 3897 1502 3956; x_wconf 89' lang='lat' dir='ltr'><strong>homo</strong></span> <span class='ocrx_word' id='word_1_500' title='bbox 1516 3898 1700 3961; x_wconf 77' lang='lat' dir='ltr'><strong>immortalia</strong></span> <span class='ocrx_word' id='word_1_501' title='bbox 1721 3910 1767 3963; x_wconf 85' lang='lat' dir='ltr'><strong>est</strong></span> <span class='ocrx_word' id='word_1_502' title='bbox 1780 3904 1901 3983; x_wconf 82' lang='lat' dir='ltr'><strong>onina,</strong></span> 
     </span>
     <span class='ocr_line' id='line_1_40' title="bbox 312 3986 1903 4076; baseline 0.011 -38"><span class='ocrx_word' id='word_1_503' title='bbox 312 3986 470 4065; x_wconf 66' lang='lat' dir='ltr'><strong>responsio</strong></span> <span class='ocrx_word' id='word_1_504' title='bbox 484 3986 725 4068; x_wconf 71' lang='lat' dir='ltr'><strong>expeditior-eat,</strong></span> <span class='ocrx_word' id='word_1_505' title='bbox 741 3994 777 4049; x_wconf 83' lang='lat' dir='ltr'><strong>ut</strong></span> <span class='ocrx_word' id='word_1_506' title='bbox 795 4006 859 4051; x_wconf 79' lang='lat' dir='ltr'><strong>non</strong></span> <span class='ocrx_word' id='word_1_507' title='bbox 882 4004 947 4052; x_wconf 66' lang='lat' dir='ltr'><strong>egge</strong></span> <span class='ocrx_word' id='word_1_508' title='bbox 970 4008 1081 4054; x_wconf 77' lang='lat' dir='ltr'><strong>oollae-</strong></span> <span class='ocrx_word' id='word_1_509' title='bbox 1131 3986 1269 4047; x_wconf 72' lang='lat' dir='ltr'><strong>mortalis</strong></span> <span class='ocrx_word' id='word_1_510' title='bbox 1282 4002 1375 4048; x_wconf 75' lang='lat' dir='ltr'><strong>earne</strong></span> <span class='ocrx_word' id='word_1_511' title='bbox 1391 4005 1399 4047; x_wconf 81' lang='grc' dir='ltr'><strong>ι</strong></span> <span class='ocrx_word' id='word_1_512' title='bbox 1415 3987 1458 4048; x_wconf 76' lang='lat' dir='ltr'><strong>sio</strong></span> <span class='ocrx_word' id='word_1_513' title='bbox 1482 3986 1576 4049; x_wconf 77' lang='lat' dir='ltr'><strong>etiam</strong></span> <span class='ocrx_word' id='word_1_514' title='bbox 1589 3996 1621 4052; x_wconf 83' lang='lat' dir='ltr'><strong>et</strong></span> <span class='ocrx_word' id='word_1_515' title='bbox 1633 3990 1771 4055; x_wconf 73' lang='lat' dir='ltr'><strong>Ghl&#39;iaitifl</strong></span> <span class='ocrx_word' id='word_1_516' title='bbox 1783 3994 1903 4076; x_wconf 71' lang='lat' dir='ltr'><strong>impus-</strong></span> 
     </span>
     <span class='ocr_line' id='line_1_41' title="bbox 313 4074 1907 4159; baseline 0.002 -21"><span class='ocrx_word' id='word_1_517' title='bbox 313 4094 412 4158; x_wconf 88' lang='lat' dir='ltr'><strong>quens</strong></span> <span class='ocrx_word' id='word_1_518' title='bbox 437 4079 594 4153; x_wconf 87' lang='lat' dir='ltr'><strong>dieamus,</strong></span> <span class='ocrx_word' id='word_1_519' title='bbox 622 4079 841 4157; x_wconf 86' lang='lat' dir='ltr'><strong>adoptivorum</strong></span> <span class='ocrx_word' id='word_1_520' title='bbox 867 4084 1082 4146; x_wconf 88' lang='lat' dir='ltr'><strong>membrorum</strong></span> <span class='ocrx_word' id='word_1_521' title='bbox 1131 4074 1226 4139; x_wconf 79' lang='lat' dir='ltr'><strong>sibilis</strong></span> <span class='ocrx_word' id='word_1_522' title='bbox 1239 4078 1410 4153; x_wconf 85' lang='lat' dir='ltr'><strong>divinitate,</strong></span> <span class='ocrx_word' id='word_1_523' title='bbox 1426 4079 1579 4159; x_wconf 84' lang='lat' dir='ltr'><strong>passibilis</strong></span> <span class='ocrx_word' id='word_1_524' title='bbox 1592 4098 1684 4145; x_wconf 85' lang='lat' dir='ltr'><strong>earne</strong></span> <span class='ocrx_word' id='word_1_525' title='bbox 1701 4090 1830 4148; x_wconf 77' lang='lat' dir='ltr'><strong>:tamen</strong></span> <span class='ocrx_word' id='word_1_526' title='bbox 1851 4092 1907 4149; x_wconf 83' lang='lat' dir='ltr'><strong>to-</strong></span> 
     </span>
     <span class='ocr_line' id='line_1_42' title="bbox 313 4168 1907 4257; baseline 0.008 -26"><span class='ocrx_word' id='word_1_527' title='bbox 313 4171 495 4251; x_wconf 87' lang='lat' dir='ltr'><strong>adoptivum</strong></span> <span class='ocrx_word' id='word_1_528' title='bbox 509 4189 574 4232; x_wconf 88' lang='lat' dir='ltr'><strong>esse</strong></span> <span class='ocrx_word' id='word_1_529' title='bbox 587 4177 690 4251; x_wconf 84' lang='lat' dir='ltr'><strong>eaput,</strong></span> <span class='ocrx_word' id='word_1_530' title='bbox 704 4190 742 4233; x_wconf 88' lang='lat' dir='ltr'><strong>aa</strong></span> <span class='ocrx_word' id='word_1_531' title='bbox 755 4173 885 4236; x_wconf 89' lang='lat' dir='ltr'><strong>notione</strong></span> <span class='ocrx_word' id='word_1_532' title='bbox 897 4175 981 4236; x_wconf 86' lang='lat' dir='ltr'><strong>voois</strong></span> <span class='ocrx_word' id='word_1_533' title='bbox 994 4175 1083 4257; x_wconf 84' lang='lat' dir='ltr'><strong>odop-</strong></span> <span class='ocrx_word' id='word_1_534' title='bbox 1131 4176 1182 4232; x_wconf 84' lang='lat' dir='ltr'><strong>tus</strong></span> <span class='ocrx_word' id='word_1_535' title='bbox 1201 4184 1294 4246; x_wconf 84' lang='lat' dir='ltr'><strong>unns,</strong></span> <span class='ocrx_word' id='word_1_536' title='bbox 1309 4168 1455 4250; x_wconf 81' lang='lat' dir='ltr'><strong>idemque</strong></span> <span class='ocrx_word' id='word_1_537' title='bbox 1475 4176 1521 4233; x_wconf 85' lang='lat' dir='ltr'><strong>est</strong></span> <span class='ocrx_word' id='word_1_538' title='bbox 1543 4174 1625 4236; x_wconf 84' lang='lat' dir='ltr'><strong>Deua</strong></span> <span class='ocrx_word' id='word_1_539' title='bbox 1640 4181 1672 4236; x_wconf 88' lang='lat' dir='ltr'><strong>et</strong></span> <span class='ocrx_word' id='word_1_540' title='bbox 1685 4177 1796 4253; x_wconf 77' lang='lat' dir='ltr'><strong>h0m03</strong></span> <span class='ocrx_word' id='word_1_541' title='bbox 1818 4194 1907 4243; x_wconf 79' lang='lat' dir='ltr'><strong>unae</strong></span> 
     </span>
     <span class='ocr_line' id='line_1_43' title="bbox 315 4258 1907 4347; baseline 0.008 -24"><span class='ocrx_word' id='word_1_542' title='bbox 315 4262 384 4339; x_wconf 82' lang='lat' dir='ltr'><strong>tivi,</strong></span> <span class='ocrx_word' id='word_1_543' title='bbox 399 4268 435 4324; x_wconf 92' lang='lat' dir='ltr'><strong>ut</strong></span> <span class='ocrx_word' id='word_1_544' title='bbox 447 4263 599 4340; x_wconf 82' lang='lat' dir='ltr'><strong>signifieat</strong></span> <span class='ocrx_word' id='word_1_545' title='bbox 611 4282 686 4325; x_wconf 88' lang='lat' dir='ltr'><strong>eum</strong></span> <span class='ocrx_word' id='word_1_546' title='bbox 699 4265 754 4344; x_wconf 90' lang='lat' dir='ltr'><strong>qui</strong></span> <span class='ocrx_word' id='word_1_547' title='bbox 774 4271 806 4326; x_wconf 88' lang='lat' dir='ltr'><strong>et</strong></span> <span class='ocrx_word' id='word_1_548' title='bbox 826 4266 892 4345; x_wconf 86' lang='lat' dir='ltr'><strong>ipsa</strong></span> <span class='ocrx_word' id='word_1_549' title='bbox 906 4267 946 4327; x_wconf 85' lang='lat' dir='ltr'><strong>sit</strong></span> <span class='ocrx_word' id='word_1_550' title='bbox 958 4264 1082 4347; x_wconf 84' lang='lat' dir='ltr'><strong>adopti-</strong></span> <span class='ocrx_word' id='word_1_551' title='bbox 1131 4267 1179 4324; x_wconf 83' lang='lat' dir='ltr'><strong>ast</strong></span> <span class='ocrx_word' id='word_1_552' title='bbox 1192 4258 1333 4322; x_wconf 82' lang='lat' dir='ltr'><strong>Christus</strong></span> <span class='ocrx_word' id='word_1_553' title='bbox 1347 4262 1379 4323; x_wconf 93' lang='lat' dir='ltr'><strong>in</strong></span> <span class='ocrx_word' id='word_1_554' title='bbox 1392 4261 1495 4324; x_wconf 85' lang='lat' dir='ltr'><strong>torma</strong></span> <span class='ocrx_word' id='word_1_555' title='bbox 1516 4264 1582 4335; x_wconf 86' lang='lat' dir='ltr'><strong>Dei,</strong></span> <span class='ocrx_word' id='word_1_556' title='bbox 1606 4271 1638 4328; x_wconf 87' lang='lat' dir='ltr'><strong>et</strong></span> <span class='ocrx_word' id='word_1_557' title='bbox 1660 4283 1743 4330; x_wconf 84' lang='lat' dir='ltr'><strong>unus</strong></span> <span class='ocrx_word' id='word_1_558' title='bbox 1760 4269 1907 4336; x_wconf 67' lang='lat' dir='ltr'><strong>chrisum</strong></span> 
     </span>
     <span class='ocr_line' id='line_1_44' title="bbox 313 4352 1907 4441; baseline 0.006 -26"><span class='ocrx_word' id='word_1_559' title='bbox 313 4373 373 4416; x_wconf 83' lang='lat' dir='ltr'><strong>vua</strong></span> <span class='ocrx_word' id='word_1_560' title='bbox 385 4355 478 4416; x_wconf 84' lang='lat' dir='ltr'><strong>iilius.</strong></span> <span class='ocrx_word' id='word_1_561' title='bbox 493 4357 572 4417; x_wconf 85' lang='lat' dir='ltr'><strong>Num</strong></span> <span class='ocrx_word' id='word_1_562' title='bbox 590 4356 617 4416; x_wconf 88' lang='lat' dir='ltr'><strong>ai</strong></span> <span class='ocrx_word' id='word_1_563' title='bbox 630 4355 802 4437; x_wconf 82' lang='lat' dir='ltr'><strong>adoptivam</strong></span> <span class='ocrx_word' id='word_1_564' title='bbox 816 4367 905 4437; x_wconf 73' lang='lat' dir='ltr'><strong>rapat</strong></span> <span class='ocrx_word' id='word_1_565' title='bbox 917 4357 1081 4438; x_wconf 77' lang='lat' dir='ltr'><strong>inteiligas,</strong></span> <span class='ocrx_word' id='word_1_566' title='bbox 1132 4355 1166 4414; x_wconf 90' lang='lat' dir='ltr'><strong>in</strong></span> <span class='ocrx_word' id='word_1_567' title='bbox 1188 4352 1289 4414; x_wconf 83' lang='lat' dir='ltr'><strong>torma</strong></span> <span class='ocrx_word' id='word_1_568' title='bbox 1311 4352 1392 4414; x_wconf 80' lang='lat' dir='ltr'><strong>servi</strong></span> <span class='ocrx_word' id='word_1_569' title='bbox 1414 4372 1421 4414; x_wconf 94' lang='lat'><strong>:</strong></span> <span class='ocrx_word' id='word_1_570' title='bbox 1443 4358 1475 4415; x_wconf 90' lang='lat' dir='ltr'><strong>et</strong></span> <span class='ocrx_word' id='word_1_571' title='bbox 1498 4370 1581 4417; x_wconf 89' lang='lat' dir='ltr'><strong>unus</strong></span> <span class='ocrx_word' id='word_1_572' title='bbox 1607 4357 1747 4421; x_wconf 71' lang='lat' dir='ltr'><strong>Gloriatur</strong></span> <span class='ocrx_word' id='word_1_573' title='bbox 1772 4363 1907 4441; x_wconf 71' lang='lat' dir='ltr'><strong>equalis</strong></span> 
     </span>
     <span class='ocr_line' id='line_1_45' title="bbox 313 4446 1905 4530; baseline 0.004 -22"><span class='ocrx_word' id='word_1_574' title='bbox 313 4453 434 4527; x_wconf 85' lang='lat' dir='ltr'><strong>patrem</strong></span> <span class='ocrx_word' id='word_1_575' title='bbox 446 4448 628 4528; x_wconf 89' lang='lat' dir='ltr'><strong>adoptivum</strong></span> <span class='ocrx_word' id='word_1_576' title='bbox 644 4466 652 4509; x_wconf 82' lang='grc' dir='ltr'><strong>ι</strong></span> <span class='ocrx_word' id='word_1_577' title='bbox 668 4465 733 4510; x_wconf 87' lang='lat' dir='ltr'><strong>non</strong></span> <span class='ocrx_word' id='word_1_578' title='bbox 755 4457 860 4509; x_wconf 88' lang='lat' dir='ltr'><strong>autem</strong></span> <span class='ocrx_word' id='word_1_579' title='bbox 882 4449 1002 4526; x_wconf 87' lang='lat' dir='ltr'><strong>illium;</strong></span> <span class='ocrx_word' id='word_1_580' title='bbox 1018 4466 1083 4512; x_wconf 91' lang='lat' dir='ltr'><strong>non</strong></span> <span class='ocrx_word' id='word_1_581' title='bbox 1132 4447 1226 4518; x_wconf 78' lang='lat' dir='ltr'><strong>Patri,</strong></span> <span class='ocrx_word' id='word_1_582' title='bbox 1240 4450 1272 4506; x_wconf 87' lang='lat' dir='ltr'><strong>et</strong></span> <span class='ocrx_word' id='word_1_583' title='bbox 1284 4462 1367 4505; x_wconf 88' lang='lat' dir='ltr'><strong>unus</strong></span> <span class='ocrx_word' id='word_1_584' title='bbox 1376 4450 1423 4507; x_wconf 87' lang='lat' dir='ltr'><strong>est</strong></span> <span class='ocrx_word' id='word_1_585' title='bbox 1431 4446 1572 4508; x_wconf 76' lang='lat' dir='ltr'><strong>Christus</strong></span> <span class='ocrx_word' id='word_1_586' title='bbox 1580 4449 1686 4511; x_wconf 90' lang='lat' dir='ltr'><strong>minor</strong></span> <span class='ocrx_word' id='word_1_587' title='bbox 1700 4452 1799 4530; x_wconf 85' lang='lat' dir='ltr'><strong>Patre,</strong></span> <span class='ocrx_word' id='word_1_588' title='bbox 1813 4453 1905 4518; x_wconf 84' lang='lat' dir='ltr'><strong>idam</strong></span> 
     </span>
     <span class='ocr_line' id='line_1_46' title="bbox 314 4537 1906 4621; baseline 0.004 -20"><span class='ocrx_word' id='word_1_589' title='bbox 314 4546 359 4601; x_wconf 85' lang='lat' dir='ltr'><strong>ast</strong></span> <span class='ocrx_word' id='word_1_590' title='bbox 377 4540 599 4609; x_wconf 88' lang='lat' dir='ltr'><strong>dubitandum,</strong></span> <span class='ocrx_word' id='word_1_591' title='bbox 622 4541 700 4619; x_wconf 88' lang='lat' dir='ltr'><strong>quin</strong></span> <span class='ocrx_word' id='word_1_592' title='bbox 714 4541 852 4602; x_wconf 82' lang='lat' dir='ltr'><strong>Christus</strong></span> <span class='ocrx_word' id='word_1_593' title='bbox 865 4542 1083 4621; x_wconf 87' lang='lat' dir='ltr'><strong>adoptivorum</strong></span> <span class='ocrx_word' id='word_1_594' title='bbox 1132 4540 1224 4615; x_wconf 86' lang='lat' dir='ltr'><strong>Deus,</strong></span> <span class='ocrx_word' id='word_1_595' title='bbox 1242 4539 1326 4599; x_wconf 89' lang='lat' dir='ltr'><strong>idem</strong></span> <span class='ocrx_word' id='word_1_596' title='bbox 1339 4537 1446 4613; x_wconf 89' lang='lat' dir='ltr'><strong>homo,</strong></span> <span class='ocrx_word' id='word_1_597' title='bbox 1462 4556 1545 4600; x_wconf 86' lang='lat' dir='ltr'><strong>unua</strong></span> <span class='ocrx_word' id='word_1_598' title='bbox 1558 4538 1641 4602; x_wconf 83' lang='lat' dir='ltr'><strong>illiue</strong></span> <span class='ocrx_word' id='word_1_599' title='bbox 1664 4543 1720 4604; x_wconf 78' lang='lat' dir='ltr'><strong>liei</strong></span> <span class='ocrx_word' id='word_1_600' title='bbox 1745 4544 1844 4607; x_wconf 88' lang='lat' dir='ltr'><strong>Patris</strong></span> <span class='ocrx_word' id='word_1_601' title='bbox 1859 4554 1906 4609; x_wconf 84' lang='lat' dir='ltr'><strong>to-</strong></span> 
     </span>
     <span class='ocr_line' id='line_1_47' title="bbox 314 4628 1907 4719; baseline 0.004 -27"><span class='ocrx_word' id='word_1_602' title='bbox 314 4632 451 4694; x_wconf 86' lang='lat' dir='ltr'><strong>iiliorum</strong></span> <span class='ocrx_word' id='word_1_603' title='bbox 466 4632 682 4713; x_wconf 86' lang='lat' dir='ltr'><strong>adoptivussit</strong></span> <span class='ocrx_word' id='word_1_604' title='bbox 695 4637 793 4709; x_wconf 88' lang='lat' dir='ltr'><strong>pater.</strong></span> <span class='ocrx_word' id='word_1_605' title='bbox 817 4628 880 4693; x_wconf 88' lang='lat' dir='ltr'><strong>Nea</strong></span> <span class='ocrx_word' id='word_1_606' title='bbox 893 4633 977 4694; x_wconf 86' lang='lat' dir='ltr'><strong>enim</strong></span> <span class='ocrx_word' id='word_1_607' title='bbox 991 4640 1082 4695; x_wconf 85' lang='lat' dir='ltr'><strong>natu·</strong></span> <span class='ocrx_word' id='word_1_608' title='bbox 1132 4637 1182 4692; x_wconf 86' lang='lat' dir='ltr'><strong>tus</strong></span> <span class='ocrx_word' id='word_1_609' title='bbox 1209 4630 1365 4710; x_wconf 84' lang='lat' dir='ltr'><strong>proprius,</strong></span> <span class='ocrx_word' id='word_1_610' title='bbox 1383 4633 1415 4690; x_wconf 87' lang='lat' dir='ltr'><strong>et</strong></span> <span class='ocrx_word' id='word_1_611' title='bbox 1428 4630 1568 4709; x_wconf 74' lang='lat' dir='ltr'><strong>Virginis</strong></span> <span class='ocrx_word' id='word_1_612' title='bbox 1586 4632 1695 4697; x_wconf 87' lang='lat' dir='ltr'><strong>matris</strong></span> <span class='ocrx_word' id='word_1_613' title='bbox 1716 4640 1800 4698; x_wconf 86' lang='lat' dir='ltr'><strong>totus</strong></span> <span class='ocrx_word' id='word_1_614' title='bbox 1828 4652 1907 4719; x_wconf 88' lang='lat' dir='ltr'><strong>pro·</strong></span> 
     </span>
     <span class='ocr_line' id='line_1_48' title="bbox 314 4722 1260 4804; baseline -0.006 -19"><span class='ocrx_word' id='word_1_615' title='bbox 314 4724 387 4785; x_wconf 87' lang='lat' dir='ltr'><strong>ralis</strong></span> <span class='ocrx_word' id='word_1_616' title='bbox 400 4732 455 4785; x_wconf 80' lang='lat' dir='ltr'><strong>&#39;ast</strong></span> <span class='ocrx_word' id='word_1_617' title='bbox 474 4730 561 4804; x_wconf 89' lang='lat' dir='ltr'><strong>pater</strong></span> <span class='ocrx_word' id='word_1_618' title='bbox 573 4742 640 4785; x_wconf 90' lang='lat' dir='ltr'><strong>non</strong></span> <span class='ocrx_word' id='word_1_619' title='bbox 661 4724 851 4785; x_wconf 85' lang='lat' dir='ltr'><strong>naturalium</strong></span> <span class='ocrx_word' id='word_1_620' title='bbox 863 4723 1011 4786; x_wconf 85' lang='lat' dir='ltr'><strong>filiorum.</strong></span> <span class='ocrx_word' id='word_1_621' title='bbox 1028 4722 1082 4787; x_wconf 81' lang='grc' dir='ltr'>ιιι·</span> <span class='ocrx_word' id='word_1_622' title='bbox 1131 4722 1260 4802; x_wconf 74' lang='lat' dir='ltr'><strong>priua.»</strong></span> 
     </span>
    </p>

    <p class='ocr_par' dir='ltr' id='par_1_5' title="bbox 314 4812 1910 5361">
     <span class='ocr_line' id='line_1_49' title="bbox 314 4812 1909 4896; baseline 0.003 -20"><span class='ocrx_word' id='word_1_623' title='bbox 314 4833 376 4895; x_wconf 87' lang='lat' dir='ltr'><strong>qua</strong></span> <span class='ocrx_word' id='word_1_624' title='bbox 392 4816 453 4876; x_wconf 86' lang='lat' dir='ltr'><strong>hoe</strong></span> <span class='ocrx_word' id='word_1_625' title='bbox 473 4816 566 4876; x_wconf 87' lang='lat' dir='ltr'><strong>modo</strong></span> <span class='ocrx_word' id='word_1_626' title='bbox 580 4820 700 4876; x_wconf 84' lang='lat' dir='ltr'><strong>oonatat</strong></span> <span class='ocrx_word' id='word_1_627' title='bbox 712 4826 878 4896; x_wconf 87' lang='lat' dir='ltr'><strong>responsus</strong></span> <span class='ocrx_word' id='word_1_628' title='bbox 891 4821 1020 4877; x_wconf 87' lang='lat' dir='ltr'><strong>mutuus</strong></span> <span class='ocrx_word' id='word_1_629' title='bbox 1033 4817 1084 4878; x_wconf 81' lang='lat' dir='ltr'><strong>in-</strong></span> <span class='ocrx_word' id='word_1_630' title='bbox 1171 4814 1214 4873; x_wconf 85' lang='lat' dir='ltr'><strong>X.</strong></span> <span class='ocrx_word' id='word_1_631' title='bbox 1238 4813 1365 4873; x_wconf 82' lang='lat' dir='ltr'><strong>Sextum</strong></span> <span class='ocrx_word' id='word_1_632' title='bbox 1380 4812 1494 4874; x_wconf 56' lang='lat' dir='ltr'><strong>&#39;Felicis</strong></span> <span class='ocrx_word' id='word_1_633' title='bbox 1513 4816 1755 4893; x_wconf 74' lang='lat' dir='ltr'><strong>argumentum·</strong></span> <span class='ocrx_word' id='word_1_634' title='bbox 1774 4833 1783 4879; x_wconf 78' lang='grc' dir='ltr'><strong>ι</strong></span> <span class='ocrx_word' id='word_1_635' title='bbox 1809 4821 1909 4885; x_wconf 75' lang='lat' dir='ltr'><strong>aliisi</strong></span> 
     </span>
     <span class='ocr_line' id='line_1_50' title="bbox 314 4904 1909 4987; baseline 0.001 -18"><span class='ocrx_word' id='word_1_636' title='bbox 314 4913 362 4969; x_wconf 85' lang='lat' dir='ltr'><strong>ter</strong></span> <span class='ocrx_word' id='word_1_637' title='bbox 383 4907 446 4969; x_wconf 90' lang='lat' dir='ltr'><strong>duo</strong></span> <span class='ocrx_word' id='word_1_638' title='bbox 469 4907 524 4967; x_wconf 87' lang='lat' dir='ltr'><strong>illu</strong></span> <span class='ocrx_word' id='word_1_639' title='bbox 546 4907 660 4984; x_wconf 84' lang='lat' dir='ltr'><strong>relata,</strong></span> <span class='ocrx_word' id='word_1_640' title='bbox 688 4909 743 4987; x_wconf 92' lang='lat' dir='ltr'><strong>qui</strong></span> <span class='ocrx_word' id='word_1_641' title='bbox 765 4907 891 4987; x_wconf 89' lang='lat' dir='ltr'><strong>quidam</strong></span> <span class='ocrx_word' id='word_1_642' title='bbox 916 4922 955 4968; x_wconf 81' lang='lat' dir='ltr'><strong>er</strong></span> <span class='ocrx_word' id='word_1_643' title='bbox 978 4907 1085 4969; x_wconf 78' lang='lat' dir='ltr'><strong>Felicia</strong></span> <span class='ocrx_word' id='word_1_644' title='bbox 1133 4905 1306 4985; x_wconf 89' lang='lat' dir='ltr'><strong>adoptionis</strong></span> <span class='ocrx_word' id='word_1_645' title='bbox 1326 4921 1443 4965; x_wconf 89' lang='lat' dir='ltr'><strong>nomen</strong></span> <span class='ocrx_word' id='word_1_646' title='bbox 1457 4904 1491 4965; x_wconf 90' lang='lat' dir='ltr'><strong>in</strong></span> <span class='ocrx_word' id='word_1_647' title='bbox 1511 4906 1632 4968; x_wconf 83' lang='lat' dir='ltr'><strong>Christo</strong></span> <span class='ocrx_word' id='word_1_648' title='bbox 1646 4908 1778 4971; x_wconf 80' lang='lat' dir='ltr'><strong>Domina</strong></span> <span class='ocrx_word' id='word_1_649' title='bbox 1791 4927 1909 4975; x_wconf 63' lang='lat' dir='ltr'><strong>noun·</strong></span> 
     </span>
     <span class='ocr_line' id='line_1_51' title="bbox 315 4996 1908 5079; baseline 0.005 -20"><span class='ocrx_word' id='word_1_650' title='bbox 315 4999 459 5060; x_wconf 87' lang='lat' dir='ltr'><strong>instituto</strong></span> <span class='ocrx_word' id='word_1_651' title='bbox 472 4997 603 5060; x_wconf 87' lang='lat' dir='ltr'><strong>minime</strong></span> <span class='ocrx_word' id='word_1_652' title='bbox 616 5000 761 5061; x_wconf 75' lang='lat' dir='ltr'><strong>oohaaaa</strong></span> <span class='ocrx_word' id='word_1_653' title='bbox 777 5000 857 5060; x_wconf 88' lang='lat' dir='ltr'><strong>Utsi</strong></span> <span class='ocrx_word' id='word_1_654' title='bbox 875 4999 944 5077; x_wconf 85' lang='lat' dir='ltr'><strong>quis</strong></span> <span class='ocrx_word' id='word_1_655' title='bbox 958 5004 1085 5060; x_wconf 84' lang='lat' dir='ltr'><strong>natura·-</strong></span> <span class='ocrx_word' id='word_1_656' title='bbox 1133 4998 1209 5059; x_wconf 87' lang='lat' dir='ltr'><strong>dam</strong></span> <span class='ocrx_word' id='word_1_657' title='bbox 1232 5010 1359 5057; x_wconf 77' lang='lat' dir='ltr'><strong>earnem</strong></span> <span class='ocrx_word' id='word_1_658' title='bbox 1392 4996 1475 5057; x_wconf 86' lang='lat' dir='ltr'><strong>olaro</strong></span> <span class='ocrx_word' id='word_1_659' title='bbox 1500 5004 1672 5079; x_wconf 78' lang='lat' dir='ltr'><strong>opertoque</strong></span> <span class='ocrx_word' id='word_1_660' title='bbox 1696 5016 1843 5065; x_wconf 76' lang='lat' dir='ltr'><strong>normano</strong></span> <span class='ocrx_word' id='word_1_661' title='bbox 1870 5007 1908 5068; x_wconf 92' lang='lat' dir='ltr'><strong>in</strong></span> 
     </span>
     <span class='ocr_line' id='line_1_52' title="bbox 314 5089 1907 5173; baseline 0.004 -22"><span class='ocrx_word' id='word_1_662' title='bbox 314 5091 352 5151; x_wconf 89' lang='lat' dir='ltr'><strong>lis</strong></span> <span class='ocrx_word' id='word_1_663' title='bbox 373 5091 456 5151; x_wconf 88' lang='lat' dir='ltr'><strong>filius</strong></span> <span class='ocrx_word' id='word_1_664' title='bbox 478 5091 657 5170; x_wconf 88' lang='lat' dir='ltr'><strong>quempiam</strong></span> <span class='ocrx_word' id='word_1_665' title='bbox 678 5092 818 5170; x_wconf 88' lang='lat' dir='ltr'><strong>adoptet,</strong></span> <span class='ocrx_word' id='word_1_666' title='bbox 844 5108 910 5151; x_wconf 89' lang='lat' dir='ltr'><strong>non</strong></span> <span class='ocrx_word' id='word_1_667' title='bbox 931 5092 1082 5170; x_wconf 86' lang='lat' dir='ltr'><strong>sequitur,</strong></span> <span class='ocrx_word' id='word_1_668' title='bbox 1133 5095 1265 5168; x_wconf 89' lang='lat' dir='ltr'><strong>utroque</strong></span> <span class='ocrx_word' id='word_1_669' title='bbox 1303 5089 1500 5149; x_wconf 87' lang='lat' dir='ltr'><strong>Testamenta</strong></span> <span class='ocrx_word' id='word_1_670' title='bbox 1535 5090 1672 5169; x_wconf 89' lang='lat' dir='ltr'><strong>reperire</strong></span> <span class='ocrx_word' id='word_1_671' title='bbox 1709 5095 1907 5173; x_wconf 81' lang='lat' dir='ltr'><strong>nequimus3</strong></span> 
     </span>
     <span class='ocr_line' id='line_1_53' title="bbox 315 5179 1909 5264; baseline 0.002 -21"><span class='ocrx_word' id='word_1_672' title='bbox 315 5183 415 5264; x_wconf 93' lang='lat' dir='ltr'><strong>qualis</strong></span> <span class='ocrx_word' id='word_1_673' title='bbox 427 5182 574 5243; x_wconf 87' lang='lat' dir='ltr'><strong>hieiilius</strong></span> <span class='ocrx_word' id='word_1_674' title='bbox 588 5182 712 5256; x_wconf 81' lang='lat' dir='ltr'><strong>dieitur,</strong></span> <span class='ocrx_word' id='word_1_675' title='bbox 735 5182 828 5243; x_wconf 89' lang='lat' dir='ltr'><strong>talam</strong></span> <span class='ocrx_word' id='word_1_676' title='bbox 851 5183 995 5255; x_wconf 67' lang='lat' dir='ltr'><strong>etfillum</strong></span> <span class='ocrx_word' id='word_1_677' title='bbox 1018 5198 1083 5243; x_wconf 88' lang='lat' dir='ltr'><strong>esse</strong></span> <span class='ocrx_word' id='word_1_678' title='bbox 1133 5186 1243 5242; x_wconf 80' lang='lat' dir='ltr'><strong>catera</strong></span> <span class='ocrx_word' id='word_1_679' title='bbox 1256 5186 1361 5241; x_wconf 86' lang='lat' dir='ltr'><strong>tamen</strong></span> <span class='ocrx_word' id='word_1_680' title='bbox 1376 5179 1491 5256; x_wconf 86' lang='lat' dir='ltr'><strong>omnia,</strong></span> <span class='ocrx_word' id='word_1_681' title='bbox 1517 5194 1589 5259; x_wconf 86' lang='lat' dir='ltr'><strong>quaa</strong></span> <span class='ocrx_word' id='word_1_682' title='bbox 1613 5182 1789 5263; x_wconf 82' lang='lat' dir='ltr'><strong>adoptionis</strong></span> <span class='ocrx_word' id='word_1_683' title='bbox 1808 5189 1909 5253; x_wconf 81' lang='lat' dir='ltr'><strong>verbo</strong></span> 
     </span>
     <span class='ocr_line' id='line_1_54' title="bbox 314 5270 1910 5361; baseline 0.004 -27"><span class='ocrx_word' id='word_1_684' title='bbox 314 5274 411 5354; x_wconf 84' lang='lat' dir='ltr'><strong>patria</strong></span> <span class='ocrx_word' id='word_1_685' title='bbox 425 5272 544 5348; x_wconf 84' lang='lat' dir='ltr'><strong>tilium,</strong></span> <span class='ocrx_word' id='word_1_686' title='bbox 567 5275 627 5336; x_wconf 86' lang='lat' dir='ltr'><strong>hoo</strong></span> <span class='ocrx_word' id='word_1_687' title='bbox 648 5280 694 5335; x_wconf 86' lang='lat' dir='ltr'><strong>est</strong></span> <span class='ocrx_word' id='word_1_688' title='bbox 714 5274 906 5354; x_wconf 91' lang='lat' dir='ltr'><strong>adoptivum.</strong></span> <span class='ocrx_word' id='word_1_689' title='bbox 937 5275 1084 5353; x_wconf 85' lang='lat' dir='ltr'><strong>Sequitur</strong></span> <span class='ocrx_word' id='word_1_690' title='bbox 1134 5272 1385 5348; x_wconf 65' lang='lat' dir='ltr'><strong>conveniuntur</strong></span> <span class='ocrx_word' id='word_1_691' title='bbox 1397 5270 1508 5332; x_wconf 87' lang='lat' dir='ltr'><strong>divinia</strong></span> <span class='ocrx_word' id='word_1_692' title='bbox 1519 5271 1608 5333; x_wconf 74' lang='lat' dir='ltr'><strong>lituis</strong></span> <span class='ocrx_word' id='word_1_693' title='bbox 1621 5276 1793 5355; x_wconf 75' lang='lat' dir='ltr'><strong>perspicue,</strong></span> <span class='ocrx_word' id='word_1_694' title='bbox 1811 5287 1910 5361; x_wconf 87' lang='lat' dir='ltr'><strong>atque</strong></span> 
     </span>
    </p>
   </div>
   <div class='ocr_carea' id='block_1_5' title="bbox 343 5471 1878 5534">
    <p class='ocr_par' dir='ltr' id='par_1_6' title="bbox 343 5471 1878 5534">
     <span class='ocr_line' id='line_1_55' title="bbox 343 5471 1878 5534; baseline 0.003 -11"><span class='ocrx_word' id='word_1_695' title='bbox 343 5480 353 5523; x_wconf 87' lang='lat' dir='ltr'><strong>l</strong></span> <span class='ocrx_word' id='word_1_696' title='bbox 367 5478 432 5534; x_wconf 79' lang='lat' dir='ltr'><strong>apua</strong></span> <span class='ocrx_word' id='word_1_697' title='bbox 441 5478 502 5523; x_wconf 77' lang='lat' dir='ltr'><strong>Paul.</strong></span> <span class='ocrx_word' id='word_1_698' title='bbox 514 5477 538 5521; x_wconf 86' lang='lat' dir='ltr'><strong>in</strong></span> <span class='ocrx_word' id='word_1_699' title='bbox 552 5474 614 5520; x_wconf 75' lang='lat' dir='ltr'><strong>aulea</strong></span> <span class='ocrx_word' id='word_1_700' title='bbox 626 5484 685 5529; x_wconf 76' lang='lat' dir='ltr'><strong>oper.</strong></span> <span class='ocrx_word' id='word_1_701' title='bbox 697 5473 815 5517; x_wconf 65' lang='lat' dir='ltr'><strong>dian-d</strong></span> <span class='ocrx_word' id='word_1_702' title='bbox 826 5473 871 5519; x_wconf 81' lang='lat' dir='ltr'><strong>ill.</strong></span> <span class='ocrx_word' id='word_1_703' title='bbox 880 5474 900 5519; x_wconf 88' lang='lat' dir='ltr'><strong>ll</strong></span> <span class='ocrx_word' id='word_1_704' title='bbox 909 5478 967 5521; x_wconf 75' lang='lat' dir='ltr'><strong>teat.</strong></span> <span class='ocrx_word' id='word_1_705' title='bbox 980 5475 1079 5520; x_wconf 74' lang='lat' dir='ltr'><strong>rat-a</strong></span> <span class='ocrx_word' id='word_1_706' title='bbox 1090 5474 1099 5518; x_wconf 90' lang='lat' dir='ltr'><strong>l</strong></span> <span class='ocrx_word' id='word_1_707' title='bbox 1109 5475 1159 5520; x_wconf 75' lang='lat' dir='ltr'><strong>Gor.</strong></span> <span class='ocrx_word' id='word_1_708' title='bbox 1170 5485 1229 5518; x_wconf 64' lang='grc' dir='ltr'><strong>ιι-</strong></span> <span class='ocrx_word' id='word_1_709' title='bbox 1242 5473 1256 5516; x_wconf 82' lang='lat' dir='ltr'><strong>l</strong></span> <span class='ocrx_word' id='word_1_710' title='bbox 1267 5472 1330 5520; x_wconf 73' lang='lat' dir='ltr'><strong>dieii.</strong></span> <span class='ocrx_word' id='word_1_711' title='bbox 1343 5472 1359 5517; x_wconf 90' lang='grc' dir='ltr'><strong>Ι.</strong></span> <span class='ocrx_word' id='word_1_712' title='bbox 1367 5471 1398 5516; x_wconf 89' lang='lat' dir='ltr'><strong>lll</strong></span> <span class='ocrx_word' id='word_1_713' title='bbox 1409 5474 1520 5521; x_wconf 63' lang='lat' dir='ltr'><strong>miti.</strong></span> <span class='ocrx_word' id='word_1_714' title='bbox 1532 5473 1577 5518; x_wconf 71' lang='lat'><strong>0010</strong></span> <span class='ocrx_word' id='word_1_715' title='bbox 1585 5471 1664 5519; x_wconf 58' lang='lat'><strong>⁸2·-</strong></span> <span class='ocrx_word' id='word_1_716' title='bbox 1673 5474 1688 5520; x_wconf 74' lang='grc'>1</span> <span class='ocrx_word' id='word_1_717' title='bbox 1698 5475 1762 5532; x_wconf 62' lang='grc' dir='ltr'><strong>ΔΝ</strong></span> <span class='ocrx_word' id='word_1_718' title='bbox 1769 5476 1878 5527; x_wconf 65' lang='grc' dir='ltr'><strong>ΔΚΜ.</strong></span> 
     </span>
    </p>
   </div>
   <div class='ocr_carea' id='block_1_6' title="bbox 0 0 2018 6130">
    <p class='ocr_par' dir='ltr' id='par_1_7' title="bbox 0 0 2018 6130">
     <span class='ocr_line' id='line_1_56' title="bbox 0 0 2018 6130; baseline 0 0"><span class='ocrx_word' id='word_1_719' title='bbox 0 0 2018 6130; x_wconf 95' lang='lat' dir='ltr'><strong> </strong></span> 
     </span>
    </p>
   </div>
  </div>
 </body>
</html>
