3990 6130
268 202 327 268 tus
774 194 1101 265 runomaicosuti
1121 193 1344 265 uotua’nnt

268 374 360 431 meat.
387 370 507 431 ilerum
533 370 618 432 enim
640 370 680 430 sd
707 384 800 431 nsum
827 368 1036 430 necessarium
1088 367 1424 447 potestatissubjioiant
1441 366 1478 427 ad
1499 356 1706 426 obediendum
1719 357 1871 440 pruden-

268 460 396 521 robusta
421 458 513 537 iacit,
538 466 569 522 et
592 460 724 522 valida:
754 460 881 521 illorum
908 464 1035 533 autem,
1088 460 1228 535 tioribus,
1250 467 1282 521 et
1299 458 1532 538 obsequendum
1549 455 1678 534 iegibus.
1704 447 1873 531 Imposuit

270 558 381 629 erecta,
398 552 428 613 et
440 552 479 614 ad
494 553 571 613 tales
591 569 701 633 operas
723 553 829 613 minua
854 552 963 627 utilia3
984 552 1039 613 sed
1088 546 1182 628 igitur
1198 550 1355 633 insipienti
1368 552 1453 613 velut
1463 548 1615 611 indomito
1625 547 1750 625 jugum,
1765 548 1805 603 et
1815 537 1873 601 cui

269 644 310 704 ad
323 645 418 705 vitam
433 644 554 706 civilem
568 645 812 705 accommodata.
1088 644 1122 705 in
1144 644 1247 723 gladio
1265 661 1322 705 suo
1343 643 1512 705 vivendum
1535 641 1663 713 dixerat,
1678 637 1874 698 libertatem

311 738 390 815 baga
402 742 507 798 autem
518 735 695 798 introducta
711 737 840 797 servitus
858 742 914 807 est,
932 754 948 794 a
968 752 1040 815 quas
1090 737 1227 813 negarit,
1245 755 1284 798 ne
1294 737 1467 798 temeritate
1480 734 1635 796 laberetur
1650 748 1658 790 ε
1676 724 1825 810 proiecit
1842 723 1875 785 ei

272 847 312 890 ex
327 835 416 908 pacto
439 829 575 908 quodam
598 833 630 890 et
651 844 803 890 conmusn
827 827 1039 907 proficiscitur,
1089 820 1779 908 tratrem,eujusauctotitateatmoderationa
1793 817 1876 879 sub·

273 939 336 1001 quo
355 939 409 997 ea,
432 937 502 1000 quaa
526 920 607 981 bello
632 926 833 1001 captarunt,
857 938 968 982 eorum
986 922 1042 1000 qui
1086 920 1187 999 jactus
1200 920 1363 1002 proficeret
1376 921 1416 981 ad
1430 919 1693 980 conversionem»

273 1018 422 1093 oeperunt
435 1030 500 1074 esse
514 1013 660 1074 dicuntur
668 1023 694 1074 ⁰.
717 1032 733 1071 n
1132 1012 1292 1074 ldemfare
1306 1012 1436 1073 Basilius
1448 1012 1543 1072 babet
1554 1011 1588 1070 in
1600 1009 1699 1088 caplte
1709 1003 1876 1066 vicesimo

118 1121 237 1166 arvitus
314 1104 382 1164 VII.
409 1103 522 1164 Insunt
550 1104 646 1183 igitur
672 1104 707 1164 in
733 1113 847 1165 natura
877 1104 1042 1166 hominum
1092 1105 1166 1165 libri
1183 1103 1219 1165 de
1235 1103 1359 1185 Spiritu
1380 1107 1481 1165 sonem
1496 1146 1504 1178 ‚
1520 1109 1551 1163 et
1574 1100 1662 1162 istius
1679 1095 1876 1159 nscessmioe

105 1173 250 1272 1111113111·
275 1196 420 1274 quaedmu
438 1195 558 1256 semina
575 1195 793 1257 dammationis
813 1203 844 1257 et
862 1196 1041 1258 servitutis:
1093 1196 1384 1258 servitutiscauaam
1397 1195 1557 1257 bisrerbIs
1571 1192 1724 1274 explicat:
1746 1206 1764 1248 c
1785 1189 1878 1249 Nam

129 1282 230 1334 anacim
277 1288 427 1368 quoniam
440 1287 583 1348 nonnulli
602 1290 644 1348 ita
666 1293 753 1349 vasto
771 1293 860 1365 sunt,
881 1292 913 1349 et
932 1290 1046 1365 agresti
1094 1290 1149 1369 qui
1172 1306 1236 1368 praa
1258 1290 1364 1369 inopia
1384 1288 1476 1349 bone
1497 1286 1623 1362 mentis,
1639 1291 1670 1346 ot
1686 1280 1878 1364 prudentiis

125 1334 235 1431 'iiiia'
277 1381 414 1460 iugenio,
431 1379 566 1440 utnulla
581 1379 892 1460 cultn,aedsciptina
908 1380 1042 1456 tractari,
1094 1398 1159 1441 non
1178 1382 1238 1442 boc
1258 1381 1352 1441 habet
1370 1380 1405 1440 in
1425 1398 1468 1453 se,
1484 1380 1565 1459 quod
1591 1383 1700 1438 natura
1715 1375 1877 1454 imperat,

142 1440 218 1488 Μ
247 1462 309 1534 'et
335 1489 550 1533 mansuescere
577 1472 697 1551 possint
726 1490 733 1530 :
763 1471 817 1532 alii
843 1490 861 1533 e
888 1473 1045 1534 contrario
1094 1474 1179 1534 hunc
1194 1474 1228 1533 iu
1245 1472 1372 1533 alterius
1387 1490 1453 1532 esse
1471 1472 1644 1551 possesione
1659 1467 1761 1547 magis
1776 1478 1880 1544 expe-

277 1565 466 1644 hujusmodi,
482 1569 518 1624 ut
537 1563 576 1624 ad
591 1563 689 1624 animi
707 1564 808 1632 decus,
831 1570 862 1625 et
880 1565 1044 1644 ingenuan,
1096 1565 1151 1638 dt,
1166 1571 1202 1624 ut
1221 1565 1297 1625 dum
1318 1564 1500 1643 imperantis
1520 1564 1659 1636 ratione,
1685 1565 1716 1621 et
1736 1556 1879 1619 consilio

278 1672 314 1718 aa
327 1656 447 1717 liberali
459 1655 563 1716 indole
583 1657 691 1734 dignas
714 1661 805 1730 artes,
822 1656 969 1735 atquead
982 1657 1046 1717 vir·
1096 1658 1228 1735 regItur,
1246 1656 1355 1716 similis
1373 1655 1411 1715 stt
1424 1655 1544 1730 currui,
1560 1654 1614 1733 qui
1628 1652 1773 1731 aurigam
1788 1664 1882 1711 raes·

278 1753 396 1823 tutem,
425 1754 455 1809 et
482 1748 666 1826 sapiendam
705 1748 977 1826 comparandam:
1012 1766 1049 1811 aa
1096 1749 1153 1828 pit,
1177 1747 1226 1808 vei
1246 1749 1334 1822 navi,
1360 1760 1431 1826 quae
1450 1747 1692 1825 gubernatorem
1710 1742 1817 1803 habet
1839 1741 1881 1802 ad

280 1841 414 1918 denique
438 1838 478 1899 ad
506 1856 629 1899 summa
652 1856 800 1919 qusque,
826 1842 858 1901 et
885 1841 1049 1917 magnifica
1097 1842 1220 1902 clavum
1239 1840 1409 1901 sedentem.
1430 1841 1598 1919 Propterea
1615 1837 1754 1899 Jacnbus
1773 1836 1884 1897 domi-

280 1933 352 1994 iscti
379 1950 398 1992 a
430 1936 542 1991 natura
576 1949 643 1992 esse
667 1931 844 1992 videantur.
874 1933 1050 1994 Deteriores
1097 1948 1159 1995 nus
1179 1930 1260 1992 Esau
1280 1949 1319 1992 ex
1338 1937 1464 2008 paterna
1478 1930 1692 1992 benedictione
1705 1929 1755 2003 fit,
1772 1932 1814 1989 ut
1828 1927 1884 1988 vel

281 2029 387 2086 autem
400 2022 604 2099 melioribus,
622 2029 654 2084 et
668 2024 857 2103 sapientibus
869 2025 1050 2104 insipientes
1098 2026 1257 2086 invitusa
1285 2020 1422 2103 sapienta
1442 2020 1628 2084 beneficium
1653 2026 1782 2102 eaperet
1804 2020 1885 2081 Insi-

281 2116 369 2196 quasi
383 2115 540 2196 mancipio
562 2121 593 2176 et
612 2133 697 2177 nexu
715 2115 877 2195 obligatos,
894 2126 925 2178 ct
945 2116 1049 2178 addie-
1100 2118 1198 2197 piens,
1214 2110 1269 2197 qui
1282 2121 1417 2195 recurre,
1434 2130 1470 2176 ac
1488 2120 1628 2176 curatore
1641 2113 1773 2193 proprio
1787 2128 1883 2174 care·

282 2214 460 2269 tornatura
479 2209 549 2286 ipsa
565 2208 713 2284 tradidIt;
730 2225 795 2268 uon
809 2215 916 2269 tamen
928 2224 1048 2282 comm,
1100 2210 1165 2285 bat,
1186 2210 1218 2270 id
1236 2215 1283 2270 est
1302 2212 1407 2270 mente
1422 2226 1430 2268 ι
1447 2213 1478 2268 et
1496 2207 1642 2267 Chanmu
1660 2204 1744 2265 fliius
1766 2218 1885 2265 servus

284 2301 338 2379 qui
362 2301 500 2379 prasini,
525 2299 700 2376 commodo,
726 2317 820 2379 quam
843 2317 1051 2380 eorumquae
1102 2298 1291 2362 estbatrnm
1310 2314 1454 2375 suorum;
1474 2299 1624 2378 quoniam
1638 2292 1787 2359 indocilis
1810 2303 1885 2358 erat

284 2391 345 2451 illis
365 2391 517 2469 regendos
532 2390 618 2451 velut
639 2390 783 2452 manibus
803 2392 867 2452 suis
879 2391 1053 2453 cummunis
1103 2395 1141 2454 ad
1163 2394 1323 2466 amntem,
1344 2408 1381 2453 eo
1399 2392 1484 2472 quod
1502 2390 1730 2471 imprudentem
1748 2396 1885 2469 patrem

285 2482 337 2544 illa
351 2500 463 2563 parens
477 2483 640 2543 cnmmIsit.
658 2484 787 2562 Egregie
801 2485 860 2544 hoo
873 2484 1054 2546 Ambrosius
1103 2487 1228 2546 sortitus
1241 2491 1307 2546 erat
1322 2486 1486 2546 chamum.
1500 2482 1512 2521 ⁵
1529 2502 1546 2542 n

285 2577 320 2635 in
342 2593 379 2636 eo
396 2574 476 2647 loco,
493 2590 587 2653 quem
617 2574 709 2654 paulo
733 2581 805 2637 ante
823 2577 999 2638 notavimus
1016 2577 1054 2638 iis
1143 2576 1226 2638 VIII.
1255 2578 1315 2639 Sed
1334 2576 1545 2651 haecomnia,
1568 2590 1638 2655 qum
1663 2574 1702 2635 de
1721 2573 1886 2634 servitute
1939 2615 1978 2638 .-

286 2667 388 2729 verbis
410 2667 565 2745 explanat,
578 2685 648 2746 quas
670 2667 721 2728 hic
744 2667 874 2730 omnino
897 2667 959 2747 legi
978 2669 1056 2729 inte·
1103 2670 1264 2748 hucusque
1277 2669 1426 2744 diximus,
1443 2668 1573 2747 pulchre
1586 2665 1888 2745 Augustinusoom·
1918 2649 1993 2695 ¹³⁴¹*

286 2764 372 2820 rest:
388 2758 443 2818 ubi
457 2759 494 2819 de
506 2759 633 2832 Iacobo,
644 2764 681 2819 et
689 2761 771 2820 Esau
784 2758 933 2838 loquitur.
956 2779 971 2818 n
1105 2761 1214 2841 plexus
1227 2767 1273 2821 ast
1290 2760 1461 2839 questione
1470 2772 1542 2819 euru
1559 2757 1592 2819 in
1607 2756 1762 2821 Genesim:
1777 2774 1887 2836 quam

137 2883 251 2928 mm„
329 2849 466 2929 Denique
479 2855 566 2928 pater
579 2850 661 2927 pius,
673 2851 777 2930 iuquit
786 2850 807 2925 ¹,
820 2851 872 2930 qui
885 2853 967 2913 inter
980 2852 1056 2913 dnos
1105 2846 1209 2913 ionum
1223 2871 1287 2913 non
1301 2848 1412 2913 inutile
1425 2852 1464 2911 sit
1476 2848 1527 2911 hic
1539 2851 1717 2930 adjungere.
1738 2868 1756 2907 a
1778 2848 1889 2909 Com·

135 2936 246 3035 Ᾰῖζξζιζξῑῑ
288 2941 491 3003 fiiiosaffeetu
504 2943 856 3022 certaretpatcrn03sed
869 2945 1058 3023 discreparet
1106 2944 1271 3004 mandatur
1293 2944 1328 3002 iu
1346 2943 1538 3022 patriarchis,
1556 2941 1670 3021 inquit,
1687 2940 1773 3020 quod
1785 2956 1891 3020 pocu-

285 3033 550 3114 judicioiaffectus
568 3034 653 3095 enim
672 3035 891 3096 necessitudini
909 3036 1056 3113 defertur,
1107 3053 1179 3096 rum
1205 3036 1375 3096 nutritores
1397 3041 1484 3095 erant
1503 3052 1523 3094 a
1540 3034 1673 3113 pueritia
1697 3046 1774 3107 aua,
1806 3035 1847 3093 et
1869 3049 1892 3092 a

290 3125 408 3186 maritis
418 3125 834 3205 autemjudiciaformantur)
853 3145 924 3188 cum
941 3129 1058 3189 divide·
1108 3128 1287 3208 parentibus
1301 3127 1374 3187 suia.
1391 3128 1431 3187 Et
1444 3127 1566 3198 merito,
1581 3140 1656 3186 nam
1667 3125 1734 3185 baec
1747 3128 1799 3185 est
1815 3126 1892 3185 sine

290 3220 339 3277 ret
358 3217 446 3277 alieri
462 3218 606 3295 gratiam,
622 3217 712 3278 alteri
725 3218 987 3280 misericordiam:
1010 3236 1058 3280 sa·
1108 3221 1173 3281 ulla
1181 3220 1373 3280 dubitatione
1388 3219 1473 3298 juata
1486 3219 1627 3294 servitus,
1643 3217 1762 3296 etjusta
1775 3217 1890 3278 domi-

291 3309 388 3387 pianti
400 3309 543 3388 gratiam,
554 3309 711 3389 insipIenti
720 3310 974 3380 misericordiam.
985 3312 1060 3390 quia
1108 3313 1211 3387 nabo,
1228 3322 1300 3371 cum
1314 3322 1425 3390 pecora
1437 3308 1558 3371 bomini
1571 3306 1720 3381 serviunt,
1736 3312 1771 3368 st
1781 3306 1893 3371 bomo

291 3401 1061 3483 advirtutemsepropriisviribuserigerenoupote
1110 3403 1273 3483 pecoribus
1294 3402 1484 3462 dominatur.
1506 3402 1556 3463 Sic
1575 3401 1660 3462 enim
1681 3400 1803 3461 diettrm
1829 3409 1893 3479 est,

291 3500 356 3568 rat,
366 3500 641 3573 necspontaneum
652 3510 793 3573 gressum
805 3495 956 3569 attollere,
966 3497 1062 3557 bene-
1105 3504 1182 3556 'eum
1196 3500 1353 3555 cremetur
1370 3510 1377 3554 r
1393 3493 1543 3572 satiamus
1557 3491 1703 3554 bominem
1717 3490 1758 3554 ad
1769 3492 1896 3574 imagi-

292 3585 463 3661 dixiteum,
478 3591 514 3644 ut
523 3586 652 3646 serviret
663 3586 751 3646 fratri
761 3602 829 3661 suo,
837 3594 869 3648 et
879 3592 958 3648 esset
964 3588 1063 3667 ipsius
1110 3602 1188 3662 nem,
1200 3593 1227 3647 et
1239 3583 1463 3646 similitudinem
1473 3582 1775 3659 nostrumdabam
1787 3590 1895 3663 potet·

293 3694 415 3751 servus3
428 3676 593 3736 ostendeus
601 3676 644 3736 ita
655 3676 839 3739 deteriorem
847 3676 1063 3758 essclnsipien-
1112 3686 1202 3740 tatem
1221 3676 1351 3757 pissima
1374 3675 1480 3753 morri,
1507 3683 1537 3737 et
1556 3675 1728 3737 volatilium
1749 3673 1836 3749 soli,
1865 3682 1896 3738 et

293 3767 380 3839 tiam,
399 3773 435 3827 nt
452 3766 590 3827 remedio
613 3765 641 3827 ei
656 3768 787 3828 servitus
801 3769 850 3841 sit,
865 3769 937 3848 quin
952 3770 1064 3831 stultus
1111 3774 1240 3831 omnium
1255 3784 1404 3849 pecorum,
1421 3782 1488 3848 ques
1500 3775 1569 3828 sunt
1580 3774 1805 3849 superterram.
1828 3768 1897 3829 Ubi

294 3876 402 3937 regere
415 3876 448 3918 se
461 3864 687 3937 nonpotest,et
700 3859 1063 3922 nisimndcratoremha-
1101 3861 1301 3937 insinuatur,
1322 3861 1477 3920 rationem
1494 3860 1607 3920 debers
1628 3856 1785 3920 dominari
1810 3859 1899 3921 trra·

295 3949 375 4027 beat,
392 3949 601 4029 praecipitatur
609 3952 743 4030 propriis
751 3952 975 4014 voluntatibus.
988 3953 1064 4015 Dili-
1112 3952 1254 4014 tinnabili
1287 3947 1371 4012 vitai.
1411 3951 1544 4012 servum
1575 3957 1681 4012 autem
1720 3946 1899 4015 hominem

294 4042 1063 4122 gensargcpater,etconfidebaseruumeumira·
1112 4045 1234 4105 homini
1246 4044 1296 4105 vel
1308 4042 1532 4123 iniquitas,vai
1544 4043 1714 4105 adversitas
1727 4043 1900 4105 dominari

294 4136 351 4195 tris
364 4134 511 4206 suifecit,
528 4137 564 4193 ut
580 4134 645 4213 ejus
658 4142 818 4214 regeretur
835 4138 975 4198 oonsilio.
992 4138 1064 4199 ideo
1113 4137 1191 4198 iecit.
1219 4135 1370 4215 Iniquitas
1393 4136 1537 4215 quidem,
1560 4136 1640 4197 siout
1660 4134 1779 4197 dictum
1802 4141 1860 4196 est
1886 4155 1896 4196 :

295 4225 478 4286 inconsultis
504 4227 626 4305 popubs
653 4229 807 4306 sapientes
830 4230 946 4308 quique
974 4228 1064 4290 adbi-
1113 4227 1284 4289 metuntur
1299 4224 1441 4289 Cdnnoan
1456 4229 1516 4288 erit
1535 4242 1634 4290 suana
1652 4224 1800 4308 fictitius
1813 4228 1898 4288 suis.

295 4318 410 4378 benum
433 4322 582 4393 recurres,
604 4319 656 4397 qui
681 4318 834 4398 plebeiam
856 4318 1065 4399 insipientiam
1113 4320 1289 4381 diversitas
1300 4334 1386 4391 uero,
1402 4319 1483 4380 sieut
1497 4318 1608 4381 accidit
1623 4314 1681 4399 ipsi
1699 4318 1839 4398 Ioseph,
1857 4325 1899 4379 ut

294 4412 401 4489 rigore
425 4411 550 4489 proprio
579 4418 710 4489 regant,
741 4418 777 4472 ut
803 4415 950 4491 potentia
964 4413 1065 4493 specie
1114 4413 1258 4473 venditus
1272 4428 1290 4472 a
1304 4406 1451 4472 lintribus
1469 4424 1576 4472 seruus
1588 4406 1771 4490 alienigenas
1784 4410 1898 4474 fieret.

296 4502 497 4563 dominentur
526 4521 534 4563 z
563 4519 626 4582 quo
650 4503 700 4564 tel
731 4504 865 4595 invitos⁸
885 4507 1067 4566 auctoritate
1114 4506 1219 4584 ltaque
1232 4500 1719 4585 primossarvos,quIbnsnnman
1733 4505 1767 4564 in
1777 4500 1900 4566 Latina

332 4694 354 4733 a
371 4679 413 4735 id.
430 4695 491 4750 cupi
508 4678 638 4736 t1.''Ecu
647 4681 695 4752 γάρ
707 4697 744 4742 τις
752 4679 815 4734 κατὰ
825 4681 901 4752 νόμον
915 4683 1014 4747 δοῦλος,
1024 4682 1065 4735 ael
1114 4682 1195 4754 πλο1ῳ
1216 4681 1363 4753 αυὸερνήτην
1388 4681 1471 4755 ἔχοντι
1490 4679 1529 4734 bd
1558 4681 1648 4734 nititur
1670 4681 1819 4753 καθήμπον.
1853 4681 1901 4735 διὰ

295 4761 513 4834 buchinudgip
524 4764 598 4834 νόμος
611 4758 734 4835 ὁμολογ1α
749 4763 786 4825 τίς
797 4761 874 4829 ἔστιν,
890 4759 945 4835 1νῷ
959 4763 990 4817 τὰ
1003 4763 1066 4818 κατὰ
1114 4768 1188 4819 τοῦτο
1208 4764 1395 4837 'immisimus
1415 4762 1712 4836 Ἠααΰίκτῆςεῦλογ1ας
1726 4764 1899 4837 τοῦπατρὸς,
1931 4784 1945 4805 ·

297 4844 405 4916 πόλεμον
418 4844 572 4916 κρατούμενα
581 4851 630 4899 τῶν
644 4846 797 4918 κρατούντων
812 4842 874 4899 aiunl
884 4859 952 4917 pati.
1113 4848 1156 4901 ἵνα
1165 4847 1251 4919 salpi
1267 4848 1426 4919 βουλόμενος,
1440 4846 1561 4919 solut
1570 4847 1689 4919 pputlpoc
1704 4845 1867 4917 αὖιργαῐῆταα
1882 4848 1901 4903 ὁ

334 4926 351 4982 b
370 4927 455 4981 Basti.
474 4926 521 4979 Tu
533 4925 580 4998 γὰρ
596 4927 629 4980 δι’
643 4927 734 4981 initias
749 4933 793 4984 τοῦ
807 4931 905 5001 φρονεῖν
915 4927 960 4983 οὒκ
975 4928 1068 5002 ἔχοντα
1116 4929 1210 5001 ispius,
1234 4929 1278 4984 aia
1302 4929 1369 5004 ἔχων
1390 4930 1432 4984 τὸν
1447 4929 1536 4983 οἰκεῖον
1556 4930 1679 5001 sabaudia
1699 4928 1742 4982 dn
1761 4923 1832 4982 ναῦν.
1850 4930 1900 4984 καὶ

298 5009 323 5062 ἐν
342 5008 422 5081 ἑαυτῷ
439 5007 469 5061 τὸ
483 5006 546 5061 κατὰ
568 5008 638 5080 φύσιν
662 5012 751 5084 ἄρχον,
770 5015 856 5065 τοῦτον
879 5011 963 5083 ἐτὶρου
985 5015 1068 5083 κτῆμα
1115 5012 1214 5066 Χαναὰν
1239 5017 1298 5074 παῖς
1315 5012 1408 5080 olitana
1421 5011 1473 5067 1ατ1
1487 5014 1541 5076 τοῖς
1566 5012 1680 5083 ἀδελφαὶ
1702 5009 1789 5077 drot,
1803 5007 1898 5080 ἔπειδή

297 5091 408 5164 γενίσθαι
419 5090 619 5163 λυσιτελέστερον
633 5093 675 5145 ἵνα
688 5100 725 5166 τῷ
738 5098 781 5149 τοῦ
796 5100 943 5165 κρατοῦντος
952 5095 1067 5166 λογισμῷ
1116 5094 1245 5157 ἀδίδακτος
1263 5099 1308 5162 τῆς
1328 5095 1415 5167 ἁμῆς
1433 5092 1482 5163 ἦν,
1502 5093 1619 5149 Mamor
1644 5093 1710 5167 ἔχων
1730 5094 1773 5148 τὸν
1799 5092 1898 5149 tuus&

298 5174 491 5244 διευθυνόμενος,
501 5168 611 5246 ligaturi
629 5176 719 5247 ἅρματι
736 5176 838 5250 baiogas
856 5178 1012 5241 avetauet«,
1027 5177 1067 5231 tat
1115 5179 1208 5251 πατίρα
1220 5179 1263 5233 τὸν
1274 5178 1344 5250 xtra

326 5335 336 5376 I
350 5332 452 5382 Amisos.
464 5333 491 5379 tn
503 5336 540 5380 Pa.
554 5346 590 5379 arr
599 5335 629 5381 ad
642 5337 719 5390 Μ,
