4104 6160
575 272 626 333 DE
645 268 947 345 mutuantibus,
969 268 1044 330 ΠΒ.
1066 269 1126 347 vl,
1147 268 1233 332 CAP.
1255 269 1340 330 XIII.
1713 264 1752 325 ’Π

167 454 263 518 quam
285 437 352 499 sola
374 437 504 513 ratione,
530 445 562 498 ct
586 443 680 516 ἐπινοίᾳ
706 441 847 496 constare
874 452 939 495 non
989 435 1090 511 ipsum
1099 436 1233 514 estquod
1241 435 1383 510 Basilius,
1394 440 1426 496 et
1436 435 1576 529 Procius,
1591 436 1756 517 casumque

169 528 254 589 solus
267 529 403 609 Cyl-illus
424 530 549 591 docuit:
574 528 627 590 sed
650 528 825 608 complures
845 527 940 588 ctiam
990 544 1098 588 omnes
1110 534 1261 600 asserunt,
1278 529 1390 588 nonin
1406 546 1440 588 re
1455 527 1758 609 illarumessesepa·

170 627 321 681 veterum.
346 622 476 682 Basilius
502 629 583 682 certe
601 621 634 681 in
654 621 734 680 libro
754 626 864 700 quarto
884 619 940 680 ud·
989 618 1161 695 rationem;
1180 621 1222 680 ite
1233 631 1269 680 ut
1286 620 1348 681 duo
1368 620 1497 681 seorsim
1512 620 1710 696 cohaerentia,
1727 625 1759 681 et

171 730 270 773 cerrus
282 712 483 789 Eunomr'um,
505 713 608 773 locum
629 712 719 772 illum
741 718 940 791 pertractans,
991 710 1186 773 consistentia
1200 711 1262 772 dici
1275 718 1410 791 queant:
1432 713 1485 773 sed
1505 712 1538 773 in
1558 712 1623 773 sola
1646 712 1759 774 mentis

170 803 318 865 Domim
340 805 455 865 meavit
475 823 531 880 me,
554 805 673 879 asserit,
691 803 853 884 generandi
874 821 944 864 ver·
991 802 1176 879 cogitatione
1186 806 1314 865 versari.

171 895 260 967 bum,
278 896 318 956 ad
333 898 386 957 Dei
399 897 499 957 lilium
511 896 711 958 referendum
725 914 809 956 esse:
824 894 944 957 meandi
1032 895 1074 953 X.
1091 896 1215 958 Atenim
1229 918 1243 953 a
1258 896 1284 956 si
1295 897 1427 976 Cyrillus
1438 897 1551 959 alicubi
1564 906 1660 979 ponat
1673 900 1760 960 diffe-

171 1005 245 1047 uero
255 987 296 1047 ad
310 1006 396 1061 eum,
412 989 466 1067 qui
480 987 845 1067 servitormamaccepit.
862 989 943 1047 Tum
992 987 1125 1047 rentiam
1143 988 1256 1049 realem
1281 996 1482 1063 naturarum,
1503 991 1758 1072 aitdnonymus,

172 1079 280 1139 addit:
301 1101 318 1136 ο
341 1081 379 1139 ln
402 1080 548 1141 omnibus
564 1087 670 1141 autem
689 1080 755 1140 istis
778 1098 844 1141 non
866 1079 945 1139 duos
992 1082 1068 1138 tunc
1079 1077 1224 1158 inlelligit
1236 1087 1363 1141 naturas
1373 1081 1498 1143 differre
1512 1083 1546 1143 iu
1559 1101 1623 1145 esse
1636 1084 1692 1161 rei,
1707 1091 1762 1147 ant

171 1170 315 1243 dicimus,
336 1174 434 1233 Deum
448 1173 627 1252 separatim,
643 1178 675 1232 et
688 1171 849 1232 hominem
861 1188 945 1250 sepa-
993 1169 1083 1243 entis,
1098 1189 1163 1231 non
1175 1177 1280 1232 tamen
1294 1172 1403 1234 inesse
1416 1181 1553 1249 nalurae3
1569 1177 1600 1237 id
1615 1183 1670 1252 est,
1686 1178 1763 1239 divi-

170 1261 278 1322 ratim.
314 1263 375 1323 Sed
409 1264 594 1342 cogitatione
621 1271 766 1324 naturam
796 1263 945 1341 cujusque
994 1261 1144 1337 nitatem,
1172 1269 1203 1323 et
1227 1264 1454 1328 humanitatem
1478 1268 1512 1327 in
1548 1269 1670 1330 Christo
1697 1289 1761 1333 esse

171 1353 465 1415 consideramus.»
491 1355 610 1429 Quibus
632 1363 773 1415 cremate
795 1358 946 1415 consonat
994 1352 1120 1431 quidem
1136 1353 1213 1414 duas
1227 1356 1386 1428 entitatos,
1411 1360 1464 1419 sad
1484 1367 1703 1423 concurrentes
1722 1363 1763 1424 ad

172 1445 308 1523 Gyrillns
322 1445 469 1506 omnibus
490 1446 525 1507 in
545 1446 632 1517 locis,
655 1465 725 1525 quas
744 1447 784 1507 ad
799 1446 865 1525 ejus
889 1446 947 1507 cri·
995 1445 1247 1507 constitutionem
1263 1448 1356 1509 unius
1370 1457 1498 1525 naturae,
1517 1459 1549 1513 et
1567 1454 1660 1513 unius
1673 1455 1761 1534 prin-

172 1537 378 1601 minationem
395 1537 593 1599 adducuntur
607 1538 647 1598 ab
661 1538 813 1599 haereticis
829 1558 836 1598 :
853 1538 946 1616 idque
995 1537 1067 1615 cipli
1093 1536 1231 1599 formalis
1258 1542 1496 1619 operationum
1526 1562 1564 1604 eo
1585 1546 1678 1606 modo
1699 1565 1763 1626 quo

171 1630 248 1689 adeo
284 1631 318 1689 iu
350 1630 485 1709 paschali
510 1629 641 1691 homilia
667 1637 775 1691 octava
801 1630 947 1710 praeclara
995 1627 1111 1695 anime,
1128 1635 1282 1710 etcorpus
1302 1639 1373 1693 sunt
1392 1634 1459 1695 duae
1482 1644 1701 1699 concurrentes
1724 1639 1763 1699 ad

172 1722 336 1800 quadm,
366 1728 397 1783 et
423 1722 580 1783 luculenta
607 1722 759 1783 sententia
787 1722 945 1784 declarat:
996 1720 1248 1783 constitutionem
1262 1724 1356 1784 unius
1369 1733 1488 1786 naturae
1497 1727 1654 1790 humanae.
1670 1752 1686 1788 ι)

173 1832 268 1891 quam
289 1813 341 1873 bic
362 1815 535 1875 describere
547 1813 641 1874 latius
660 1833 725 1875 esse
738 1813 882 1875 arbitror.
899 1813 948 1873 lbi
1037 1811 1109 1872 Ilaec
1126 1830 1251 1892 spurce,
1267 1817 1437 1895 putideque
1450 1827 1597 1898 concepta
1611 1824 1765 1885 sententia

173 1905 329 1965 rationem
342 1904 454 1979 reddit,
470 1924 525 1966 cur
538 1906 594 1966 Dei
612 1905 692 1965 lilius
713 1923 783 1984 quar
802 1912 874 1966 sunt
889 1906 965 1969 bo-,
995 1901 1103 1963 falsam
1125 1905 1218 1966 babet
1231 1907 1337 1986 cyrilli
1353 1910 1612 1974 criminationem.
1634 1916 1764 1977 Naturae

173 1996 268 2057 minis
280 1997 408 2076 propria
421 1997 479 2056 sibi
493 1997 614 2068 tribuit,
631 2004 662 2058 et
675 1997 803 2057 assumit
813 1997 847 2057 in
860 2014 944 2068 sese3
996 1993 1141 2072 integras,
1159 1997 1367 2078 perfectasque
1389 2003 1465 2062 diras
1479 2003 1612 2082 cyrillus
1625 2009 1765 2069 attribuit

175 2096 207 2149 nt
220 2108 297 2149 cum
309 2089 354 2150 ait
366 2089 469 2165 filium
482 2089 610 2150 hominis
623 2088 814 2150 coascendere
823 2089 874 2149 ubi
886 2097 948 2150 erut
998 2085 1119 2146 curisto
1147 2088 1186 2148 ad
1220 2108 1315 2150 unam
1345 2101 1563 2156 concurrentes
1597 2116 1763 2177 personam

171 2180 279 2260 prins¹
295 2200 302 2241 :
320 2186 414 2261 atque
428 2182 472 2242 ita
489 2182 619 2242 disserit.
640 2202 652 2237 ν
669 2181 756 2255 Quod
770 2182 853 2242 enim
869 2182 949 2242 inest
997 2178 1255 2254 constituendam,
1280 2200 1419 2245 senumve
1431 2185 1604 2249 Christum:
1620 2195 1764 2270 utsupra

174 2274 231 2352 ipsi
246 2274 425 2335 secundum
450 2278 605 2349 naturam,
629 2274 762 2353 proprioe
784 2274 869 2334 carni
891 2274 947 2333 tri·
997 2268 1056 2329 hoc
1080 2269 1147 2349 ipso
1173 2271 1206 2331 in
1228 2271 1318 2349 libro,
1340 2281 1373 2335 ct
1394 2279 1553 2356 superiore
1570 2281 1763 2345 demonstra-

173 2364 253 2437 buit,
269 2371 423 2445 tanquam
437 2384 502 2426 non
517 2366 657 2426 diversus
670 2364 710 2425 ab
727 2383 779 2438 ca,
795 2371 948 2444 quantum
996 2362 1110 2422 vimus.
1122 2363 1342 2436 Quidsibivult
1352 2373 1468 2445 autem,
1479 2370 1762 2445 bacbarbariesua,

174 2457 212 2517 ad
228 2457 397 2525 unitatem,
417 2475 487 2536 quse
508 2462 553 2517 est
572 2475 612 2517 cx
632 2459 860 2533 Incaruatione,
881 2476 950 2536 per-
997 2462 1119 2515 naturae
1131 2454 1254 2534 differre
1275 2458 1307 2518 in
1320 2477 1379 2520 erae
1396 2461 1443 2521 rei
1452 2507 1460 2537 ,
1483 2470 1536 2523 cut
1553 2465 1643 2536 cutis,
1660 2483 1717 2526 uon
1732 2466 1765 2527 ia

174 2549 264 2609 tinet.
290 2549 400 2628 Neque
426 2555 533 2610 tamen
557 2567 628 2628 quae
655 2555 767 2610 natura
789 2549 949 2611 dissimilia
996 2545 1139 2607 nuturoe?
1165 2548 1301 2609 Annon
1325 2557 1445 2612 naturae
1462 2554 1549 2633 ipsae,
1573 2564 1717 2633 ressunt,
1733 2563 1765 2618 et

175 2647 260 2715 sunt,
285 2659 324 2701 eo
344 2642 424 2716 ipso,
448 2641 533 2721 quod
558 2641 729 2701 arctissime
754 2641 946 2720 copulamus,
997 2636 1055 2697 sub
1069 2637 1149 2697 cutis
1168 2655 1279 2713 genere
1298 2644 1483 2705 censentur?
1506 2647 1593 2708 Certe
1611 2649 1717 2709 anima
1734 2656 1765 2710 et

176 2732 291 2793 ideirco
312 2733 471 2806 tollimu33
492 2738 547 2792 aut
568 2750 730 2810 negamus,
754 2734 880 2812 propria
899 2752 949 2794 ra-
997 2747 1119 2808 corpus,
1133 2734 1165 2790 et
1177 2749 1237 2807 res,
1253 2737 1284 2793 et
1305 2735 1389 2794 entia
1401 2742 1483 2811 sunt,
1510 2744 1541 2798 et
1554 2745 1694 2802 naturae:
1710 2740 1764 2801 sed

175 2823 261 2885 tione
280 2824 373 2885 illum
397 2841 462 2884 esse
483 2823 680 2902 splendorem
702 2824 822 2884 Patris:
844 2824 947 2885 etalia
997 2838 1061 2881 non
1082 2839 1304 2901 usquequaque
1332 2826 1485 2904 periectas.
1510 2830 1585 2891 Ideo
1615 2831 1647 2891 In
1669 2833 1763 2893 unius

176 2917 308 2986 ratione,
336 2933 462 2976 carnem
487 2933 551 2976 esse
572 2921 673 2975 ortam
695 2934 734 2976 ex
758 2922 862 2990 terra3
884 2917 948 2977 sive
996 2912 1137 2990 perfectae
1151 2916 1407 2994 compositionem
1418 2919 1568 2982 veniunt:
1584 2922 1667 3002 quod
1681 2923 1764 2985 idem

176 3007 351 3084 perfectum
364 3007 536 3068 huminem.
552 3008 669 3067 Verum
688 3007 758 3068 licet
772 3007 829 3067 ista
846 3025 878 3069 se
891 3008 947 3069 ba·
997 3003 1031 3064 in
1049 3006 1198 3076 hnmana,
1225 3006 1392 3087 divinaque
1418 3017 1530 3072 natura
1552 3031 1617 3074 non
1643 3015 1761 3077 accidit.

175 3098 247 3159 bere
261 3099 307 3159 sic
317 3100 525 3178 agnoscimus,
541 3117 576 3158 ac
590 3098 784 3174 singularum
796 3100 948 3160 rationem
998 3096 1078 3156 Sunt
1111 3097 1195 3158 enim
1228 3099 1329 3159 ambae
1356 3103 1521 3181 perfectas:
1551 3123 1609 3166 nec
1638 3106 1764 3168 alterius

176 3189 240 3250 sola
259 3190 449 3269 cogitatione
472 3190 651 3262 dividimus,
678 3189 810 3250 indivisa
833 3191 947 3252 nihilo·
996 3192 1100 3267 partes
1117 3207 1156 3250 ex
1177 3207 1258 3266 sese,
1283 3190 1324 3252 ob
1346 3193 1439 3272 idque
1461 3195 1549 3257 nulla
1568 3215 1606 3258 ex
1620 3198 1657 3258 iis
1678 3217 1764 3260 com·

177 3282 283 3341 minus
310 3283 430 3343 unitate
454 3298 562 3342 rursus
588 3281 641 3341 illa
667 3281 750 3342 inter
774 3299 806 3342 se
825 3282 948 3361 colliga·
997 3280 1073 3358 poni
1086 3299 1143 3358 per
1156 3298 1188 3342 se
1205 3288 1317 3344 natura
1326 3291 1442 3362 potest3
1457 3289 1764 3368 utsuperiusosten·

176 3373 280 3434 bimus
289 3373 347 3435 ’.ο
997 3371 1111 3432 dimus.

215 3466 384 3545 Aptissime
404 3483 529 3545 quoque
549 3466 588 3526 ad
601 3465 743 3526 eamdem
763 3470 902 3526 mentem
918 3471 949 3526 et

177 3559 366 3619 sententiam
390 3556 518 3618 Procius
539 3557 573 3617 in
592 3555 720 3636 epistola
738 3555 777 3616 cd
795 3559 946 3634 Armenoc,

176 3649 335 3710 Ioannem
350 3651 402 3722 uit,
416 3666 488 3710 cum
502 3649 590 3725 dixit,
612 3647 734 3709 Verbum
749 3667 818 3709 curo
833 3648 949 3727 suctum

177 3746 229 3815 ar,
242 3740 398 3802 vocabulo
404 3741 462 3801 isto
469 3749 578 3821 γινέσθαι
591 3740 806 3801 «individuam
818 3757 949 3801 summae

177 3831 329 3892 unitionis
348 3832 531 3912 expressisse
548 3831 780 3912 proprietatem.
803 3831 844 3892 Ut
862 3832 948 3893 enlm

177 3940 289 3985 monas
306 3924 341 3984 in
359 3925 436 3985 duas
462 3926 610 3985 monades
632 3923 727 3984 dividi
740 3940 805 3983 non
824 3928 943 4001 potest:

178 4032 249 4094 quae
270 4016 355 4077 enim
370 4016 415 4076 ita
432 4014 598 4092 dividitur,
613 4033 723 4076 monas
736 4033 800 4076 non
813 4019 878 4091 est,
893 4015 948 4077 sed

177 4105 340 4168 binarius:
367 4107 411 4167 sic
432 4125 534 4168 unum
560 4107 701 4168 unitione
723 4123 862 4182 summa,
882 4124 947 4167 non

176 4203 279 4276 potest
290 4198 530 4260 induodiridi‘.
548 4220 565 4257 ο

218 4291 319 4369 Igitur
325 4291 410 4369 quod
419 4291 555 4369 cyrillus
562 4291 677 4371 passim
689 4291 805 4367 scribit,
820 4297 947 4353 naturas

177 4381 244 4443 sola
255 4378 443 4462 cogitatione
456 4383 562 4461 dividi
572 4401 638 4444 non
650 4389 756 4445 autam
764 4384 876 4464 reipsa,
887 4385 947 4446 hoc

215 4602 237 4642 a
255 4587 342 4642 Bruti..
361 4586 396 4641 lv
410 4592 486 4641 cont.
504 4589 581 4642 Eure.
606 4583 653 4639 Ἐν
676 4587 736 4639 τοῖσι
759 4584 785 4639 Bi
804 4586 899 4647 τούτοις
921 4585 950 4639 ού
1000 4587 1136 4660 ἄνθρωπον.
1149 4585 1215 4641 ἀλλὰ
1228 4607 1275 4642 και
1287 4582 1438 4642 accersita
1452 4590 1618 4661 διεγνωκότος,
1633 4596 1674 4648 καὶ
1690 4602 1764 4667 μοναι

178 4670 224 4723 δύο
242 4671 360 4741 λέγομεν,
375 4669 428 4722 θεὸν
445 4668 504 4740 ἰδίᾳ,
522 4671 563 4722 καὶ
577 4670 705 4740 ἄνθρωπον
722 4667 780 4739 ἰδίᾳ,
794 4663 830 4730 εἷς
848 4669 895 4742 γάρ
909 4666 949 4738 ἦν·
1000 4673 1121 4733 διελόντες
1134 4674 1187 4735 ταῖς
1198 4669 1300 4734 ἐννοίαις
1313 4673 1356 4725 τὸν
1367 4669 1403 4742 ἐφ’
1416 4671 1511 4746 ἑκάστῳ
1523 4674 1610 4747 λόγον,
1625 4675 1767 4753 άδιαστάτῳ

179 4752 246 4806 ἀλλὰ
259 4753 315 4806 κατ’
330 4750 439 4805 ἐτίνοιαν
452 4751 497 4819 τὴν
507 4751 609 4806 ἑκάστου
619 4751 688 4822 φύσιν
701 4752 868 4823 λογιζόμενοι.
1001 4755 1074 4808 πάλιν
1089 4753 1183 4823 ἑνύοητι
1193 4752 1388 4825 περιοφύγξομεν.

217 4836 365 4893 bCrattu.
385 4836 419 4889 Το
439 4835 486 4907 γάρ
511 4833 563 4888 tube
585 4833 653 4906 αύτῷ
675 4834 819 4905 κατὰφύσιν
843 4839 873 4907 τῇ
903 4833 953 4906 ἰδίᾳ
1037 4837 1166 4893 cPaocn.
1186 4834 1517 4911 Διάμὲνγύιρτοῦέγάνετο,
1531 4839 1768 4916 τύάδιαύριτονιῆς

181 4920 253 4991 capul
261 4920 422 4991 crepuitque,
438 4919 472 4980 άις
485 4916 530 4971 oda
541 4920 577 4971 ὢν
590 4918 672 4990 ἑτερος
685 4917 742 4991 παρ’
752 4918 836 4987 atriu,
852 4919 910 4971 ὅσον
920 4916 953 4980 εἰς
1000 4920 1074 4992 άιιρας
1089 4919 1198 4983 ἑνώσεως
1214 4921 1228 4972 ύ
1242 4919 1421 4991 Εὗαγγτλιστῆς
1441 4920 1614 4978 ύταινύττεται.
1626 4927 1709 5000 ὥσπερ
1720 4927 1768 5002 γὰρ

181 5000 285 5071 ἑνότητα
296 5003 341 5071 τὴν
355 5000 382 5055 Is
395 5007 439 5069 τῆς
454 5001 605 5075 οἰκονομίας·
621 5003 662 5055 καὶ
676 5000 719 5055 ούκ
736 5003 898 5075 ἀναιρήσομεν
912 5000 953 5054 διά
1000 5002 1015 5071 ἡ
1031 5003 1106 5075 μονάς
1117 5003 1160 5057 ode
1174 5005 1202 5056 ev
1217 5003 1319 5076 τμηθεύη
1329 5001 1362 5065 εἰς
1374 5006 1482 5076 μονάδας
1493 5005 1569 5074 bric-b
1583 5007 1631 5080 γάρ
1644 5008 1677 5072 εἰς
1691 5015 1769 5064 recita

181 5084 212 5137 rb
222 5084 254 5148 εἰς
267 5088 343 5158 άτιρον
360 5084 428 5139 ἑνοῦν
443 5084 474 5138 τά
487 5085 591 5158 ἀνόμοια
604 5086 666 5140 κατά
678 5085 723 5153 τὴν
737 5084 816 5157 φύσιν,
829 5086 859 5138 τύ
873 5084 952 5156 ύτάρ-
1001 5087 1155 5159 διαιρουμένη
1171 5085 1215 5140 οὖα
1229 5089 1258 5140 ἂν
1274 5084 1311 5154 εἴη
1332 5087 1417 5159 μονάς,
1442 5088 1508 5143 etti
1528 5090 1595 5152 δυάς·
1616 5091 1681 5146 otico>
1694 5093 1724 5148 τὲ
1741 5093 1768 5149 ἑν

181 5185 236 5240 χειν
251 5169 335 5239 μέντοι
348 5167 405 5222 κατ’
418 5165 483 5220 ἴδιον
496 5168 571 5240 λόγον
585 5170 613 5224 τύ
627 5169 777 5241 ἀπαύγασμα
793 5171 836 5221 τού
850 5167 951 5239 πατρὸς,
1000 5169 1062 5224 κατὰ
1076 5170 1118 5238 τὴν
1133 5171 1208 5242 dapar
1223 5170 1310 5225 ἑνωοιν
1324 5168 1547 5244 stamaconstat]
1560 5171 1594 5236 οἶς
1607 5174 1660 5228 δύο.

182 5250 266 5322 (capos
282 5251 310 5305 II
331 5251 405 5305 πάλιν
425 5251 456 5305 τύ
468 5250 517 5304 tat
539 5256 584 5323 γῆς
597 5248 708 5323 capulos,
721 5252 778 5318 ἤτοι
792 5251 892 5313 τελείως
909 5250 952 5303 τὸν

211 5419 380 5471 imvm.
