3936 6146
475 350 525 412 bn
544 348 848 419 Incnunnrtouu
871 350 947 415 LIB.
968 351 1006 425 X,
1033 351 1120 415 CAP.
1144 352 1184 414 ΙΙ.
1562 350 1619 412 357

56 513 243 596 quodeibesta
259 519 313 576 est.
320 514 412 589 Item,
427 515 569 577 Verbum
590 534 661 578 earo
681 515 796 578 iactum

57 613 103 683 est,
121 613 152 667 ut
171 612 200 669 et
218 625 289 669 euro
306 607 445 669 Verbum
467 608 531 671 fiat.
557 608 716 689 Siquidem
745 628 798 669 νο·

58 703 145 762 lmus
155 699 215 760 sola
236 706 282 761 est
301 700 473 763 divinitatis
499 722 506 763 :
527 704 605 763 siout
625 702 799 764 substantia

59 792 160 856 atsoia
176 791 279 854 Verbi.
301 794 394 867 Tum,
413 799 534 857 naturas
554 796 588 855 in
601 795 720 856 Christo
732 814 798 856 non

60 891 118 947 suut
136 886 211 958 due,
233 904 297 946 una
321 887 490 963 adorande,
514 887 610 948 altera
632 906 698 948 nou
724 887 800 948 ado·

63 977 203 1038 nater.»
229 978 303 1052 Quas
326 979 432 1040 omnia
455 980 586 1060 sparsim
604 998 643 1040 ex
665 979 801 1059 antiquis

63 1089 139 1152 supra
149 1077 396 1147 commemorata,
407 1077 438 1132 et
451 1072 602 1152 explicata
615 1078 697 1134 suut.

93 1166 130 1223 to
151 1163 321 1224 meminisse
340 1164 375 1225 in
397 1164 462 1225 istis
481 1165 548 1243 ejus
568 1170 702 1244 oportet,
717 1162 801 1244 quod

59 1264 124 1316 reeta
143 1256 292 1317 arnobius
310 1255 346 1319 in
371 1254 521 1336 Conflt'etu
546 1275 612 1318 earn
637 1255 802 1338 Serapione

60 1347 156 1427 seriptis
175 1348 308 1427 prodidit
332 1367 340 1408 ε
359 1368 376 1406 α
396 1350 466 1410 Non
484 1349 587 1413 solum
606 1368 625 1410 a
648 1354 730 1411 statu
745 1366 801 1409 suo

61 1457 111 1501 noa
131 1457 189 1501 esse
209 1440 366 1502 exclusam
387 1441 559 1502 humanam
583 1441 800 1518 substantiam,

62 1532 139 1592 sedin
151 1537 228 1594 statu
248 1552 307 1596 suo
320 1536 421 1612 magis
434 1552 500 1595 esse
517 1533 705 1595 roboratam.
723 1536 800 1597 Nam

61 1625 121 1685 siau
130 1632 217 1688 status
231 1628 418 1707 virginitatis
431 1628 554 1705 Maria,
574 1628 702 1691 bomine
726 1646 801 1689 eon·

62 1724 139 1797 septo,
153 1726 181 1780 et
203 1726 305 1800 parto,
331 1740 397 1782 non
418 1729 464 1784 est
485 1742 524 1785 ex
548 1736 603 1785 sua
626 1722 802 1802 integritate

63 1810 183 1888 dejectus,
197 1813 249 1875 sed
263 1817 363 1893 magis
383 1821 430 1876 est
451 1814 600 1896 integrior
616 1816 714 1877 faetus
736 1834 744 1874 :
760 1815 803 1875 ita

63 1909 138 1965 natus
159 1905 302 1968 humanm
323 1908 503 1970 substantioe
521 1911 555 1970 in
577 1908 733 1970 infusione
754 1908 801 1968 di·

63 1995 127 2072 rm,
136 1998 184 2075 ita,
198 1999 340 2078 inquam,
355 2006 401 2062 est
411 2002 521 2063 fortior
532 2001 631 2063 iaetus
647 2007 702 2062 :ut
716 2002 804 2082 quid-

63 2088 120 2167 quid
142 2109 192 2169 per
215 2092 505 2172 prevaricationem
530 2095 605 2157 Ades
630 2093 803 2174 tragilitatis

1100 765 1281 846 CAPUT
1318 765 1370 845 ll.

849 1072 894 1137 De
907 1071 1152 1153 uirtute'oiaifioo,
1163 1073 1225 1134 siue
1234 1072 1304 1133 atta
1315 1073 1444 1132 manime
1453 1072 1625 1152 spiritualis

890 1165 1140 1227 communicandae
1156 1174 1197 1241 rt,
1212 1182 1304 1245 quant
1324 1182 1367 1229 ea¹
1384 1164 1529 1226 consortio
1546 1165 1623 1227 diui-

889 1257 999 1317 nitntis
1020 1259 1135 1338 aceepit
1155 1257 1284 1318 tennione
1309 1255 1423 1318 Christi
1448 1265 1567 1319 natura.
1593 1264 1622 1328 t,

891 1349 1046 1410 Probatur
1063 1350 1117 1411 illa
1131 1351 1193 1430 ipsu
1211 1369 1249 1410 ea
1271 1348 1385 1430 cyrilti·
1406 1351 1536 1412 manime
1549 1353 1626 1413 testi-

891 1447 997 1503 monio.
1029 1444 1058 1504 3.
1092 1443 1164 1504 Turn
1191 1442 1332 1503 nitortnn.
1367 1443 1396 1505 a.
1428 1442 1563 1523 Objertns
1588 1463 1626 1505 ea

890 1532 1011 1595 odanto
1024 1534 1101 1596 bens
1115 1535 1165 1596 ille
1188 1555 1195 1596 ε
1219 1537 1297 1595 Caro
1313 1552 1377 1595 non
1392 1535 1518 1613 prodest
1530 1536 1624 1614 quid-

892 1645 998 1705 quam,
1017 1627 1102 1707 eajas
1116 1627 1328 1708 interpretatio
1340 1626 1477 1706 offertur.
1496 1630 1526 1687 7.
1545 1626 1626 1707 terp-

892 1736 957 1778 tarn
982 1736 1019 1779 ea
1043 1718 1247 1781 Eucharistiae
1276 1719 1466 1781 Sacramenta
1491 1720 1625 1781 demons-

892 1814 1031 1870 tratura
1052 1810 1200 1872 Patribus.
1225 1814 1255 1874 8.
1286 1809 1532 1886 Quanodrnodam
1559 1830 1626 1873 raro

893 1906 951 1962 eim
969 1902 1053 1963 illone
1068 1911 1204 1965 enarrent
1225 1924 1237 1967 .·
1261 1911 1290 1965 et
1307 1905 1457 1985 Anonymi
1476 1903 1626 1966 columnia

893 1993 1063 2055 discutitur.
1078 1997 1109 2056 9.
1131 1995 1250 2078 Cyru'ili
1260 1996 1370 2057 sineere
1389 1994 1535 2057 catholiea
1553 1996 1626 2079 fides

894 2084 1031 2149 aduersus
1045 2086 1175 2150 eumdem
1189 2089 1379 2171 Anonymum
1391 2087 1563 2170 approbata.

64 2180 215 2258 incurrerat,
242 2203 302 2265 per
327 2186 572 2266 assumptionem
601 2189 655 2250 Dei
679 2189 803 2268 penitus

64 2291 113 2333 non
126 2274 252 2354 haberet,
267 2283 303 2340 et
317 2278 439 2341 firmius
462 2299 526 2342 suae
539 2280 716 2361 integritate
730 2281 804 2343 sub·
893 2274 917 2336 Ι.
962 2275 1232 2343 Quemadmodum
1265 2273 1382 2354 duplex
1413 2272 1552 2336 hominis
1581 2281 1627 2337 esi

64 2368 158 2430 dmum
179 2372 367 2450 possideret,
396 2391 492 2452 quam
518 2375 584 2454 ipse
611 2376 710 2437 Adam
732 2382 804 2438 ante
852 2367 927 2444 vita,
940 2368 1089 2439 naturalis
1103 2386 1177 2446 una,
1193 2368 1290 2428 altera
1309 2373 1431 2427 nattum
1450 2367 1627 2429 eonditione

66 2464 425 2540 mumpraevarieationem
439 2466 619 2544 possedit.»
643 2468 705 2529 Sed
726 2468 804 2530 adeo
853 2461 1069 2540 prestantium
1096 2461 1160 2522 sive
1182 2460 1295 2521 animes
1319 2459 1446 2540 propria
1471 2460 1626 2539 quedam,

66 2550 210 2617 annana
236 2556 269 2617 in
297 2575 332 2619 se
357 2563 502 2620 naturam
528 2561 672 2641 suseepit,
693 2579 729 2622 ae
749 2560 805 2623 eir-
853 2552 914 2614 alia
937 2554 1076 2632 eorporis
1092 2573 1099 2614 :
1116 2554 1160 2614 ita
1182 2553 1229 2613 vis
1252 2558 1298 2613 est
1320 2552 1481 2632 utriusque
1503 2552 1626 2631 dandae,

67 2645 198 2723 conplexa
209 2648 317 2710 divina
335 2654 393 2726 est,
410 2670 427 2708 a
444 2655 481 2710 ut
499 2651 567 2713 haee
586 2652 713 2715 fallendi
727 2653 803 2713 sim.
853 2644 902 2705 vel
914 2645 1174 2724 representuudae
1185 2644 1302 2724 duplex
1314 2665 1321 2705 :
1332 2652 1363 2705 et
1375 2644 1413 2704 de
1428 2645 1628 2724 utraquehoe

67 2734 163 2814 blitum,
191 2746 280 2820 atque
305 2742 483 2821 ignorantes
503 2744 653 2807 hereticis
686 2748 804 2809 occasio
854 2738 921 2799 loeo
935 2737 1067 2815 agimus,
1078 2755 1150 2799 eum
1162 2739 1223 2798 hoe
1236 2736 1435 2816 inquirimus,
1446 2742 1556 2796 utrum
1569 2737 1627 2798 bu·

68 2825 136 2889 irent
155 2851 162 2891 :
182 2838 215 2894 ut
235 2852 306 2914 quas
328 2835 368 2895 ab
391 2854 427 2896 eo
450 2839 622 2900 seeundum
644 2837 804 2902 bominem
854 2846 948 2890 mmm
971 2830 1082 2890 Christi
1105 2837 1227 2903 natura,
1243 2834 1274 2889 θῑ
1296 2829 1430 2908 ipsamet
1443 2829 1520 2890 ⁸d0⁰
1542 2847 1623 2903 cam,

69 2919 129 2983 diota
146 2932 221 3004 sunt,
235 2927 321 2989 dieta
340 2947 405 2991 esse
428 2931 599 2992 seeundum
623 2939 743 2994 naturae
760 2933 806 2994 di.
854 2920 886 2980 vi
903 2921 1056 3000 ejusmodi
1077 2922 1207 3000 predita
1227 2919 1332 2990 fuerit,
1350 2926 1386 2979 ut
1409 2926 1478 2981 tum
1504 2923 1627 3000 corpori

69 3015 129 3075 uua
139 3017 345 3083 infirmitatem
359 3023 696 3104 mentianturzetquia
709 3043 803 3102 unus,
854 3008 961 3086 Vifflffls
974 3016 1005 3071 ei
1028 3011 1292 3084 isstsslutssitstissmt
1319 3014 1389 3070 tum
1413 3010 1527 3070 Unifflffi
1549 3029 1621 3089 dm·

69 3110 138 3187 tbrue
148 3111 224 3175 idem
235 3120 282 3176 est
300 3114 433 3195 loquens
446 3118 552 3178 omnia
567 3136 637 3197 quse
655 3118 804 3199 loquitur,
854 3102 942 3179 tiam,
958 3108 989 3164 0ss
1008 3103 1142 3164 salutem
1163 3103 1348 3177 Γθὸῑὶῑΰθῑθῒ,
1365 3101 1481 3183 duplissi
1494 3103 1623 3181 perinde

68 3200 255 3288 desemetipso
272 3209 383 3271 omnia
401 3227 475 3272 eum
492 3210 632 3273 loentum
651 3228 717 3272 esse
735 3229 806 3273 eou·
855 3194 905 3258 iel
918 3195 1112 3274 egritudine,
1123 3195 1173 3257 iel
1186 3200 1287 3257 ¹1¹0ri0
1300 3194 1440 3275 deiffllffl·

70 3295 207 3361 tendant.»
896 3289 965 3349 Non
992 3288 1093 3368 longis
1128 3288 1311 3364 ambagibus
1353 3287 1547 3349 distinendae
1577 3294 1625 3351 est

97 3386 285 3456 Postremoad
295 3393 523 3457 obstruendum
534 3394 682 3457 similium
691 3398 806 3461 calum.
855 3380 967 3442 lector:
978 3398 1037 3442 nee
1045 3381 1163 3441 diutius
1182 3381 1401 3455 annotandum,
1416 3380 1493 3459 quin
1506 3381 1620 3456 statim,

70 3478 167 3545 uiarum
180 3486 308 3563 aditum,
329 3488 558 3550 observandum
579 3496 624 3550 est
641 3490 803 3567 thffi10g03
856 3478 981 3534 auetore
1003 3471 1074 3533 ireti
1098 3473 1233 3534 maxime
1260 3472 1376 3548 Cyrilio
1403 3472 1622 3546 Alexandrino,

70 3588 126 3637 sum
140 3576 243 3641 dieitur
261 3598 336 3642 wo
353 3591 499 3658 nawa,
520 3582 580 3643 1100
601 3590 648 3644 021,
666 3581 807 3663 perficam
856 3565 1109 3646 respondeamus,
1123 3566 1188 3625 vim
1209 3564 1331 3643 generis
1349 3565 1510 3644 utriusque
1523 3565 1624 3627 viviti-

69 3682 122 3740 rae3
135 3686 238 3734 namen
251 3673 611 3746 02a41hjn0nessentiam
624 3676 722 3755 ipsam
734 3693 806 3757 pm.
857 3677 926 3721 eam
937 3676 976 3720 ex
987 3657 1096 3719 eadem
1109 3657 1195 3719 fonte
1205 3657 1377 3718 derivatam
1391 3658 1423 3717 in
1436 3664 1626 3739 assumptam

70 3758 120 3834 pria
129 3779 159 3822 aa
174 3766 297 3843 praeire
313 3766 499 3846 significare,
519 3768 573 3828 sed
591 3768 732 3829 eamdem
746 3787 809 3848 qua
857 3750 994 3814 aVerbo
1007 3756 1154 3812 naturam
1165 3750 1301 3811 hominis
1314 3750 1418 3827 tuisse,
1432 3752 1516 3815 unde
1529 3758 1561 3814 et
1573 3771 1625 3815 or-

70 3848 353 3935 subsistitinverh0‚
368 3859 430 3921 sive
445 3861 612 3940 ipsummet
627 3862 724 3922 Deum
735 3862 810 3922 uer.
857 3848 1005 3905 namenta
1017 3849 1128 3905 eastern
1147 3842 1283 3923 profecta
1306 3844 1404 3923 eapite
1426 3846 1626 3908 antecedente

70 3938 145 4019 bum3
157 3949 237 4010 utsit
253 3951 340 4012 idem
353 3959 470 4014 testatae
484 3959 544 4032 σὰρξ
561 3953 644 4032 quod
659 3963 807 4035 λογωθιῖσα,
858 3936 994 3996 dimus
1016 3956 1023 3996 ²
1043 3935 1193 3996 nimirum
1219 3954 1258 3995 0¹
1284 3952 1332 4011 eo,
1357 3936 1441 4015 qUOd
1468 3957 1538 3999 ⁰⁸¹'0
1560 3938 1627 4018 51³⁸&

70 4030 94 4091 id
104 4041 141 4096 aar
162 4037 349 4124 vanificum,
366 4044 405 4105 (10
424 4062 488 4124 qua
503 4062 579 4106 γορ,
599 4046 675 4106 ,1139
692 4046 810 4108 dictum
858 4027 985 4108 proprie
998 4028 1037 4088 sit
1050 4028 1105 4089 Dei
1122 4027 1211 4094 iacta,
1228 4032 1259 4088 et
1272 4034 1384 4088 natura
1398 4029 1543 4103 bominis,
1570 4032 1627 4092 Dei

71 4135 114 4186 est.
858 4120 986 4200 propria
1005 4126 1129 4181 natura.
1146 4120 1225 4181 Hine
1243 4119 1326 4180 enim
1348 4126 1458 4181 mutua
1478 4127 1524 4182 est
1543 4140 1628 4184 eom·

859 4212 1029 4273 munientia
1048 4211 1127 4273 faeta
1140 4213 1379 4292 proprietatum,
1401 4231 1535 4293 quarum
1559 4214 1627 4278 baeo

860 4310 906 4366 est
928 4323 1035 4383 capax.
1052 4306 1131 4366 Nam
1145 4324 1215 4385 quae
1229 4310 1370 4386 pugnant
1383 4325 1455 4368 eum
1485 4306 1624 4383 notione,

861 4405 893 4460 et
905 4399 1036 4459 essentia
1050 4404 1160 4459 creatae
1174 4396 1232 4475 rei,
1250 4417 1315 4459 uon
1335 4406 1408 4460 sunt
1428 4400 1461 4460 iu
1479 4400 1625 4462 humani·

859 4497 956 4552 tatem
972 4490 1134 4552 transfusa
1151 4510 1158 4550 ε
1174 4490 1213 4551 de
1228 4491 1341 4571 quibus
1355 4495 1426 4571 post
1443 4491 1502 4553 erit
1520 4492 1627 4572 dispu-

859 4582 948 4645 tandi
973 4582 1068 4645 loeus.
1098 4582 1197 4662 Igitur
1222 4583 1354 4663 Cyrillus
1385 4585 1419 4644 iu
1454 4583 1556 4664 priore
1585 4585 1626 4646 ad

862 4673 1032 4737 Successam
1045 4674 1187 4755 epistola,
1202 4693 1326 4736 oausam
1345 4675 1428 4736 bauo
1441 4673 1533 4737 tuisse
1551 4674 1626 4737 dioit

860 4786 915 4829 eur
942 4768 1081 4829 Verbum
1108 4784 1234 4829 earnem
1260 4767 1318 4828 sibi
1340 4766 1513 4848 eopularet,
1541 4769 1626 4848 quod

859 4878 932 4922 aum
945 4880 984 4923 ex
999 4860 1110 4923 Adami
1127 4865 1250 4943 peeeato
1271 4865 1383 4934 natura
1403 4859 1541 4922 humana
1554 4879 1626 4924 oer-

24 5058 25 5061 ¹
102 5036 220 5093 sinsus.
236 5039 265 5095 in
288 5036 397 5111 Ὀδηγῷ,
417 5053 478 5110 esp.
499 5054 527 5093 x.
546 5036 608 5092 Ὀτι
630 5038 731 5100 λεπταῖς
746 5056 809 5092 τισιν
857 5038 968 5109 γέγονεν,
981 5030 1036 5090 οἷον
1062 5036 1263 5091 naisitanam
1286 5035 1373 5105 αὐτὴν.
1389 5038 1431 5092 nai
1449 5039 1550 5112 ὁλόγος
1568 5039 1628 5114 σὰρξ

76 5108 166 5181 Mtte
179 5120 229 5187 ἤτοι
242 5125 285 5175 νοῦ
298 5122 447 5194 φαντασίαις,
468 5116 572 5194 νοοῦμεν
590 5119 631 5174 τὸν
653 5120 760 5193 Χριστὸν
784 5118 811 5173 ἓν
860 5118 964 5192 ἐγένετο,
984 5120 1027 5173 ἵνα
1046 5120 1087 5173 nai
1111 5121 1126 5189 ἡ
1149 5119 1208 5192 σὰρξ
1220 5122 1320 5192 γένηται
1332 5122 1415 5195 λόγος,
1430 5122 1446 5190 ὴ
1459 5123 1507 5196 γὰρ
1532 5124 1629 5192 bibunt<

76 5196 110 5249 iit
124 5201 206 5271 νὸννων
227 5205 283 5277 μίαν
307 5207 376 5276 φασιν
396 5207 594 5278 αασαρνωμένην·
617 5202 679 5276 μετὰ
698 5203 746 5276 γὰρ
766 5202 810 5270 τὴν
859 5203 972 5271 θεότητος
987 5206 1060 5275 μόνη,
1074 5205 1156 5276 ὥσπερ
1171 5205 1211 5257 καὶ
1230 5204 1300 5258 οὐσία
1314 5209 1377 5279 μόνη
1391 5212 1435 5260 τοῦ
1447 5207 1533 5279 λόγον.
1548 5208 1589 5260 καὶ
1599 5206 1629 5261 oi»

76 5277 146 5334 innon
158 5284 232 5341 absin
252 5288 297 5342 siai
315 5290 358 5343 δύο
377 5288 466 5360 φύσεις.
490 5286 579 5356 tutata
598 5286 646 5360 γὰρ
658 5285 674 5353 ἡ
688 5284 756 5359 σὰρξ,
771 5286 812 5338 καὶ
860 5286 904 5339 δύο
918 5286 999 5357 φύσεις
1013 5285 1052 5341 tat
1066 5289 1186 5361 Χριστοῦ,
1205 5289 1249 5361 μία
1263 5289 1431 5362 appanowa,
1443 5289 1484 5344 zai
1495 5290 1538 5363 pia
1552 5289 1628 5361 ἀτρο-

77 5359 360 5446 marmoreamque
373 5370 648 5444 ὄξουςέντῷπτλόγει·
658 5370 700 5425 nai
712 5369 812 5435 τοιαύτη
861 5369 986 5439 νεώνητος.

27 5490 30 5637 p
100 5516 266 5570 1uuaruu.
