4076 6180
825 296 1151 361 summatenus
1173 298 1392 365 DOGMATUM

1184 464 1241 525 Hic
1254 483 1394 544 egressus
1411 484 1429 527 e
1447 462 1636 525 monasterio
1649 460 1789 540 primam
1802 456 1837 516 iu
1851 456 1911 514 its·

1141 554 1216 615 liam
1229 557 1450 637 proiectusest3
1459 556 1513 617 ubi
1527 555 1673 633 dogmata
1687 569 1743 612 sua
1751 546 1914 625 divulgare

1142 649 1346 728 «capitatas
1374 649 1487 729 duplici
1509 645 1654 708 Rhabani
1676 640 1808 723 epistola
1829 637 1914 701 colli·

502 743 533 830 C
544 742 719 832 APUT
770 746 902 832 Vffl·
1140 739 1237 815 gitur,
1258 740 1589 819 alteraadNotingum
1612 738 1685 798 data
1697 734 1912 796 veronensem

1142 833 1343 914 episcopum*
1361 853 1369 894 ε
1385 833 1481 895 altera
1503 832 1543 893 ud
1556 828 1752 891 Eberardam
1773 823 1913 904 ejusdem

1141 924 1279 1003 regionis
1287 926 1450 987 Comitem.
1465 924 1540 987 inda
1549 923 1584 983 in
1593 919 1796 983 Germaniam
1807 912 1913 989 abiit',

1142 1020 1173 1076 et
1206 1016 1355 1078 Rbabauo
1386 1015 1569 1096 Mogontino
1595 1013 1739 1092 episeopo
1773 1006 1915 1069 libellum

325 1102 440 1172 Eodem
450 1106 597 1190 generalis
616 1108 674 1171 Dei
685 1109 831 1183 voluntas,
846 1129 905 1191 poa
918 1129 1015 1171 omnes
1031 1110 1093 1172 sai·
1142 1107 1265 1175 obtulit.
1296 1127 1360 1190 quo
1376 1124 1532 1170 summam
1566 1106 1717 1167 docmina
1742 1120 1810 1164 suar
1832 1118 1914 1161 oom-

366 1220 413 1262 oos
426 1198 498 1281 fieri
523 1200 601 1276 suit,
629 1219 667 1262 en
692 1200 914 1264 Gallicanorum
927 1201 1093 1283 presulum
1142 1199 1251 1280 plexus
1264 1206 1320 1263 est.
1355 1201 1401 1262 ob
1435 1218 1505 1262 eam
1532 1215 1600 1259 rem
1614 1201 1717 1258 coacta
1748 1192 1915 1269 Magantia

365 1280 558 1354 controversia
581 1291 739 1374 probatur,
760 1311 827 1374 puoe
848 1291 883 1354 dc
911 1291 1094 1356 Gotiescoioi
1142 1292 1262 1372 synodo
1276 1293 1442 1355 damnatus
1464 1297 1510 1354 est
1524 1307 1608 1351 anno
1623 1286 1736 1350 Christi
1748 1289 1823 1357 848,
1839 1290 1871 1345 et
1884 1284 1915 1345 in

365 1383 553 1464 dopmoiibas
580 1392 682 1445 scorta
711 1392 764 1446 est.
796 1389 823 1446 i.
851 1383 942 1466 Cujus
966 1386 1093 1446 distorsit
1144 1384 1256 1446 Gallias
1269 1386 1309 1446 ed
1323 1387 1511 1447 Remcnsem
1533 1381 1701 1456 dioeeedm,
1716 1380 1769 1440 cui
1783 1382 1915 1458 praerat

365 1472 568 1537 describitur:
587 1476 761 1558 reprimam
778 1475 1093 1539 Gotirescaicidomna-
1145 1476 1345 1553 Hinemarus,
1360 1476 1575 1538 estremissas.
1593 1470 1669 1534 Inde
1691 1470 1817 1551 synodo
1844 1487 1913 1530 ron·

367 1566 419 1644 rio,
434 1575 463 1628 et
485 1567 693 1629 carisiacensis
716 1566 823 1649 synodi
846 1567 983 1630 aduersas
1007 1569 1093 1631 ilium
1143 1574 1269 1647 gregata
1282 1569 1316 1629 in
1326 1567 1526 1630 carisiacensi
1539 1562 1678 1647 paistio¹,
1693 1562 1809 1624 eodem
1821 1578 1913 1636 anno,

365 1654 488 1722 dareta
515 1661 545 1721 i.
570 1659 642 1735 Oaoe
664 1658 702 1720 ab
728 1658 800 1720 aliis
815 1659 993 1740 improbato,
1009 1670 1038 1722 et
1059 1659 1094 1722 dc
1144 1662 1301 1721 convictus
1314 1660 1453 1735 haeresis,
1464 1663 1592 1738 propter
1605 1653 1914 1719 contumacinmrir-

367 1750 790 1832 sariisaltrooitropnciibris
807 1748 895 1813 editis
926 1755 955 1814 3.
970 1752 1092 1835 Lupdn-
1144 1745 1915 1828 giseaesus,etincarceremretrmuscst.lncadem

366 1841 460 1904 nensis
487 1840 630 1904 Ecclesiae
655 1846 820 1923 praesertim
838 1849 943 1906 contra
963 1842 1095 1907 Coro'sia-
1144 1845 1265 1927 synodo
1274 1850 1409 1925 quatuor
1427 1843 1511 1905 edita
1532 1847 1606 1903 sunt
1619 1840 1769 1920 capitula,
1791 1845 1915 1900 auctare

366 1953 466 1996 omues.
484 1936 515 1995 d.
538 1932 691 1997 Valentius
710 1932 844 2017 synodus,
861 1934 983 2017 oleoque
996 1945 1096 1999 contra
1147 1936 1326 2013 Hismara,
1342 1941 1450 1997 eontra
1461 1933 1654 1997 Gotbescalci
1668 1933 1827 2009 dogmata.

368 2024 480 2089 rosdon
491 2025 608 2089 dorico.
625 2025 679 2088 Ea
693 2026 749 2089 dac
764 2020 826 2089 iota
840 2026 962 2089 istoria
976 2027 1095 2090 demon-
1187 2028 1229 2089 11.
1252 2029 1371 2090 Verum
1384 2046 1450 2088 non
1461 2026 1607 2088 omnibus
1615 2024 1787 2087 Galliarum
1800 2022 1916 2102 episco-
1935 2042 1984 2085 sm
1995 2050 2035 2101 pn

368 2124 482 2180 stratur
496 2119 631 2200 deinceps
643 2138 681 2181 cn
702 2118 834 2181 anniam
856 2122 1004 2182 romnruni
1014 2140 1097 2182 sensu
1147 2120 1194 2199 pis
1208 2124 1274 2180 aeta
1288 2119 1341 2180 iile
1356 2117 1586 2195 carisiacensis,
1621 2123 1653 2178 et
1677 2134 1750 2196 quae
1770 2115 1916 2176 adversus
1935 2095 2035 2192 m

369 2212 462 2272 benna
473 2208 547 2273 velie
560 2210 654 2272 salvos
666 2230 762 2272 omnes
780 2210 861 2292 fieri.
877 2215 906 2275 6.
924 2211 972 2274 Ad
982 2214 1017 2274 id
1029 2233 1096 2275 oeno
1146 2212 1380 2273 Gothesoalcum
1392 2216 1478 2291 gesta
1491 2208 1776 2287 erant,aedec1eta,
1788 2206 1916 2287 probata
1964 2201 2033 2297 Ἢ

369 2303 515 2384 imprimis
539 2323 605 2384 quo
630 2300 813 2367 Gothescaici
835 2304 975 2367 sedentia
991 2305 1094 2386 faerit,
1146 2309 1219 2364 sunt
1236 2303 1412 2365 :uomultae
1426 2300 1917 2381 ultrocitroquedeiisoommea·

367 2401 505 2456 accurate
517 2392 645 2457 docetm.
662 2395 746 2457 abe
760 2392 852 2458 libero
865 2392 994 2459 arbitrio
1002 2418 1098 2480 praua
1146 2399 1222 2456 runt
1245 2395 1392 2473 epistolas,
1416 2394 1539 2474 aliaque
1565 2393 1689 2473 scripta,
1713 2391 1834 2471 quibus
1856 2408 1918 2452 sese

369 2486 454 2550 iiiios
467 2488 573 2569 opinio.
590 2492 620 2551 8.
640 2482 668 2550 T
664 2508 714 2549 aar
730 2487 762 2548 in
775 2488 857 2566 aliis,
883 2488 937 2550 etsi
959 2495 1099 2554 nonsatis
1147 2486 1281 2548 inuicem
1294 2486 1533 2567 impugnabant.
1557 2485 1614 2547 Gai
1634 2484 1831 2546 contentioni
1841 2484 1919 2544 iaces

370 2568 518 2662 explicata
531 2581 590 2641 sint
604 2575 826 2642 abHincmaro.
843 2583 874 2642 b.
892 2578 1098 2645 Eccatiuntnr
1147 2579 1283 2641 subdidit
1317 2578 1474 2641 emulatio
1508 2582 1618 2639 mutua
1646 2576 1874 2652 Ecclesiarnm,
1891 2582 1920 2637 ct

371 2668 457 2732 iliius
477 2668 615 2753 dopmatc
641 2668 777 2754 quaedam
790 2672 924 2754 ambipue
949 2684 1096 2757 concepta.
1147 2669 1333 2748 antistitum,
1349 2690 1388 2732 ex
1399 2688 1580 2750 regnorum,
1601 2686 1774 2750 regumque
1787 2668 1918 2729 diversi·

375 2762 422 2826 10.
437 2760 525 2826 Recte
538 2772 635 2826 tomen
648 2762 818 2826 damnatam
831 2784 896 2835 case,
918 2774 946 2827 et
964 2786 1022 2847 pro
1039 2766 1099 2830 aa·
1147 2769 1221 2839 tate,
1238 2762 1350 2842 quibus
1363 2763 1425 2824 illae
1439 2762 1601 2843 parebant,
1616 2768 1652 2822 at
1662 2760 1709 2838 fit,
1720 2766 1834 2822 exorta
1849 2780 1857 2820 ι
1873 2759 1918 2821 ui·

372 2856 462 2918 rerico
470 2854 642 2938 judicatum
654 2852 878 2920 Gotlzescaiearn.
1148 2854 1265 2917 mirum
1279 2855 1382 2917 Caroli
1402 2854 1488 2915 Calvi
1513 2855 1547 2915 in
1576 2853 1759 2915 occidentali
1791 2853 1920 2914 Francia
2034 2872 2035 2939 j

1148 2947 1318 3027 regnantis,
1334 2952 1365 3008 et
1377 2946 1518 3009 Letharii
1544 2945 1756 3025 Imperatoris.
1771 2944 1919 3025 Hujusia
2034 2948 2035 2983 r

174 3058 307 3123 massora
373 3036 397 3101 I.
421 3040 524 3102 Altera
543 3038 835 3104 Praedestinstornm
863 3040 894 3102 in
915 3060 1006 3103 causa
1019 3048 1098 3104 tem-
1150 3038 1267 3101 ditione
1279 3032 1467 3118 Lugdunum
1481 3050 1558 3115 eret,
1582 3044 1614 3099 et
1629 3034 1785 3113 Valentia3
1807 3037 1918 3118 quibus

172 3113 298 3211 mig}
332 3130 1100 3219 pestasGailicanamvcxavitEcclesiam,regnante
1149 3130 1373 3194 excivitatibas
1395 3130 1553 3211 praecipua
1576 3134 1684 3191 contra
1698 3129 1915 3206 Hincmarum,

332 3224 442 3285 Carula
457 3225 561 3299 Calvo,
581 3225 633 3286 cui
646 3225 861 3288 Gothcsealous
888 3226 1016 3306 quidam
1040 3227 1100 3288 ini·
1148 3232 1180 3285 et
1194 3223 1410 3285 Curisiacensia
1422 3223 1546 3284 decreta
1570 3221 1701 3283 subinde
1714 3222 1864 3301 procellae
1877 3224 1920 3285 vis

330 3316 412 3377 tiam
425 3314 510 3379 dedit
523 3316 701 3379 Orbacensis
726 3318 810 3396 apud
834 3318 1017 3379 Suessiones
1030 3336 1098 3379 mo·
1150 3315 1263 3395 erupit.
1285 3314 1413 3395 Scripsit
1433 3315 1618 3375 Hincrnarus
1631 3318 1702 3393 post
1728 3315 1919 3377 Gotbcscalci

330 3404 625 3487 nasteriialumnus,
640 3414 671 3471 et
684 3409 857 3489 presbyter.
875 3408 930 3471 ilic
945 3408 977 3470 in
999 3409 1097 3471 subti-
1149 3404 1383 3469 damnationem
1418 3407 1563 3486 epistolas
1589 3406 1723 3485 aliquot;
1761 3408 1852 3468 velut
1883 3406 1918 3468 ad

329 3498 411 3561 libas
446 3506 477 3562 et
511 3502 643 3578 spinosis
678 3500 900 3581 quaestionibus
933 3501 1100 3563 tractandis
1149 3494 1341 3561 Rhabanum
1373 3499 1593 3578 Magantinum
1620 3499 1819 3578 episcopum,
1835 3509 1866 3561 et
1882 3500 1919 3561 ad

329 3592 464 3654 studiose
477 3593 594 3654 versari
606 3592 726 3671 solitus,
743 3593 782 3653 ad
796 3611 865 3654 eam
875 3592 1015 3673 impegit,
1029 3611 1099 3672 quas
1148 3586 1295 3653 Amolum
1304 3590 1560 3671 Lugdunensem,
1573 3591 1638 3652 sive
1654 3590 1849 3653 immonem
1866 3614 1874 3654 :
1889 3592 1919 3653 in
2033 3634 2034 3641 κ

330 3685 473 3746 omnium
506 3686 735 3762 morosissime,
779 3692 810 3746 et
842 3676 1101 3765 periculosissima
1149 3688 1321 3764 quatotam
1350 3682 1552 3760 Gothesealei,
1570 3683 1680 3762 atejus
1709 3683 1920 3746 damnationis
2033 3728 2034 3731 κ

329 3783 484 3854 censetur,
499 3778 538 3839 de
551 3778 744 3857 praescientia
767 3777 833 3853 Dei,
848 3795 883 3837 ao
896 3776 1098 3856 praedestina·
1148 3774 1309 3837 historiam
1322 3775 1475 3855 exposuit,
1486 3780 1522 3836 ut
1534 3774 1620 3837 testis
1634 3781 1679 3835 est
1694 3774 1888 3838 Flodoardus
1897 3775 1917 3837 ⁵.

329 3869 426 3929 tione.
443 3870 479 3928 ln
509 3888 570 3949 qua
599 3868 734 3948 longius,
751 3886 846 3948 quam
860 3868 940 3948 bugi
971 3869 1101 3931 decebat
1152 3866 1254 3934 Quare
1268 3862 1431 3929 illamesse
1444 3866 1579 3947 primam
1592 3866 1632 3928 de
1649 3865 1748 3927 tribus
1772 3867 1917 3948 epistolis,

329 3960 490 4021 hominem
509 3966 684 4040 provectus,
717 3960 892 4040 complures
905 3960 1045 4035 offendit,
1065 3961 1099 4022 in
1151 3974 1228 4039 quas
1241 3956 1401 4039 Remigius
1414 3959 1629 4039 Lugdunensis
1641 3958 1828 4037 confutavit,
1838 3961 1919 4040 justa

329 4069 423 4132 seque
436 4053 616 4132 provocavit
641 4054 740 4114 atatis
763 4053 846 4113 illius
865 4052 1024 4132 episcopos
1040 4073 1047 4113 :
1063 4072 1100 4115 ao
1150 4049 1360 4131 quorumdam
1372 4051 1505 4131 suspicio
1517 4058 1572 4113 est.
1588 4052 1668 4113 Nam
1684 4053 1835 4114 noundae
1846 4073 1918 4115 auc·

330 4163 386 4224 pro
401 4144 547 4206 haeretico
562 4146 688 4206 tandem
709 4144 877 4222 judicatus,
903 4145 935 4204 in
962 4145 1099 4206 custodia
1148 4142 1198 4204 tor
1212 4142 1350 4204 incertus
1364 4140 1420 4204 est.
1440 4142 1545 4205 Tertia
1558 4162 1633 4205 vero
1652 4143 1799 4205 Rhabani
1824 4152 1870 4207 est
1882 4144 1919 4207 ad

329 4236 483 4316 reliquum
507 4236 652 4297 enutrivit
680 4242 815 4297 aetatem.
842 4236 876 4296 ld
900 4237 1100 4315 quemadmo
1149 4234 1320 4314 Notingum
1330 4236 1545 4297 Veronenscm
1561 4236 1753 4316 episcopam,
1785 4256 1860 4317 quae
1891 4244 1920 4299 et

330 4328 404 4389 dum
421 4328 569 4403 evenerit,
586 4328 734 4404 longioris
758 4334 804 4389 est
826 4328 974 4403 historia,
1005 4347 1100 4408 quam
1149 4346 1282 4406 nupera
1298 4326 1333 4389 P.
1366 4327 1481 4389 Jacobs
1512 4327 1680 4389 Sirmondo
1703 4327 1737 4388 in
1758 4327 1919 4392 lucensest

330 4426 471 4481 nostrum
485 4420 662 4505 institutum
668 4420 803 4499 postulat
816 4425 864 4481 :et
876 4419 916 4480 ab
929 4420 998 4480 aliis
1008 4438 1099 4481 accu—
1149 4418 1242 4479 edita.

330 4517 408 4581 rste,
442 4512 638 4592 propriisque
660 4510 892 4573 commentariis
915 4511 1100 4591 explicatum
1191 4511 1223 4571 In
1240 4510 1372 4572 secunda
1385 4530 1569 4591 porro,quae
1583 4528 1648 4572 non
1661 4510 1918 4586 exstat,duoine

332 4609 387 4664 est.
404 4603 511 4682 Neque
523 4608 630 4665 tamen
648 4603 686 4663 de
709 4620 745 4665 eo
774 4608 877 4664 tacere
897 4603 1021 4681 penitus
1049 4604 1100 4664 hio
1149 4614 1221 4663 runt
1234 4603 1393 4664 notatione
1420 4602 1526 4682 digna,
1541 4618 1612 4684 quar
1637 4601 1671 4663 iu
1685 4602 1753 4681 ejus
1781 4604 1916 4666 confuts

332 4700 473 4776 oportet:
485 4695 635 4774 quomam
650 4695 739 4774 cujus
760 4695 844 4756 istud
853 4695 954 4774 gratia
967 4713 1101 4756 comme·
1150 4694 1234 4756 tione
1245 4690 1403 4774 Remigius
1429 4694 1593 4773 significat.
1618 4690 1761 4757 Alterum
1779 4702 1837 4770 est,
1848 4716 1915 4759 auc·

332 4786 533 4856 manavimus,
569 4788 609 4848 ad
642 4787 701 4849 hoc
726 4786 962 4867 intelligendum
996 4786 1102 4867 aliqua
1150 4793 1251 4848 torem
1273 4784 1356 4847 iilius
1371 4805 1517 4865 asserere,
1534 4805 1678 4864 magnam
1693 4786 1732 4849 de
1755 4788 1822 4851 istis
1835 4809 1915 4870 que·

331 4878 438 4940 referri
449 4896 574 4940 necesse
595 4884 651 4952 est,
666 4896 737 4958 quae
761 4896 832 4940 cum
845 4878 927 4939 illius
941 4885 1098 4954 gestorum
1150 4878 1302 4940 stionibus
1335 4885 1435 4940 ortam
1478 4898 1545 4941 esse
1586 4881 1848 4959 controversiam
1889 4886 1917 4942 ct

331 4969 775 5049 narrationaconjunetasunt.
1149 4966 1288 5050 quiaque
1298 4964 1336 5031 de
1350 4969 1410 5031 illis
1420 4970 1757 5052 disputasse3quonim
1769 4988 1853 5035 unns
1862 4972 1916 5035 init
2031 5022 2032 5085 ἦ

365 5136 438 5200 ’inu
456 5146 594 5212 brbbnun,
619 5153 643 5201 ut
663 5149 687 5200 ia
712 5136 870 5202 Erudidssino
896 5149 992 5201 Brinta
1015 5148 1099 5202 Sacra
1147 5149 1329 5275 opeppssostondit
1342 5149 1379 5203 u.
1408 5150 1436 5201 Ρ.
1464 5147 1632 5203 ammons
1653 5149 1915 5278 Gtcdcisziicgaisffi·
2031 5098 2032 5141 1

1146 5237 1171 5289 Ρ·
1248 5237 1297 5290 ⁸011·
1779 5264 1786 5279 ·

331 5361 379 5466 81¹²}
379 5359 577 5467 &misniam
589 5373 638 5418 capr,
651 5374 695 5413 xrs.
709 5362 797 5408 utnon.
807 5362 887 5418 Opust.
899 5372 954 5414 aaa,
981 5361 1077 5414 romu,
1098 5361 1137 5409 rio.
1151 5363 1177 5407 dc
1192 5365 1296 5412 nocua
1321 5376 1368 5422 erp.
1392 5376 1418 5420 rr,
1440 5371 1491 5411 ton.
1513 5366 1803 5421 1.·-2roa.1u,cose
1825 5369 1915 5415 ans-

408 5432 455 5468 osr.
475 5436 502 5466 ι.
560 5433 646 5479 capra
