3990 6130
490 313 541 374 on
560 312 859 388 amanuncus,
881 315 956 377 ms.
977 317 1048 396 vn,
1074 317 1159 380 mr.
1181 316 1219 376 x.
1590 316 1644 376 ru

95 472 157 545 ilco,
169 490 266 536 servus
282 475 435 539 nominari
455 477 570 542 dohet:
586 480 736 561 quoniam
756 477 836 540 anni
884 479 1004 542 Christo
1017 486 1167 561 tanquam
1180 479 1446 562 exemplariprius
1458 482 1649 557 sergestum:

26 644 27 649 ἵ
96 563 378 642 sominiumexusu,
396 572 427 629 et
443 571 630 651 proprietate
641 571 778 632 nominis
795 570 835 630 ad
883 572 1019 651 profecto
1033 574 1119 635 utod
1132 572 1387 653 amplificandum
1399 572 1503 645 decus,
1519 569 1604 648 quod
1614 586 1653 630 ex

98 658 594 734 numerumnunerum
619 662 715 726 veluti
734 658 834 723 maun·
883 663 937 723 illo
959 663 1043 725 fonte
1064 666 1241 741 hausimus,
1257 664 1394 724 multum
1412 662 1463 723 ille
1486 661 1604 740 templi,
1616 677 1653 720 aa

98 744 166 824 tirn3
179 767 264 829 quem
277 751 313 812 in
332 752 451 814 Christo
468 761 622 828 removet,
638 754 836 834 excluditquc
884 755 1033 816 domicilii
1047 757 1100 817 Dei
1112 757 1219 818 titulus
1236 754 1355 816 confert
1371 774 1378 814 ς
1396 754 1439 816 sio
1451 754 1491 814 ad
1504 753 1652 814 humanos

99 857 209 919 persona
229 842 323 905 Verbi
345 845 380 906 in
405 852 836 923 casaromaniana
883 844 1651 928 inChristonaturoesplendoremexaggerandum,

99 932 187 1011 mam,
199 933 362 1017 locumque
374 938 551 1001 succedenti
883 944 971 1000 muto
986 940 1200 1019 prestabilion
1216 957 1286 1018 quae
1304 939 1419 1017 inipso
1434 942 1499 1013 est,
1515 936 1654 1016 ejusdem

886 1033 1062 1093 ornamenti
1079 1033 1158 1094 ratio
1180 1032 1358 1113 pertinebit.
1384 1031 1460 1104 Quae
1484 1029 1544 1090 hoe
1561 1027 1654 1088 habet

886 1130 1044 1202 praterea,
1059 1129 1095 1185 ut
1117 1125 1156 1185 ad
1176 1124 1317 1205 mysterii
1341 1123 1435 1198 illius,
1457 1127 1488 1183 et
1512 1118 1655 1182 catholici

467 1277 472 1282 .
887 1213 1655 1293 dogmatisiliustrondamveritatem3tumsdoom

292 1282 515 1373 CAPUT
556 1288 612 1376 X.
888 1308 998 1368 trarios
1025 1309 1187 1384 cavendos,
1217 1315 1247 1369 et
1273 1307 1500 1388 propulsandos
1522 1322 1653 1382 errores,

886 1417 953 1459 non
976 1418 1085 1479 parvas
1106 1401 1351 1480 opportunitates
1373 1398 1557 1479 suppeditet.
1582 1398 1656 1459 Hoec

888 1508 945 1549 nos
954 1493 1117 1553 commode
1130 1499 1199 1553 tum
1212 1509 1431 1572 proponemus,
1447 1495 1477 1551 et
1485 1489 1656 1570 patefacere

98 1576 132 1639 ilc
142 1575 278 1638 commiti
290 1577 469 1659 quibusdam
481 1577 521 1641 ad
534 1578 664 1654 Christi,
684 1599 743 1661 qua
753 1579 840 1641 lamo
888 1582 1087 1658 conabimur-3
1105 1602 1175 1645 cum
1190 1584 1229 1644 de
1241 1584 1327 1644 uario
1342 1582 1655 1661 us11,etinterpreta-

126 1679 168 1740 cst,
192 1669 361 1751 dipnitatem
387 1670 590 1751 spectantibus,
617 1691 685 1752 quas
704 1690 840 1753 pascuas
889 1673 972 1734 tione
994 1676 1160 1737 nominum
1175 1676 1306 1737 istorum
1320 1674 1498 1738 ⁴rrecessaria
1512 1673 1658 1753 quaedem

127 1761 321 1840 riupuaritati
330 1761 484 1844 refrepari
491 1763 589 1824 vidui
596 1771 728 1844 pomum,
739 1773 766 1826 et
779 1762 839 1825 ideo
889 1764 1040 1843 explicata
1053 1767 1181 1829 fuerint.

126 1853 450 1916 pomiterarum
464 1855 587 1936 rejecta,
607 1855 644 1917 ai
661 1855 734 1917 aliis
752 1874 840 1917 usur·
929 1857 1151 1937 Appellationis
1163 1859 1247 1921 illius
1268 1860 1357 1938 origo
1378 1858 1491 1939 triplici
1504 1876 1542 1918 ex
1558 1857 1659 1936 Scrip-

124 1955 187 2026 poto
204 1956 266 2007 ruat
286 1967 293 2008 r
315 1954 350 2007 ut
372 1955 415 2009 est
435 1948 588 2028 imprimis
615 1950 768 2030 ternplum,
792 1947 840 2010 uel
891 1952 970 2010 turm
984 1950 1052 2011 loco
1067 1951 1333 2031 sumptavidetur.
1342 1952 1463 2012 Primus
1473 1949 1659 2012 estloannis

128 2038 224 2105 domus,
244 2046 272 2099 et
295 2038 421 2100 similia.
442 2042 472 2099 l.
502 2034 584 2101 Unde
603 2040 762 2121 appellatio
783 2039 839 2102 illa
893 2043 1152 2122 capitesecundo,
1170 2044 1279 2122 inquo
1294 2045 1660 2119 Christuseorpussuum

128 2128 219 2210 templi
238 2127 363 2191 deducta
382 2133 434 2191 rit.
460 2131 490 2192 2.
506 2132 693 2193 Auctoritate
712 2131 840 2192 Patrem
892 2136 1045 2214 tempium
1060 2143 1159 2195 vorat.
1174 2134 1289 2195 Solvite
1300 2135 1442 2214 ternplum
1453 2134 1516 2208 icoc,
1528 2131 1660 2213 inquitl,

131 2219 534 2285 demonstrauimus.
555 2223 630 2285 Tam
652 2223 839 2285 Latinorum.
890 2236 921 2289 et
936 2227 968 2287 in
984 2225 1080 2286 tribio
1101 2225 1200 2288 dicbus
1219 2225 1349 2287 excitabo
1369 2224 1459 2301 illud,
1481 2225 1565 2305 quod
1587 2242 1662 2285 mox

129 2315 154 2375 i.
170 2312 294 2389 Quidam
306 2314 438 2376 Petram
448 2314 537 2377 illam
553 2314 729 2396 improbasse
740 2314 843 2377 aiden·
893 2318 1273 2397 aeruginamentum,
1290 2317 1351 2379 Ille
1364 2324 1473 2386 autern,
1484 2318 1538 2394 sit,
1550 2315 1663 2377 dicebat

130 2413 182 2466 ur.
199 2408 228 2467 li.
246 2404 399 2467 Haeretici
420 2406 520 2487 oic‘qui
534 2406 682 2467 nomimis
701 2404 843 2486 ejusmodi
893 2410 1044 2490 detempla
1057 2415 1186 2491 eorporis
1196 2411 1253 2471 sui.
1271 2410 1357 2471 Alter
1372 2416 1418 2471 est
1432 2407 1663 2470 Proverbiorum

130 2504 186 2557 nu
196 2498 279 2559 adua
285 2518 297 2566 ,·
311 2502 346 2558 ut
360 2497 479 2559 Paulus
491 2498 704 2559 Samosatenus.
718 2501 746 2559 6.
767 2497 843 2558 item
895 2503 993 2582 eapite
1000 2500 1118 2563 nonai:
1129 2501 1290 2583 Sapientia
1300 2499 1662 2582 edificacitsiiidornum.

133 2587 282 2651 lucduno
291 2588 844 2671 Mopsuesteuus,etNestorius.7.Ideo
895 2596 1068 2672 Utrumque
1082 2593 1184 2655 locum
1198 2594 1319 2672 antiqui
1329 2594 1432 2655 Patres
1442 2594 1481 2655 ad
1491 2593 1606 2654 Christi
1614 2591 1665 2652 vel
1722 2630 1725 2635 ·

130 2680 254 2743 catholici
286 2681 417 2744 mataras
448 2682 636 2744 accitionibus
672 2681 844 2762 quibusdam
895 2686 1066 2748 humanam
1075 2691 1229 2763 naussum,
1244 2686 1295 2747 vel
1308 2703 1431 2765 corpus,
1447 2686 1511 2746 sivo
1525 2701 1662 2758 carnem,

131 2792 203 2834 unm
217 2774 336 2835 illorum
352 2775 521 2838 munierunt
530 2794 542 2838 .·
549 2775 681 2855 primurn
694 2774 845 2854 explicata
894 2779 1072 2857 frequenter
1086 2777 1235 2838 referunt.
1247 2778 1370 2838 Tertius
1381 2783 1427 2837 est
1439 2778 1473 2838 in
1487 2777 1616 2857 epistola
1627 2774 1682 2837 ad'

130 2864 284 2944 differentia
299 2866 378 2926 tuter
401 2865 520 2927 Cirrisii
530 2865 722 2939 inminutum!
733 2873 847 2927 mactat
898 2866 1091 2932 Colossenses⁸
1109 2888 1117 2929 ι
1135 2869 1211 2945 (luia
1236 2868 1347 2948 inipso
1369 2869 1535 2942 innabitat,
1550 2869 1663 2947 inquit,

131 2957 204 3034 alu,
217 2956 363 3039 quoditie
379 2958 485 3018 intime
502 2976 569 3018 mm
583 2959 655 3035 Dea,
671 2966 700 3020 et
712 2958 846 3020 substan-
898 2961 989 3023 omnis
999 2958 1153 3040 plenitudo
1166 2959 1333 3021 divinitatio
1345 2959 1553 3040 corporaliter.
1566 2959 1667 3037 Scrip-

132 3055 183 3111 tiae
192 3049 347 3132 copulatus
359 3055 412 3111 est.
424 3051 472 3113 to.
490 3049 565 3112 Tum
579 3050 645 3112 alia
655 3048 850 3131 cantia,quad
899 3057 980 3114 serat
993 3056 1096 3113 utitem
1111 3052 1204 3131 paulo
1218 3058 1301 3126 ante,
1319 3052 1397 3126 (luia
1417 3052 1449 3111 in
1464 3053 1527 3131 ipso
1538 3050 1668 3131 compla-

136 3141 247 3205 Verluru
261 3160 381 3204 caruem
397 3161 454 3204 esse
466 3144 578 3221 (auum
592 3142 797 3223 adjanaerunt
810 3141 851 3204 ad
897 3146 959 3207 cuit
985 3161 1097 3205 omum
1116 3142 1335 3224 plenitudinem
1364 3140 1560 3206 inhabitarei.
1587 3143 1668 3204 Hinc

130 3233 184 3311 iar,
196 3234 272 3312 qaod
286 3233 433 3314 templum
445 3233 592 3297 diceretur
603 3235 686 3316 facta
699 3253 755 3297 erse
767 3253 847 3295 caro.
897 3237 992 3315 igitur
1016 3236 1178 3298 occasione
1206 3241 1346 3315 occepta,
1377 3238 1474 3297 Graeoi
1502 3236 1668 3314 Latinique

131 3324 379 3399 illumnatio,
395 3323 647 3409 quodpropriam
673 3325 762 3387 Verbi
782 3328 849 3407 sac·
898 3331 1005 3391 Patres
1029 3329 1137 3390 crebro
1164 3327 1323 3388 vocabulis
1345 3329 1411 3388 istis
1433 3333 1624 3406 assumptam
1649 3345 1669 3386 a

131 3424 246 3479 tamara
256 3416 335 3479 lanc
347 3415 475 3478 mmdcm
483 3436 599 3480 carmin
607 3416 853 3499 discursumque
899 3420 1002 3483 Verbo
1015 3425 1163 3481 naturam
1177 3419 1312 3480 hominis
1326 3419 1513 3480 affecerunt:
1525 3417 1668 3497 quamvis

130 3506 277 3571 aereus
293 3507 434 3569 Patribus
446 3508 635 3589 affirmatur.
653 3511 701 3571 tn.
714 3507 777 3570 Nec
790 3528 850 3571 aaa
899 3513 996 3592 aliqui
1023 3511 1241 3572 abstinendum
1268 3510 1391 3571 abillis
1418 3528 1483 3571 esse
1503 3510 1666 3583 senserint,

131 3601 300 3663 calatiani.
329 3602 380 3661 132
400 3599 446 3661 lle
471 3599 533 3663 lia
558 3601 677 3683 epr'stda
703 3602 738 3662 ab
766 3618 849 3663 usum
900 3609 1027 3685 propter
1039 3603 1220 3678 harcdcos,
1236 3602 1290 3681 qui
1310 3602 1378 3663 hacc
1396 3620 1560 3682 perperam
1573 3602 1668 3662 inter-

131 3692 379 3754 arausicanum
390 3690 475 3753 iilius
488 3698 567 3755 coms
582 3692 684 3774 templi
697 3692 848 3755 damnata.
901 3698 1070 3773 protentos,
1094 3692 1207 3753 erroris
1229 3692 1278 3752 sui
1300 3690 1451 3753 latebram
1473 3690 1546 3751 inde
1570 3694 1671 3770 capta-

901 3786 1002 3846 bant:
1023 3783 1062 3845 de
1087 3783 1201 3863 qsribus
1227 3799 1302 3843 mox
1327 3802 1334 3844 r
1361 3800 1447 3845 nunc
1471 3788 1611 3846 auctores
1635 3781 1671 3842 in

132 3875 155 3936 i.
174 3877 241 3939 Non
253 3877 447 3939 mediocrem
458 3877 554 3941 habet
566 3872 724 3953 dignitatis
739 3894 853 3955 prasro
902 3880 1201 3955 utramquepartem
1217 3874 1393 3936 afferemus.

100 3967 218 4041 pinam
244 3987 283 4030 ex
313 3987 351 4030 eo
375 3974 487 4030 natura
514 3969 653 4030 hominis
670 3969 704 4030 in
718 3968 851 4041 Christo,
943 3969 985 4029 11.
1014 3968 1192 4027 Humanam
1214 3967 1329 4026 Christi
1351 3972 1506 4043 naturam,
1530 3967 1669 4042 domum,

99 4058 307 4136 quadsedssac
317 4060 511 4122 domicilium
520 4060 855 4122 sitdivinitatiseximia
903 4058 1101 4138 actemplum
1115 4074 1180 4117 esse
1193 4056 1298 4130 Verbi,
1323 4062 1353 4117 et
1366 4057 1418 4118 illa
1434 4057 1568 4117 Verbum
1584 4058 1671 4117 habi·

100 4151 217 4228 modam
238 4150 463 4232 excellentique
477 4153 608 4213 ratione.
626 4152 713 4213 Certe
729 4154 857 4232 Aposto·
903 4156 982 4224 tsre‚
998 4149 1103 4210 multis
1116 4150 1149 4210 in
1162 4149 1238 4209 loeis
1252 4148 1373 4228 scripsit
1392 4146 1595 4209 Athanasius⁷
1613 4168 1621 4209 t
1638 4166 1673 4209 ac

99 4237 167 4303 insa
184 4243 306 4306 Christo
324 4244 495 4306 derivatam
516 4244 550 4304 in
570 4240 735 4305 hominum
757 4261 857 4322 genus
905 4242 1078 4323 praesertim
1101 4242 1136 4302 in
1157 4241 1296 4301 oratione
1325 4242 1434 4319 quinta
1457 4241 1576 4317 eadem,
1602 4258 1673 4319 quse

99 4331 211 4396 honoris
248 4337 464 4417 praestantiam
499 4354 599 4414 quum
638 4336 857 4396 commendare
907 4333 1000 4414 pesilo
1014 4338 1085 4394 unte
1097 4333 1288 4408 notavimus,
1306 4332 1473 4412 Scriptura
1501 4332 1675 4394 testimonio

101 4424 189 4502 salut,
205 4428 295 4508 qnasi
318 4428 444 4489 radium
463 4428 632 4507 quemdam
652 4422 692 4488 ab
705 4427 858 4488 immenso
907 4425 1184 4489 commemoravit:
1204 4445 1220 4483 u
1245 4424 1354 4503 igitur,
1369 4424 1482 4502 inquit,
1507 4430 1675 4503 utrumque

100 4514 144 4578 lio
162 4519 291 4597 Justitte
309 4520 374 4581 sole
392 4521 674 4594 communicatum
699 4519 776 4580 illud
793 4537 859 4599 pree
908 4536 964 4580 nos
984 4517 1194 4595 intelligamus
1212 4516 1271 4577 sub
1286 4515 1399 4577 Christi
1412 4516 1557 4591 nomine;
1571 4514 1677 4576 videli-

100 4610 203 4670 aateris
229 4611 508 4687 commemoravit,
537 4612 622 4691 quod
649 4617 680 4672 el
713 4629 770 4671 nos
801 4610 860 4689 ipsi
908 4609 1112 4676 eetdivinum
1123 4608 1263 4669 Verbum
1277 4608 1401 4669 unitum
1413 4609 1452 4682 ei,
1468 4607 1520 4687 qui
1536 4608 1677 4670 exiliatis

100 4701 194 4779 trapis
209 4720 311 4762 mutus
326 4701 460 4782 Spaiitsu
475 4702 580 4774 sancti,
600 4712 627 4763 et
650 4700 783 4782 Spiritus
802 4700 861 4762 Dei
907 4702 1031 4781 genitus
1045 4708 1101 4773 est,
1117 4703 1153 4761 in
1165 4702 1272 4762 Mario.
1295 4701 1420 4761 Etenim
1434 4701 1467 4759 in
1481 4701 1575 4778 huius
1588 4706 1677 4761 utero

100 4785 244 4853 tuturis
257 4791 369 4854 notu&
386 4792 541 4874 Ternplum
554 4793 633 4854 enim
653 4793 710 4855 Dei
729 4801 860 4854 mudum
908 4794 1046 4856 Verbum
1074 4793 1131 4853 sibi
1159 4793 1288 4853 domum
1323 4791 1539 4869 conmmanit,
1567 4793 1678 4853 eodem

101 4888 144 4955 eat,
156 4883 233 4963 quad
243 4885 311 4945 estis
325 4903 372 4946 uos
389 4904 396 4944 :
412 4891 445 4945 et
456 4885 587 4946 munira
608 4891 707 4944 nostra
720 4881 859 4964 ternplum
908 4886 1013 4959 modo,
1023 4901 1085 4964 quo
1095 4884 1183 4944 initio
1191 4884 1345 4944 Adsmum
1356 4880 1396 4943 de
1406 4887 1507 4945 terro:
1518 4884 1568 4946 vel
1576 4886 1679 4965 potius

1721 3986 1823 4031 ctuuur

1707 4040 1783 4083 Patres
1793 4036 1832 4091 qul

1709 4095 1830 4137 humanam

1729 4143 1808 4191 Christi

1717 4205 1817 4243 natunm

1716 4252 1821 4305 temptans

1730 4305 1817 4349 vomui.

101 4982 158 5033 sunt
174 4974 315 5056 Spiritus
341 4974 471 5036 saucti².
488 4976 576 5049 Quod
589 4972 614 5036 si
643 4974 721 5036 illud
744 4976 859 5055 ipsum,
909 4974 1054 5038 diviniori
1068 4976 1202 5056 quadam
1215 4974 1343 5035 ratione.
1357 4976 1400 5035 lle
1413 4978 1516 5054 quom
1531 4976 1679 5038 Salomon
1778 4992 1781 4999 ’

99 5066 174 5140 quod
190 5068 226 5126 in
252 5065 340 5127 nobis
362 5064 518 5128 vilissimis
537 5064 735 5128 homunculis
759 5062 861 5141 agitur
910 5066 996 5141 dixit,
1009 5067 1093 5129 haud
1107 5062 1234 5146 ignarus
1245 5064 1383 5129 Verbum
1393 5064 1542 5148 appellari
1554 5066 1681 5150 Sapien-

98 5156 235 5219 rndisest
246 5158 350 5239 imago
363 5160 441 5239 ejus,
460 5165 491 5222 et
503 5159 712 5236 adumbratio,
728 5156 812 5238 quod
827 5157 862 5219 in
908 5159 996 5221 tiam.
1013 5158 1063 5222 Sic
1076 5156 1172 5239 igitur
1194 5164 1299 5239 operte
1320 5158 1363 5220 ait
1379 5180 1387 5221 ι
1403 5160 1564 5242 Sapientia
1584 5157 1680 5241 adifi-

99 5400 103 5417 ¹
122 5386 1417 5443 stamnum-21aar.num-snm.or-srru.a,s.-scos.11,s.-scrc1.ts.-rur
1438 5389 1464 5434 in
1484 5388 1522 5433 lib.
1548 5389 1677 5435 domm.

99 5447 410 5501 remurmuremus.
