3936 6146
160 2306 254 2349 Andreas

148 2360 265 2403 Cretensis.

147 3047 259 3090 Anastasil

66 3121 69 3127 ·
153 3099 254 3146 stuciis.

305 293 364 356 394
815 289 1141 352 rflmtoaraoaon
1162 290 1380 355 manituti

308 459 388 534 loco,
402 477 466 521 uon
480 458 596 537 ubique
609 456 720 519 diffusa
740 457 791 530 sit,
807 455 978 536 quamlibet
988 455 1075 536 spiri-
1123 473 1194 516 caro
1208 455 1296 516 fieret
1309 457 1450 519 Verbum
1460 457 1486 535 θ,
1500 479 1516 517 r
1532 477 1603 539 quaa
1615 460 1740 539 quidm
1752 459 1784 520 in
1804 461 1872 538 epis-

306 551 407 627 taralis,
424 556 454 611 et
463 549 692 613 immortalitate
706 549 829 609 donata.
1123 547 1197 622 tola,
1213 566 1284 627 quae
1299 549 1390 613 hodie
1404 555 1503 611 exstat
1524 551 1683 613 Athanasii
1696 551 1735 613 ad
1747 551 1873 612 lorinia-

347 643 478 704 Easdem
493 643 555 703 iere
569 641 724 722 oppositas
742 641 801 701 sibi
815 645 924 701 mutuo
937 640 1075 719 proprie·
1124 657 1202 699 num
1227 640 1356 702 minime
1382 643 1560 721 leguntnr¹.
1582 643 1644 705 Sed
1666 660 1738 705 cum
1756 661 1794 704 ax
1822 641 1875 704 illis

306 738 393 805 tates,
413 734 454 794 oh
469 740 595 795 naturas
609 734 685 794 duas
695 733 797 793 eidem
821 732 919 792 inesse
940 732 1072 807 Christo,
1126 732 1284 792 Athanasii
1295 734 1408 809 verbis,
1424 736 1581 813 colligeret
1593 734 1773 813 Acephalus,
1790 751 1876 795 unam

307 826 414 884 asserit
426 827 581 886 Maximus
596 831 716 904 martyr
733 824 764 883 irr
786 822 988 902 Dr'spatatiorre
1009 841 1074 883 carn
1124 829 1261 898 tuntum,
1278 843 1343 885 non
1364 828 1442 887 duas
1458 845 1523 888 esse
1537 833 1679 902 naturas3
1696 826 1740 903 (id
1758 825 1875 905 quadiu

306 916 438 998 Pyrrho,
463 936 562 995 eoque
585 918 683 977 utitur
709 920 905 993 argumento,
935 920 971 974 ut
998 914 1076 973 duas
1124 917 1250 994 vulgata
1261 917 1422 979 Athanasii
1439 920 1480 981 ad
1494 918 1688 981 Joviaiaanm
1701 918 1824 998 epistola
1841 918 1876 979 le

306 1008 405 1069 inesse
419 1009 594 1070 voluntates
618 1007 742 1086 prohet;
765 1006 915 1085 quoniam
928 1024 993 1066 non
1014 1024 1073 1064 na·
1124 1009 1218 1086 gitur,
1233 1027 1345 1089 nempe
1355 1029 1452 1072 uuam
1461 1030 1526 1073 esse
1538 1017 1694 1087 naturam,
1709 1011 1877 1090 ethyposta·

307 1104 385 1161 tura
399 1101 499 1161 solam
521 1102 628 1161 inarmt
654 1101 735 1175 dua,
756 1100 809 1161 sed
830 1115 1074 1176 carumqnoque
1124 1099 1184 1161 sim
1206 1101 1407 1185 incarnatam)
1430 1105 1609 1165 Anastasius
1627 1102 1811 1165 econtrario
1830 1120 1874 1162 ae·

306 1193 522 1273 proprietates,
537 1201 568 1254 et
589 1193 714 1269 indicia,
746 1196 785 1253 eir
811 1190 1013 1270 synodorum.
1044 1195 1075 1249 et
1124 1200 1176 1273 gat
1189 1195 1228 1254 ah
1243 1195 1409 1256 Athanasio
1424 1195 1456 1256 id
1470 1214 1535 1257 esse
1549 1197 1710 1274 scriptum.
1731 1193 1876 1273 Siquidem

306 1285 434 1345 Petrum
448 1285 615 1347 sententia:
641 1285 718 1345 adeo
739 1290 773 1344 ut
794 1301 859 1343 nou
873 1288 996 1343 tantum
1017 1300 1072 1343 ua·
1123 1295 1159 1347 nt
1172 1287 1231 1349 hoc
1244 1306 1352 1349 verum
1366 1288 1450 1349 situi
1463 1306 1534 1349 caro
1546 1287 1684 1349 Verbum
1703 1285 1781 1349 hsta
1793 1287 1838 1359 sit,
1849 1287 1876 1346 id

305 1381 392 1437 taras
406 1377 554 1455 periectas
564 1378 688 1452 habeat,
696 1376 748 1437 sed
761 1375 855 1436 etiarn
869 1373 1074 1454 perfectarum
1123 1380 1211 1439 estin
1224 1380 1291 1459 ejus
1304 1385 1422 1441 mutata
1436 1380 1679 1452 substantiam«
1692 1378 1875 1456 perspicuum

306 1470 446 1549 proprias
459 1475 564 1531 notas:
581 1468 755 1548 cujusmodi
779 1473 862 1543 sunt,
891 1465 1019 1538 visibile,
1047 1474 1074 1525 et
1123 1471 1271 1546 est,illius
1281 1471 1520 1551 proprietatibus
1534 1469 1674 1531 affectam
1688 1486 1875 1531 essecarnem

307 1558 466 1632 invisibile,
479 1560 615 1637 mortale,
630 1567 659 1623 et
674 1559 853 1633 immortaIc;
864 1555 1070 1636 corruptibile,
1123 1568 1288 1639 oportere3
1305 1581 1417 1642 nempe
1441 1568 1476 1623 ut
1494 1563 1533 1623 sit
1555 1561 1825 1640 incircumscripta,
1851 1569 1876 1621 et

305 1659 333 1710 et
357 1652 595 1731 incorruptibr'le3
613 1651 831 1723 attrectalidile,
857 1658 885 1711 et
910 1658 1073 1711 contactam
1123 1654 1271 1731 increata,
1288 1654 1376 1716 initio
1401 1673 1519 1727 carens,
1541 1661 1572 1715 et
1598 1654 1716 1732 figura;
1742 1671 1799 1714 uec
1822 1671 1876 1713 uon

303 1742 436 1823 luciana
466 1750 599 1807 creatam
625 1754 653 1805 et
680 1745 842 1805 increatam
854 1752 879 1803 ⁰.
898 1744 936 1802 Et
956 1743 1074 1825 aliquot
1123 1749 1208 1807 Patri
1226 1754 1381 1809 coaeterna
1393 1757 1416 1808 ⁶.
1431 1768 1446 1803 ν)

304 1835 472 1913 interjectis
485 1838 616 1917 paginis,
633 1838 716 1916 quod
730 1839 762 1897 in
785 1836 953 1914 Evangelio
976 1836 1072 1915 scrip·
1163 1840 1250 1900 Idem
1275 1840 1314 1900 ab
1340 1839 1510 1918 Euthymia
1534 1839 1642 1899 citatus
1666 1837 1699 1896 in
1727 1836 1873 1918 Paroplr'a,

304 1932 373 1989 tum
394 1934 450 2001 est,
479 1929 613 1990 voluisse
641 1930 744 2008 aliquo
767 1929 883 1989 intrare
905 1928 1070 2003 Christum,
1126 1953 1141 1987 a
1157 1930 1190 1991 Si
1202 1939 1314 1992 natura
1325 1932 1449 1998 Christi,
1466 1930 1577 2009 inquit,
1593 1928 1658 1990 sola
1674 1934 1720 1990 est
1732 1928 1874 2003 diuinitas,

304 2019 491 2081 humanitati
505 2022 744 2083 adscribendum
757 2039 821 2081 esse
832 2021 916 2093 dicit,
938 2042 953 2078 a
966 2039 1073 2083 secun·
1122 2024 1278 2102 quomodo
1293 2024 1440 2097 Christus,
1454 2024 1508 2102 qui
1523 2022 1639 2101 nbiqne
1651 2021 1819 2082 secundnm
1829 2038 1876 2080 na-

305 2112 381 2173 dum
394 2131 488 2191 quam
502 2113 545 2174 ibi
558 2133 622 2175 non
636 2121 712 2187 erat,
727 2132 787 2191 quo
800 2114 920 2191 ingredi
928 2112 1069 2189 volebat;
1122 2121 1224 2177 turam
1239 2133 1303 2177 sura
1316 2116 1483 2175 divinitatis
1506 2114 1632 2189 exsistit,
1648 2112 1808 2192 discipulis
1825 2113 1877 2171 suis

305 2205 418 2285 quippe
432 2206 593 2267 divinitate
606 2213 652 2267 est
670 2204 816 2286 ubiqnei.
833 2232 846 2259 ν
1122 2209 1212 2283 dixit3
1238 2209 1372 2271 Lazarus
1393 2216 1527 2267 mortuas
1552 2218 1602 2275 est,
1631 2211 1660 2266 et
1684 2204 1797 2285 perideo
1818 2205 1876 2285 quir

345 2298 467 2357 Rursus
481 2299 619 2360 Andreas
633 2299 787 2359 Cretensis
800 2299 983 2358 orationeirr
996 2316 1070 2378 qaa-
1120 2319 1178 2361 aaa
1200 2319 1280 2360 erarn
1295 2299 1362 2361 ibi?
1382 2299 1542 2373 Qiromodo
1556 2302 1650 2360 etiarn
1668 2298 1802 2377 Angelus
1811 2297 1877 2356 dixit

306 2387 482 2450 triduanam
509 2391 670 2467 Lazararrr,
699 2392 737 2451 da
771 2390 884 2451 Christi
908 2409 982 2450 voce
1014 2391 1072 2451 hac
1122 2393 1410 2471 dcillinscorpore,
1426 2392 1567 2469 currerit,
1582 2389 1812 2451 praesidiali»

305 2498 411 2558 agens,
429 2480 497 2541 Noa
515 2501 595 2542 arara
611 2483 662 2556 idi,
686 2484 729 2542 ita
752 2482 891 2543 disserit:
917 2504 932 2539 c
953 2482 1072 2562 Quippe
1161 2487 1283 2545 X.Non
1293 2485 1382 2545 aliter
1394 2484 1756 2557 loannesllamascanus,
1764 2487 1876 2542 naturas

305 2574 476 2633 secundum
504 2574 537 2634 in
565 2575 648 2654 qnod
681 2574 867 2635 extrinsecas
892 2575 1069 2653 apparebat,
1121 2578 1198 2638 duas
1212 2578 1344 2638 adstruit
1364 2577 1397 2636 in
1412 2576 1540 2651 Christo,
1571 2597 1585 2631 a
1599 2575 1685 2654 qnod
1702 2572 1875 2654 impossibile
1899 2559 1941 2587 '

305 2683 370 2724 non
395 2665 512 2726 aderat.
541 2668 660 2746 Corpus
682 2667 779 2740 enim,
808 2667 892 2746 quod
920 2666 1070 2727 trifariam
1121 2670 1177 2745 sit,
1207 2688 1304 2730 unam
1323 2671 1493 2741 duntaxat,
1514 2667 1720 2745 eamdemque
1744 2672 1874 2726 naturam

305 2757 496 2834 dimetimur,
512 2766 623 2821 natura
632 2761 691 2820 hoc
704 2758 808 2831 habet,
829 2765 863 2818 nt
877 2759 1070 2821 circumscri—
1121 2780 1186 2823 esse
1207 2769 1357 2837 creatam,
1380 2767 1411 2822 et
1430 2762 1617 2835 increatam
1647 2758 1825 2832 mortalem,
1850 2764 1876 2818 et

304 2848 406 2923 hatur,
423 2864 453 2912 et
467 2851 504 2913 de
518 2852 586 2913 loco
600 2854 634 2912 in
650 2851 753 2913 locum
767 2852 938 2912 motionem
957 2852 1069 2932 capiat.
1120 2855 1344 2929 immortalcm;
1372 2852 1654 2931 circumscriptam,
1677 2854 1708 2912 et
1727 2850 1876 2911 incircum-

304 2945 488 3022 Hujusmodi
502 2946 586 3006 enim
600 2945 682 3005 illius
696 2950 742 3005 est
754 2950 897 3006 natarat
911 2970 925 2999 s
1120 2947 1292 3026 scriptume
1310 2968 1325 3004 a
1344 2948 1383 3007 Et
1405 2945 1497 3024 paulo
1517 2949 1596 3024 post,
1622 2942 1757 3002 declarat
1777 2961 1873 3022 quem·

345 3036 398 3097 IX.
421 3038 556 3098 Transeo
576 3040 614 3098 ad
630 3038 824 3099 Anastasinm
838 3038 1004 3110 Sinaitam3
1021 3038 1071 3097 cui
1121 3040 1290 3099 admodum
1332 3044 1400 3117 post
1433 3037 1609 3097 unitionem
1643 3033 1873 3109 substantivam,

304 3145 486 3208 persuasum
508 3129 585 3190 adeo
607 3129 678 3203 tait,
694 3146 819 3188 carnem
834 3128 944 3189 Christi
971 3129 1071 3207 spatio
1120 3137 1240 3192 naturae
1254 3131 1383 3208 singulae
1398 3129 1538 3210 proprias
1556 3126 1734 3188 affectiones
1747 3144 1875 3187 serrare·

303 3219 407 3298 aliquo
425 3221 687 3300 circumscriptam
701 3240 777 3294 esse,
793 3221 920 3300 perinde
935 3239 971 3281 aa
986 3239 1069 3281 crea·
1120 3225 1198 3297 rint;
1240 3228 1313 3283 aut
1342 3221 1425 3301 quod
1459 3225 1598 3285 creatum
1633 3225 1702 3293 est,
1740 3217 1875 3279 manserit

304 3318 367 3374 lam
389 3313 473 3372 etin
500 3318 640 3393 tempore
667 3312 788 3381 iactam,
812 3319 847 3373 nt
866 3313 924 3373 hac
951 3312 1070 3374 ratione
1120 3322 1277 3389 creatum3
1305 3320 1336 3374 et
1363 3313 1446 3391 quod
1471 3313 1656 3386 increatum,
1687 3311 1873 3371 increatum:

302 3423 376 3465 usus
391 3404 480 3467 sitad
494 3404 929 3484 refellendosAoephalos,qui
943 3423 1069 3465 carnem
1120 3409 1204 3489 qnod
1226 3405 1355 3469 mortale
1376 3410 1437 3472 est,
1463 3403 1612 3464 manserit
1635 3401 1785 3477 mortale;
1804 3399 1875 3481 qnod

302 3497 335 3558 in
349 3497 490 3558 Verbum
512 3503 665 3558 mutatam
685 3497 871 3559 asserebant.
897 3497 975 3557 Nam
998 3517 1070 3558 cnm
1120 3499 1306 3574 immortale,
1318 3496 1510 3558 immortale:
1525 3495 1608 3575 quod
1620 3494 1876 3574 circumscriptum

302 3590 489 3651 Haereticam
516 3590 687 3651 induxisset
722 3590 880 3651 Athanasii
899 3590 994 3651 verba
1017 3590 1069 3651 illa
1119 3597 1175 3667 est,
1191 3590 1456 3668 circumscriptum
1473 3587 1638 3662 manserit,
1659 3591 1691 3647 et
1704 3583 1877 3665 quodincir·

302 3679 360 3741 sibi
379 3681 583 3758 objectantem
610 3700 649 3741 ex
668 3681 796 3761 epistola
820 3679 861 3742 ad
876 3682 1068 3745 Joviaiarrcrn
1119 3684 1353 3762 cumscriptum,
1367 3680 1515 3741 manserit
1527 3673 1874 3758 incircumscriptnmi.»

301 3772 529 3850 Imperatorem
549 3771 717 3833 «Verbum
738 3792 809 3837 caro
829 3774 946 3837 facturn
961 3784 1018 3851 est,
1033 3782 1069 3837 ut
1160 3776 1210 3837 Sic
1232 3776 1265 3834 in
1279 3774 1380 3854 primo
1400 3772 1492 3847 libro,
1509 3771 1608 3852 capite
1631 3787 1724 3847 arna,
1735 3769 1876 3831 Christum

338 3967 359 4006 a
379 3952 449 4007 Max.
463 3954 548 4025 Disp.
574 3950 840 4025 Ἀναθεματιζέοθωσαν
862 3953 886 4006 αἱ
904 3955 1011 4018 σύνοδοι,
1030 3955 1071 4010 καλ
1156 3953 1257 4009 albia.
1278 3953 1406 4025 Πρόδηλον
1421 3952 1509 4005 λοιπδν
1524 3952 1562 4004 ότι
1576 3952 1617 4003 καλ
1639 3948 1664 4003 ἔν
1679 3953 1733 4014 τοῖς
1755 3946 1796 4006 τοῦ
1808 3950 1876 4022 λόγον

300 4035 349 4107 πρό
362 4034 456 4089 τούτων
471 4036 494 4088 οἱ
515 4036 624 4107 πατέρες,
648 4034 676 4087 οὗ
697 4037 772 4107 μόνον
788 4037 830 4098 τὰς
848 4038 938 4107 φόσεις,
953 4037 1071 4093 ἀλλὰκαὶ
1121 4035 1237 4109 ἴδιώριασι
1259 4035 1307 4109 χρὴ
1329 4036 1459 4108 ὁμολογεῖν
1480 4035 1524 4102 τὴν
1548 4037 1635 4107 σάρκα·
1660 4037 1786 4090 τουτέστιν
1805 4031 1877 4103 ἀπερέ-

302 4116 345 4184 την
360 4117 460 4187 ἑκάστης
475 4120 568 4188 φύσεως
591 4117 700 4186 ἰδιότητα
720 4118 851 4189 ὁμολογεῖν
865 4120 923 4191 ἡμῖν
939 4122 1071 4192 sopotecl-
1120 4138 1238 4191 γραπτον,
1253 4120 1293 4171 καλ
1313 4118 1440 4184 θκτιστον,
1455 4119 1496 4170 καὶ
1511 4118 1631 4190 ἄναρχον,
1648 4119 1690 4170 καλ
1706 4118 1876 4193 ἀσχημάτιστον

302 4220 393 4263 σαντες·
409 4203 448 4254 καὶ
463 4201 491 4254 od
508 4203 583 4273 μόνον
598 4202 652 4254 θεόν
668 4203 771 4264 τέλειον,
784 4203 824 4254 καλ
838 4203 964 4274 ἄνθρωπον
978 4206 1071 4257 τέλειον
1120 4203 1160 4254 καὶ
1175 4199 1295 4256 συναόδιον
1311 4207 1346 4272 τῷ
1361 4201 1443 4273 πατρί.

302 4284 343 4337 τδν
356 4282 447 4349 αθτδν,
468 4284 533 4339 ἀλλὰ
551 4285 591 4338 καλ
613 4290 656 4352 τῆς
677 4286 829 4353 τελειότητος
848 4286 878 4339 τὰ
900 4287 1069 4357 γνωρίσματα.
1157 4285 1177 4361 s
1194 4285 1324 4355 tcaput
1346 4285 1429 4343 Eulh.
1453 4285 1497 4339 iil.
1513 4284 1560 4339 XV
1575 4282 1623 4338 lar.
1644 4281 1722 4356 Εἴπερ
1736 4283 1752 4353 ἡ
1766 4284 1876 4355 ρθσιςτοῦ

301 4368 426 4421 τουτέστιν
452 4368 549 4440 όρατδν,
578 4368 619 4422 καὶ
643 4367 759 4440 ἀόρατον,
788 4368 829 4421 τδν
859 4367 943 4431 αὑτὸν,
969 4370 1009 4423 καλ
1028 4369 1071 4422 ἕνα
1121 4369 1229 4439 Χριστοῦ
1246 4370 1307 4440 μόνη
1330 4369 1414 4435 θεότης
1427 4365 1501 4429 ἐστὶν,
1521 4367 1554 4429 ὡς
1567 4364 1638 4437 θροεῖς
1656 4366 1728 4437 φατὲ,
1742 4366 1876 4436 πῶςόλρι·

300 4450 424 4522 λέγοντες·
440 4452 537 4518 θνητόν,
552 4454 592 4506 καὶ
609 4452 739 4505 ἀθάνατον·
755 4451 869 4523 ρθαρτδν,
883 4453 924 4504 καὶ
938 4451 1069 4524 ἄφθαρτον·
1121 4452 1179 4513 στδς
1193 4452 1207 4504 θ
1219 4459 1347 4522 πανταχοῦ
1359 4452 1395 4503 ὢν
1407 4448 1470 4503 κατθ
1484 4447 1528 4516 τὴν
1538 4453 1581 4515 τῆς
1597 4450 1712 4516 θεότητος
1726 4450 1798 4504 atat
1806 4448 1875 4518 γόων,

302 4532 388 4598 ἁπτόν,
402 4537 441 4589 καλ
456 4535 545 4606 ἀναφῆ,
560 4538 670 4602 κτιστόν,
684 4535 725 4591 καὶ
734 4536 857 4589 ἄκτιστον.
1122 4528 1174 4589 εἴτε
1197 4534 1258 4606 πρδς
1269 4534 1325 4595 τοθς
1344 4533 1461 4605 μαθητάς·
1487 4532 1597 4603 Λάζαρος
1610 4529 1724 4597 ἀπέθανε,
1747 4532 1785 4585 καὶ
1797 4529 1876 4604 χαίροι,

339 4617 355 4669 ό
374 4616 441 4672 ibid.
462 4619 590 4689 Πρόδηλον
611 4618 638 4672 δέ
652 4620 691 4673 ότι
705 4618 765 4671 καθδ
787 4613 1071 4685 obstetricantium
1122 4619 1160 4671 ὅτι
1172 4617 1289 4687 οθκηρην
1302 4614 1366 4686 έκεῖς
1376 4621 1429 4677 πῶς
1440 4613 1466 4668 δὲ
1477 4615 1518 4668 καὶ
1534 4615 1549 4667 ό
1568 4612 1684 4686 ’λγγέλος
1698 4613 1768 4688 ἔλεγε
1780 4614 1828 4683 περὶ
1840 4615 1877 4667 τοῦ

303 4698 428 4754 εἰσελθεῖν.
444 4701 488 4753 οθκ
510 4697 539 4769 ἤν
559 4701 585 4757 θλ
606 4700 783 4773 θνθρωπότητι.
800 4701 895 4767 θεότητι
908 4700 955 4771 γὰρ
974 4702 1072 4762 οθδενδς
1122 4700 1237 4771 σώματος
1247 4698 1332 4761 αὐτοῦ,
1343 4701 1381 4752 ότι
1395 4697 1493 4770 ἠγέρθη,
1508 4696 1552 4750 oia
1565 4697 1631 4754 ἔστιν
1646 4694 1705 4752 ὧδε.

304 4781 413 4837 ἄπεστιν.
1157 4785 1310 4854 pharisa
1325 4782 1372 4837 lib.
1392 4782 1438 4845 ΙΙΙ,
1455 4797 1515 4852 cap.
1535 4797 1572 4836 ιιι.
1592 4782 1651 4844 Πῶς
1669 4781 1717 4853 γὰρ
1731 4776 1877 4843 δυνσιθνιὴν

340 4868 510 4921 cinensis.
539 4869 609 4923 Κατὰ
631 4868 678 4941 γὰρ
707 4868 736 4922 τδ
762 4869 907 4939 φαινόμενον
932 4866 961 4921 orl
981 4871 1071 4939 παρῆν.
1123 4865 1198 4933 aira-ir
1216 4867 1286 4936 ρόσιν
1301 4865 1365 4920 κατὰ
1387 4864 1476 4919 ταθτθν
1499 4864 1597 4933 κτιστλν
1613 4859 1687 4930 εἶναι,
1705 4866 1747 4919 καλ
1766 4863 1876 4919 hamar.

304 4955 378 5021 σῶμα
391 4949 439 5023 γὰρ
450 4950 479 5003 τδ
492 4957 564 5024 τριχῆ
579 4952 718 5015 διαστατόν,
735 4951 759 5005 έν
773 4955 908 5023 περιγραφῇ
922 4951 1022 5022 πέφυκε,
1033 4950 1074 5004 καὶ
1122 4948 1220 5017 θνητὴν,
1231 4948 1271 5003 καλ
1283 4949 1413 5013 ἀθάνατον,
1425 4947 1597 5019 περιγραπτθν,
1608 4948 1650 5003 καλ
1664 4948 1846 5019 θτιερόγραπτονς

303 5034 346 5086 τόν
362 5033 395 5094 εἰς
414 5035 490 5086 τόπον
506 5032 532 5086 la
554 5036 630 5087 τόπον
651 5035 783 5106 μετάόασιν
805 5034 913 5105 δέχεται.
938 5037 1011 5087 τοῦτο
1026 5032 1073 5105 γὰρ
1159 5030 1265 5087 libid.
1284 5031 1318 5083 Τδ
1340 5030 1387 5103 γὰρ
1409 5030 1506 5085 κτιοτδν
1529 5031 1650 5103 μεμένηκε
1669 5030 1775 5095 κτιστθν,
1795 5025 1875 5083 uslai

304 5116 373 5185 ρόσις
387 5114 463 5187 αὐτῷ.
1123 5116 1248 5179 ἅκτιστον,
1264 5115 1393 5177 όκτιστον,
1417 5113 1446 5167 ab
1469 5114 1556 5181 θνητόν
1576 5113 1655 5187 ἔμεινε
1677 5112 1778 5183 θνητδν,
1793 5110 1829 5164 κτλ
1851 5108 1876 5161 ai

339 5198 361 5254 d
379 5202 476 5254 Anisa.
494 5200 523 5253 in
541 5197 653 5270 Ὃθηγῷ,
672 5216 733 5268 cap.
750 5215 807 5254 κιιι.
827 5198 884 5253 Ὅτι
898 5201 913 5252 ό
926 5200 1001 5269 λόγος
1013 5197 1073 5270 σὰρξ
1123 5198 1254 5261 ἀθάνατον,
1270 5196 1400 5251 ἀθάνατον·
1417 5196 1590 5268 περιγραπτέον,
1606 5196 1779 5269 περιγρακτθν,
1798 5190 1876 5246 artri

306 5281 412 5354 ἐγένετο,
426 5282 469 5335 ἵνα
482 5282 521 5335 καλ
535 5281 618 5354 istri
632 5283 731 5353 γένηται
745 5283 825 5353 λόγος.
964 5277 965 5281 ’
1125 5281 1315 5353 ἀπερίγραπτον,
1329 5279 1517 5351 ἀπερίγραπτον.

331 5433 341 5474 l
353 5430 414 5475 'l'orrn
426 5433 443 5480 l.
