4104 6160
536 362 586 423 nn
605 361 910 440 mcanurrroun,
932 361 1004 423 arc.
1025 362 1080 440 vr,
1104 360 1190 425 car.
1213 363 1282 424 nr.
1658 360 1699 441 co

15 580 85 627 m
111 524 188 593 Nam
198 533 261 595 ruit
274 534 334 595 iste
356 534 546 602 Tireodotus,
563 535 616 609 ait,
636 555 651 591 ιι
665 552 746 594 unus
761 552 799 595 ex
815 533 881 611 pri·
930 535 1027 595 enitar
1044 534 1212 597 diuinitatis
1229 544 1257 598 et
1273 536 1469 597 inmanitatis
1482 537 1695 599 confusionem

15 630 82 691 [aaa
109 626 216 686 mariis
228 626 382 706 episcopis
397 626 519 687 conr-ilii
533 626 680 706 Ephesini
693 626 804 707 primi,
825 626 880 705 qui
929 628 1138 706 utnusquam
1147 629 1449 690 alteriusinalteram
1461 630 1694 691 conversionem

15 698 83 749 ’ω
111 716 157 777 bis
178 718 382 779 concionatus
396 726 556 780 estcoram
570 724 636 779 toto
650 719 791 790 concilio,
817 723 881 778 eta
929 721 1028 797 magis
1061 727 1271 800 repraesentat,
1299 740 1394 800 quam
1421 722 1487 783 sine
1516 722 1696 783 alterutrius

110 808 221 886 cyrillo
228 825 380 890 tanquam
390 814 438 872 vir
448 812 528 892 pius,
541 816 572 872 et
580 811 875 872 doctuslaudatur.»
928 813 1102 873 mutatione
1111 813 1362 892 conjunctionem
1372 814 1536 874 intertium
1546 814 1692 894 aliquam.

111 902 196 963 Hunc
209 903 319 980 igitur,
328 904 420 982 juxta
430 923 466 964 ac
477 903 637 983 Cyrillum,
649 902 835 982 Apollinaris
850 909 880 962 et
930 903 1032 971 Quare
1046 905 1124 965 nihil
1136 906 1186 965 hic
1198 905 1287 965 illum
1298 905 1384 966 locus
1398 906 1533 983 adjuvat.

110 993 254 1074 Eutychis
266 1013 406 1057 errorem
421 997 454 1055 in
467 997 602 1076 quadam
613 993 762 1055 delt‘atali
771 992 879 1055 Salea-
967 997 1019 1056 IV.
1042 997 1165 1056 Rursus
1181 996 1275 1057 talem
1289 999 1440 1058 unitatem
1460 1000 1620 1077 utriusque
1638 1017 1694 1060 na·

15 1084 17 1107 '
110 1086 327 1148 tonhomnia
348 1087 541 1167 predicasse,
557 1088 662 1166 objicit
674 1090 876 1166 Anonymus,
928 1093 1007 1149 turae
1027 1088 1120 1148 statui
1142 1090 1181 1149 ab
1204 1090 1363 1150 Theodoto
1376 1091 1560 1169 Anonymus
1578 1090 1692 1168 objicit,

109 1178 205 1256 quiet
219 1196 261 1238 ex
273 1197 311 1239 ea
323 1197 387 1240 non
397 1198 495 1259 pauca
506 1179 665 1253 describit3
681 1180 879 1257 indidemque
928 1187 962 1238 at
982 1199 1017 1240 ne
1041 1188 1134 1241 mento
1147 1180 1264 1259 quidem
1279 1180 1461 1262 dr'stinqaere
1476 1182 1575 1243 liceat.
1591 1184 1696 1244 Verba

109 1270 303 1348 oeaaeapita
311 1271 423 1350 seligit,
433 1272 471 1332 ad
487 1272 637 1351 Cyn‘llum
647 1271 775 1331 haeresis
788 1289 878 1331 acca·
927 1272 1086 1333 Theodoti.
1117 1293 1133 1329 ιι
1158 1273 1309 1333 Caeterum
1328 1274 1354 1333 si
1376 1274 1560 1349 cogitatione
1580 1275 1695 1335 iterum

109 1362 252 1422 undum.
285 1363 364 1424 Nam
392 1365 540 1444 primum,
573 1363 819 1437 «Divinitatem,
848 1368 879 1423 et
927 1363 1048 1440 dividis,
1078 1371 1109 1425 ct
1132 1365 1379 1444 unumquodque
1404 1366 1568 1444 separatim
1595 1368 1695 1428 consi-

108 1451 338 1516 humanitatem
352 1457 386 1515 in
398 1456 516 1516 Christo
531 1473 629 1516 unam
644 1461 788 1515 naturam
803 1472 877 1515 con·
927 1454 1026 1529 daras,
1042 1474 1155 1536 nempe
1179 1457 1270 1517 solvis
1294 1458 1476 1518 unitionem.
1504 1458 1694 1538 Impossibile

108 1543 234 1606 nituere
257 1547 306 1606 ait
328 1546 469 1608 confiteri
494 1548 700 1609 Theodotum.
725 1567 741 1603 ι)
766 1548 803 1606 In
815 1564 878 1626 quo
927 1555 973 1608 est
997 1548 1101 1623 enim,
1126 1549 1218 1609 simul
1245 1556 1276 1610 et
1298 1550 1471 1610 unitionem
1496 1569 1638 1623 servare,
1663 1558 1695 1612 et

108 1638 259 1698 mentitur
270 1639 433 1719 impostor.
443 1640 512 1701 Non
525 1638 609 1700 enim
619 1639 680 1698 hoc
694 1637 768 1698 dicit
776 1639 876 1698 Theo·
926 1644 1094 1719 utrumque
1121 1642 1249 1701 seorsim
1277 1642 1482 1705 considerare.
1520 1643 1581 1703 Sed
1609 1644 1693 1721 quod

108 1728 215 1790 dotus:
232 1731 289 1791 sed
309 1749 400 1791 anam
419 1740 445 1792 et
461 1730 592 1792 eamdem
606 1730 695 1805 effici,
710 1748 775 1789 non
788 1750 877 1792 anam
926 1732 1050 1793 unitum
1059 1739 1116 1808 cst,
1132 1732 1316 1795 indissolute'
1326 1734 1440 1794 iactum
1451 1740 1496 1795 est
1505 1753 1621 1810 unum;
1635 1754 1694 1797 nec

107 1830 254 1882 mearam.
285 1824 392 1884 Graeca
418 1824 562 1884 nonnihil
582 1822 730 1883 mendosa
748 1829 832 1897 sunt,
847 1829 878 1884 et
925 1825 1144 1904 ampliusfiunt
1157 1826 1229 1886 duo.
1244 1827 1476 1901 Atcogitatione
1489 1827 1564 1903 sola,
1578 1828 1690 1906 inquit,

108 1930 178 1974 rero
200 1914 339 1976 deiecta:
365 1934 435 1995 quae
457 1916 499 1977 sic
521 1915 646 1975 habent.
665 1935 680 1971 ιι
696 1914 806 1974 Factus
819 1920 875 1991 est,
925 1934 1045 1997 separo.
1063 1918 1163 1995 Igitur
1186 1918 1295 1978 eadem
1316 1918 1511 1998 cogitatione,
1536 1925 1566 1979 et
1579 1920 1693 1980 unitio·

107 2004 215 2083 inquit,
228 2007 261 2067 id
277 2008 364 2086 quod
376 2026 434 2086 ego
444 2026 524 2081 sum,
537 2012 723 2067 utrraturam
738 2012 876 2066 nostram
925 2027 999 2070 nem
1025 2008 1129 2069 solvis.
1154 2010 1282 2070 Nemeo
1297 2011 1374 2089 ipso,
1399 2011 1481 2088 quod
1501 2010 1631 2072 alterum
1652 2011 1691 2071 ab

107 2097 143 2156 ad
169 2116 262 2159 snam
298 2100 482 2179 dignitatem
509 2099 675 2159 attolleret.
700 2099 765 2159 Hoc
791 2099 875 2158 enim
925 2102 1020 2162 altero
1045 2101 1200 2173 distrahis,
1223 2102 1315 2161 etiam
1338 2103 1564 2181 copulationem
1583 2104 1692 2164 discin-

107 2187 175 2250 iacit
188 2192 440 2271 unitio,utrique
455 2191 874 2271 quesuntalteriusconjun-
924 2192 1000 2253 dist.
1016 2214 1031 2250 ι)
1054 2193 1216 2253 Neminem
1236 2195 1312 2253 adeo
1334 2194 1477 2255 hebetem
1497 2196 1599 2274 legere
1622 2196 1690 2258 haec

106 2299 189 2357 gens.
198 2284 372 2362 Propterea
381 2286 497 2364 itaque,
511 2286 593 2344 Deus
602 2301 674 2344 cum
684 2290 773 2357 essct,
781 2284 876 2343 homo
924 2287 1068 2360 arbitror,
1084 2285 1216 2363 quinon
1234 2286 1338 2346 statim
1352 2291 1510 2365 agnoscat,
1526 2288 1619 2348 verba
1631 2288 1692 2350 ista

106 2372 200 2434 factus
226 2383 286 2451 est,
311 2382 348 2436 ut
369 2383 401 2438 et
414 2375 610 2437 homoiieret
626 2377 715 2449 Deus,
738 2376 797 2435 hac
810 2375 876 2454 ipsa
924 2395 988 2437 non
1013 2375 1225 2436 distinctionem
1244 2395 1279 2436 ac
1297 2375 1494 2456 differentiam
1507 2385 1691 2442 naturarum

107 2468 305 2544 copulatione
331 2469 371 2529 ad
398 2469 536 2529 divinam
550 2468 682 2545 gloriam
697 2472 874 2546 provectus;
925 2468 1053 2543 tollere,
1078 2468 1133 2529 sed
1156 2468 1353 2544 divisionem,
1380 2488 1416 2530 ac
1446 2473 1689 2549 separationem

105 2559 180 2618 adeo
200 2565 237 2619 ut
259 2578 356 2634 unus,
373 2560 518 2639 idemque
546 2561 597 2635 sit,
618 2564 649 2620 et
674 2559 814 2618 divinum
842 2559 876 2617 in
923 2578 994 2639 quae
1009 2560 1072 2620 sola
1086 2561 1218 2620 unitioni
1231 2566 1400 2640 repugnat:
1414 2569 1592 2623 nouantem
1605 2562 1692 2644 diffe-

106 2650 235 2711 modum
260 2652 468 2731 glorificatus,
491 2658 523 2712 et
540 2652 679 2711 humana
700 2668 873 2729 perpessus.
924 2652 1033 2712 rencia
1051 2653 1118 2711 Imo
1132 2652 1199 2712 hec
1221 2652 1298 2712 adeo
1318 2671 1390 2713 cum
1404 2654 1536 2714 unitione
1549 2673 1613 2715 non
1633 2676 1690 2736 pu·

105 2743 204 2820 Aque
215 2745 284 2805 hae
296 2762 362 2804 una
370 2744 501 2805 confessi
510 2750 592 2817 sunt,
602 2744 657 2822 qui
669 2742 874 2818 divinitatem,
924 2749 999 2823 gnat
1011 2763 1019 2818 ;
1033 2748 1069 2803 ut
1083 2744 1203 2803 adeam
1217 2745 1386 2804 necessario
1396 2746 1582 2823 requiratur.
1600 2749 1691 2810 Nulla

106 2834 378 2897 ethumanitatem
398 2836 595 2898 confitentur.
615 2837 693 2895 Nam
708 2835 791 2913 quod
805 2835 877 2894 uni·
924 2837 1026 2913 enim,
1060 2836 1120 2897 nisi
1153 2836 1380 2907 distinctarum,
1412 2855 1447 2897 ac
1480 2836 1690 2901 differentium

105 2932 237 3001 tumcst,
246 2947 312 2990 non
315 2930 383 3008 jam
392 2930 467 3001 duo,
478 2929 532 2989 sed
542 2927 872 2988 unumnominatuen
924 2945 1042 3003 rerum,
1060 2927 1129 2988 fieri
1145 2933 1245 3006 potest
1258 2928 1454 3006 conjunctio:
1476 2936 1510 2989 ut
1524 2930 1599 2991 alias
1613 2932 1688 2993 dixi.

106 3020 142 3079 In
153 3021 202 3081 his
215 3021 320 3082 verbis
333 3040 488 3099 nusquam
499 3021 623 3093 dicitur,
637 3039 726 3079 anan
737 3027 876 3080 naturam
925 3021 1041 3081 Deinde
1057 3037 1205 3098 quorsum
1211 3019 1394 3098 Anonymus
1408 3023 1566 3081 contendit
1580 3042 1618 3083 ex
1631 3025 1691 3086 illis

104 3128 141 3172 a
165 3112 344 3187 diurnitate,
368 3124 397 3174 et
412 3113 592 3174 terrenitate
612 3112 691 3189 fieri.
719 3113 755 3170 In
771 3113 876 3172 Graeco
925 3113 1026 3173 verbis
1039 3113 1250 3187 Theodotum,
1268 3117 1381 3171 etcum
1403 3130 1440 3172 co
1463 3115 1691 3193 conspirantem

105 3204 209 3265 deesse
223 3206 343 3285 aliquid
357 3206 434 3280 dixi,
451 3225 521 3285 quae
537 3207 580 3267 sic
604 3206 756 3283 interpres
774 3203 875 3263 reddi·
925 3205 958 3265 in
987 3205 1128 3265 eamdem
1163 3203 1306 3264 haeresim
1333 3203 1482 3282 Cyrillum
1509 3212 1691 3271 naturarum

106 3295 168 3355 dit:
183 3297 355 3378 confitentes
368 3299 513 3359 unitatem
527 3297 708 3367 divinitatis,
724 3302 749 3354 et
772 3292 876 3355 tuma·
926 3297 1130 3358 differentiam
1145 3313 1242 3373 usque
1256 3312 1293 3354 co
1307 3296 1470 3374 perimere,
1487 3302 1522 3357 ut
1535 3316 1574 3358 ue
1587 3308 1692 3362 mente

106 3390 228 3450 nitatis:
243 3398 395 3470 tanquam
405 3392 448 3451 ita
461 3392 609 3470 scriptum
623 3391 766 3459 exstaret,
784 3394 878 3468 ὁμολο-
925 3408 961 3449 ac
976 3388 1160 3466 cogitatione
1167 3387 1293 3464 quidem
1307 3386 1442 3464 amplius
1450 3388 1598 3450 distincta
1612 3391 1693 3454 sint?

106 3485 205 3559 νώναις
219 3491 323 3558 ἑνότητα
335 3494 451 3559 νεότητός
460 3510 500 3554 τε,
516 3492 557 3544 καί
570 3490 773 3563 enpanti-qen:
795 3485 877 3557 quod
927 3483 992 3542 Hoc
1006 3481 1090 3541 enirn
1104 3497 1166 3541 non
1181 3484 1245 3538 tam
1260 3479 1318 3538 erit
1331 3484 1513 3538 naturarum
1528 3480 1693 3544 discrimen

105 3591 170 3633 non
183 3581 243 3649 cst,
270 3582 302 3635 et
329 3575 356 3635 si
377 3582 466 3650 esset,
494 3594 558 3635 non
576 3574 653 3635 illud
680 3576 876 3654 significaret,
927 3575 1028 3652 ipsum
1037 3572 1260 3648 tollere,quam
1274 3574 1399 3629 naturas
1409 3570 1490 3649 ipsas
1501 3573 1692 3652 extinguere:

106 3667 191 3745 qnod
204 3667 342 3728 somniat
362 3671 557 3746 anonymus,
572 3685 661 3727 unam
672 3686 728 3728 esse
741 3676 878 3728 notarem
926 3684 989 3725 non
1006 3683 1042 3725 eo
1056 3660 1281 3741 conjunctionis
1305 3678 1417 3739 genere
1432 3662 1588 3741 copulare,
1611 3668 1694 3744 quod

105 3755 290 3831 divinitatis,
310 3757 562 3835 ettumanitatis;
578 3759 642 3819 sive
656 3778 693 3819 aa
708 3757 877 3831 diivinitate,
927 3758 1062 3835 integras
1075 3760 1188 3834 partes,
1203 3758 1235 3813 et
1245 3751 1416 3812 incolumes
1428 3761 1599 3816 conservat.
1615 3758 1695 3819 Vide

107 3856 136 3909 et
147 3848 338 3910 humanitate
349 3855 554 3929 compositam:
579 3850 658 3910 sicut
672 3869 710 3912 ex
724 3851 828 3911 anima
849 3858 880 3911 et
928 3868 998 3929 quae
1012 3848 1050 3908 de
1061 3849 1119 3906 hac
1133 3864 1166 3905 re
1180 3844 1246 3904 fuse
1260 3848 1368 3903 contra
1379 3845 1582 3924 Anonymum
1601 3868 1696 3930 supra

106 3958 237 4020 corpore
252 3942 289 4001 iit
311 3960 375 4002 nna
392 3949 522 4017 natura;
543 3960 637 4020 «qnam
663 3942 769 4023 Cyrilli
788 3943 880 4003 fuisse
928 3939 1076 4014 disserui,
1092 3935 1424 4017 praesertimrxcapite.

106 4030 255 4093 haeresim
269 4033 337 4093 vult
345 4036 539 4113 anonymus,
554 4036 594 4093 At
603 4032 700 4093 anites
712 4032 882 4093 divinitatis
970 4034 1014 4092 Er
1037 4030 1148 4110 quibus
1170 4029 1263 4088 etiam
1289 4026 1368 4085 illud
1382 4027 1519 4105 ejusdem
1533 4029 1693 4108 refellitur,

107 4133 134 4184 at
149 4124 350 4185 temeritatis
363 4126 446 4186 idem
461 4130 507 4186 est
525 4130 617 4204 atquc
635 4124 747 4185 unitio:
764 4130 798 4185 ut
812 4143 880 4185 mos
930 4124 1015 4204 quod
1036 4120 1151 4195 scribit,
1167 4118 1286 4198 quaein
1300 4118 1354 4178 illo
1372 4119 1523 4179 Theodoti
1536 4121 1603 4182 loco
1615 4124 1696 4185 dicta

107 4222 152 4276 cst
171 4216 320 4278 Patribus
335 4216 438 4296 loqui3
464 4217 495 4277 id
520 4217 602 4296 quod
617 4218 759 4295 superius
773 4216 878 4277 obser·
931 4221 1014 4289 sunt,
1026 4221 1061 4274 ut
1075 4231 1115 4273 ne
1129 4211 1314 4290 cogitatione
1328 4210 1456 4287 quidem
1466 4218 1582 4273 naturas
1592 4214 1698 4276 distin·

105 4309 262 4369 ravimus.
290 4311 385 4369 Porro
406 4309 505 4369 unitos
518 4308 568 4369 rel
586 4309 680 4368 anino
693 4308 746 4368 illa
769 4308 879 4368 nonin
930 4311 1067 4387 guantur
1089 4303 1197 4374 unitae,
1224 4323 1240 4359 ιι
1262 4301 1463 4379 intelligenda
1489 4322 1554 4364 esse
1578 4308 1697 4369 ratione

107 4417 206 4461 unam
219 4406 369 4461 naturam
382 4400 437 4460 fit:
461 4400 514 4460 sed
534 4401 567 4460 in
589 4400 677 4473 illud,
692 4401 775 4479 quod
787 4399 880 4479 paulo
931 4396 1072 4477 principii
1088 4417 1096 4470 ;
1121 4413 1185 4456 non
1208 4398 1314 4454 autem
1329 4394 1448 4454 ratione
1468 4396 1696 4474 operationum,

106 4502 181 4554 ante
199 4492 385 4564 declaravit,
410 4492 444 4551 in
462 4512 553 4551 unam
567 4502 594 4552 et
605 4491 748 4567 eamdem,
762 4491 821 4551 hoc
837 4497 883 4553 est
931 4510 1008 4571 quas
1028 4490 1163 4550 diversas
1183 4503 1259 4556 esse,
1284 4490 1315 4545 ct
1336 4485 1375 4545 ab
1390 4487 1499 4547 eadem
1511 4488 1649 4564 entitate,
1668 4496 1699 4552 et

107 4680 231 4739 nodum
246 4679 282 4738 in
294 4676 397 4757 scirpo
412 4693 552 4756 quarere
565 4680 673 4756 pergat
688 4677 882 4756 Anonymus,
932 4670 1278 4754 inquam,falsissimum
1288 4674 1348 4743 est;
1364 4674 1436 4729 etut
1446 4670 1485 4730 ab
1496 4671 1609 4750 Cyrillo
1619 4674 1701 4735 reiu-

143 4867 166 4906 α
183 4849 340 4907 Tmo-in
357 4849 394 4905 lll
411 4850 630 4920 par.syn.Epl1.
661 4852 749 4923 Γίγονε
762 4849 809 4922 γὰρ
823 4850 883 4919 ὅπερ
932 4845 1118 4919 &vipsania-qen.
1134 4844 1223 4917 τὸγὰρ
1241 4840 1338 4909 teretia,
1358 4839 1439 4895 οὖιιέτι
1459 4840 1512 4906 διίο,
1529 4842 1586 4897 ἀλλ’
1601 4846 1627 4899 ἓν
1646 4847 1702 4902 ὀνο-

108 4933 170 5005 ipis,
183 4933 229 4985 ira
241 4933 287 4998 rip
308 4931 430 5003 ἡμετέραν
444 4931 578 5005 medrito-p
599 4933 668 5004 pion
681 4932 741 5005 πρδς
754 4932 798 4998 τὴν
820 4930 883 4985 ἰδίαν
934 4930 1045 5002 adterat.

107 5017 191 5079 Ιξίαν.
205 5016 221 5083 ἡ
233 5015 283 5087 qap
296 5015 383 5076 ίνιοαις
394 5018 469 5068 τοῦτο
481 5016 559 5078 ποιεῖ,
574 5014 681 5087 ἑκατέρῳ
701 5015 733 5069 τὰ
744 5020 789 5068 τοῦ
800 5014 884 5087 ἑτέρου
969 5009 985 5064 b
1004 5007 1118 5063 Ibidem.
1138 5007 1175 5078 Τῇ
1188 5003 1214 5058 δὲ
1229 5002 1313 5073 ίννοίᾳ
1324 5003 1398 5056 πάλιν
1413 5001 1433 5055 εί
1442 5005 1541 5076 διαρεῒς,
1551 5007 1591 5060 καί
1598 5008 1701 5064 ἕκαστον

108 5102 281 5154 wem.
301 5097 343 5151 διὰ
356 5103 431 5153 τοῦτο
452 5091 494 5151 οὖν
508 5098 561 5161 isba
578 5101 625 5162 ὢν,
640 5098 765 5170 ἅνθρωπος
775 5099 883 5170 γίγονεν,
933 5090 988 5145 κατ’
1003 5090 1065 5144 ἰδίαν
1074 5080 1274 5154 οιιοπεῖς,οὒνιοῦν
1288 5086 1354 5147 λύεις
1362 5084 1406 5153 τὴν
1421 5086 1517 5141 ἕνωσιν.
1527 5088 1643 5144 ἀδύνατοι
1652 5090 1700 5165 γὰρ

107 5185 152 5236 ln
167 5184 212 5236 ud
230 5183 358 5253 ἅνθρωπος
371 5182 472 5253 γένηται
485 5180 547 5245 θιδς,
561 5185 591 5253 τῇ
606 5183 722 5253 anomale
734 5180 809 5253 ταύτῃ
824 5180 886 5252 πρὸς
933 5174 986 5244 ἅμα
997 5173 1039 5225 καὶ
1059 5172 1188 5243 φυλάττειν
1211 5168 1255 5237 τὴν
1274 5168 1371 5231 ἕνωσιν,
1386 5170 1427 5222 καί
1441 5171 1553 5241 ἑκάτερον
1567 5173 1621 5228 κατ’
1637 5172 1699 5227 ἰδίαν

15 5252 17 5313 i
109 5266 197 5333 κῖιήν
217 5264 291 5327 δόξαν
309 5264 471 5336 ἀναγόμενος,
486 5264 521 5327 ὣς
541 5263 594 5328 ἕνα,
611 5264 652 5318 καί
673 5265 715 5319 rin
734 5262 807 5318 αδτδν
823 5256 885 5316 ιίναι
934 5258 1044 5311 σκοπεῖν.
1060 5254 1126 5309 ἀλλὰ
1136 5254 1165 5307 τδ
1181 5251 1267 5305 evasa
1291 5250 1385 5315 ἀλύτοις
1404 5252 1429 5304 ἓν
1449 5253 1545 5324 γέγονε,
1566 5256 1607 5307 καί
1619 5256 1700 5310 οὐκέτι

15 5330 17 5401 i
110 5347 426 5419 δίίῶςτιδοξαζόμενον,
440 5347 482 5399 καὶ
495 5347 624 5419 πάσχοντα
637 5346 669 5400 τὰ
682 5347 830 5420 ἀνθρώπινα.
844 5345 886 5398 καί
935 5335 1088 5411 plecteretis.
1105 5337 1161 5391 ἀλλ’
1174 5335 1267 5406 ἐπινοίᾳ
1281 5336 1341 5407 μόνῃ
1352 5334 1462 5408 χωρίζω,
1473 5337 1555 5406 φησίν.
1570 5336 1701 5429 cinctraii

15 5440 17 5495 l
111 5437 197 5486 ταῦτα
208 5429 786 5503 μίνωνωμολόγηοαν,δμολογοΰντιςδεότητά
799 5429 887 5495 rand
936 5420 997 5495 αὐτῇ
1011 5420 1108 5493 ἐπινοίᾳ
1124 5421 1164 5473 καὶ
1178 5419 1222 5488 τὴν
1237 5419 1323 5472 ἕνωσιν
1342 5417 1439 5478 ἔλυσας.
1454 5413 1533 5491 ᾧγδρ
1551 5421 1645 5490 διἰὀτᾷς
1656 5440 1701 5474 του

15 5528 16 5531 ’
937 5503 1020 5576 ἐτέρου
1035 5505 1064 5560 rt
1075 5505 1168 5576 ἕτερον,
1181 5502 1263 5573 τούτῳ
1276 5502 1318 5554 nal
1327 5499 1372 5567 τὴν
1382 5500 1515 5571 ουνιίφιιαν
1529 5500 1621 5572 isuper.
