3932 6142
493 300 544 360 DE
563 299 870 375 incensatione,
892 302 963 365 Llu.
988 302 1038 377 tx,
1066 302 1149 364 CAP.
1173 301 1212 362 Ιι.

98 462 195 543 rapiam
207 461 364 542 proferam,
385 481 449 545 qua
470 463 641 525 illustretur
663 465 773 545 magis,
793 483 829 526 ac

97 554 193 615 firmius
204 552 401 630 adstringatur
419 562 606 635 perpetuum
624 556 713 634 illud,
729 563 760 618 et
778 575 828 618 ca·

99 645 217 708 lbolieum
228 645 263 707 de
275 646 416 709 libertate
429 649 606 724 decretum3
622 648 711 729 cujus
720 649 754 710 in
763 648 830 711 istis

96 737 166 800 tibris
176 737 311 799 adsersus
329 737 506 801 haereticam
522 738 709 802 calumniam
724 745 828 821 patro·

97 826 188 890 ιιιιιιιιι
198 829 387 909 suscipimus.

297 1147 511 1236 CAPUT
541 1151 599 1237 ΙΙ.

96 1473 833 1563 Delibaierditria'aatero,etdefior'tioae.l.Crsjue

122 1584 148 1626 ea
161 1566 231 1629 sotio
244 1577 408 1632 communia
428 1574 573 1651 traditur,
596 1580 629 1633 ot
648 1572 687 1633 ait
707 1580 833 1652 potestas

122 1658 192 1719 acius
213 1679 228 1721 e
247 1659 362 1724 duobus
389 1664 560 1739 mceieeadr',
585 1671 638 1725 aut
664 1664 829 1746 refutandi,

122 1748 192 1813 ιιιιι
201 1754 361 1817 meracitate
375 1758 543 1821 materiata.
558 1760 588 1819 2.
608 1755 668 1819 Coi
682 1755 830 1834 torretes,

121 1848 211 1904 etoooi
221 1843 419 1925 depactam
438 1847 698 1927 reclamatrices
717 1849 833 1915 necesa'·

122 1940 195 1994 tolera
214 1944 321 2017 negant
347 1958 412 2000 cem
436 1940 573 2003 libertate
597 1958 733 2021 pugnare
753 1944 833 2003 atreo

120 2042 197 2086 sorau
210 2026 349 2109 idemque.
372 2029 498 2107 (ιιιιιιὶι
520 2031 719 2112 indiffamata
742 2030 834 2093 lites·

121 2116 229 2178 arbitrii
232 2125 370 2201 propria,
384 2121 641 2203 mqueaaturciir.
652 2126 682 2184 4.
700 2121 833 2187 Veterum

121 2206 240 2285 Patruus,
259 2230 297 2273 ae
315 2212 450 2293 primum
475 2212 643 2278 Graecoram
660 2213 833 2275 testimoniis

119 2299 254 2379 pedatae,
292 2303 420 2366 arbitrii
445 2305 538 2368 liberi
564 2321 707 2369 macram
741 2305 772 2366 ia
799 2324 833 2368 ea

120 2392 612 2481 anmoiaeiipeadipotestatecitro
621 2397 832 2474 necessitatem,

120 2485 373 2549 essentitatem.

120 2664 139 2726 ι.
157 2666 231 2730 Bene
243 2668 306 2731 boc
317 2671 350 2731 iu
364 2671 497 2749 Epicuro
510 2672 737 2753 reprehensum
756 2678 835 2735 esta

90 2755 249 2837 ld.lullio¹,
270 2760 359 2841 quod
386 2780 460 2824 cum
486 2763 583 2826 finem
610 2764 772 2840 ultimum,
798 2783 835 2826 ac

89 2863 220 2911 mmmum
233 2850 356 2914 bonum
370 2853 404 2915 in
417 2854 575 2935 voluptate
591 2861 721 2936 poneret
729 2875 738 2933 ;
761 2855 835 2918 huic

89 2937 133 3017 ipsi
151 2944 263 3004 nomini
286 2943 450 3026 voluptatis
472 2965 538 3007 nou
565 2949 718 3023 eamdem,
738 2966 833 3027 ιιιιιιιι

89 3035 267 3097 conmuniter
280 3054 404 3113 omnes,
419 3037 587 3112 sedaliam,
604 3056 663 3101 nec
678 3057 747 3101 eam
762 3040 834 3118 qui-

88 3121 144 3184 dam
163 3127 230 3187 satis
254 3133 448 3203 constanter,
475 3129 637 3191 notionem
655 3130 828 3210 subjiceret.

89 3212 150 3275 liam
160 3235 226 3278 eum
239 3218 445 3297 invidiosum,
459 3224 491 3281 et
501 3219 617 3282 imame
627 3222 746 3283 videret
755 3240 834 3299 esse,

88 3309 141 3367 lum
158 3309 342 3371 vocabulum
359 3309 448 3388 illud,
463 3317 532 3373 tum
552 3312 635 3393 quod
659 3331 696 3374 eo
715 3313 833 3393 signifi-

87 3402 177 3474 ealur;
200 3403 283 3481 quod
308 3402 400 3463 illum
423 3402 561 3483 profiteri
595 3402 742 3483 pudebat,
755 3405 835 3485 idip-

86 3505 142 3549 sum
159 3490 332 3566 obscurare,
350 3511 386 3554 ac
402 3494 597 3557 dissimulare
610 3495 836 3576 interpretandi

87 3580 220 3645 alumnis
240 3585 374 3662 studuit,
399 3591 430 3646 et
456 3593 641 3667 extorquere
663 3605 703 3649 cx
723 3589 836 3650 animis

86 3675 254 3753 cognitiones
266 3674 451 3756 verberum,
466 3678 581 3758 quibus
594 3676 719 3756 imbuti,
731 3697 834 3741 essue

86 3763 155 3844 tique
171 3786 287 3833 sumus.
313 3769 424 3847 Itaque
444 3788 557 3849 negare
582 3769 665 3831 illius
692 3770 835 3853 discipuli

85 3856 220 3937 solebant,
234 3860 332 3941 vulgo
351 3860 420 3924 sciri
444 3860 483 3922 ab
504 3863 551 3931 iis,
568 3862 624 3943 qui
644 3869 751 3924 eontra
771 3863 833 3924 dis-

1584 299 1644 361 283

879 483 944 527 non
957 482 1066 543 agere3
1081 467 1218 547 itemque
1227 466 1266 529 de
1279 464 1402 528 duobus
1413 463 1472 526 sibi
1481 465 1646 546 propositis

878 557 1063 620 alterutrum
1076 558 1189 638 eligere
1200 580 1207 635 3
1222 559 1266 620 ita
1279 566 1316 620 ut
1328 558 1401 619 huie
1411 557 1516 637 ipsum
1529 557 1644 637 potius,

878 668 972 730 quam
984 651 1042 727 illi,
1056 652 1143 713 nulla
1156 651 1364 713 determinans
1382 650 1545 711 necessitas
1557 648 1645 710 addi·

878 749 936 805 cat.
962 744 1049 805 Hanc
1074 744 1166 807 liberi
1192 743 1312 804 arbitrii
1335 742 1412 817 ιιιιι,
1432 747 1462 804 et
1485 742 1646 803 ιιοιιοιιιιιι

878 833 973 911 docti,
986 841 1018 897 et
1028 835 1143 897 indocti
1156 836 1272 915 pariter
1284 838 1457 913 agnoscunt
1476 852 1484 893 ι
1501 832 1536 893 in
1549 850 1647 912 eaque

879 926 1094 989 constituenda
1107 931 1276 1006 perpetuus
1288 925 1472 986 Christianae
1490 924 1648 1005 sapientie

879 1035 952 1079 cum
965 1018 1095 1098 prolana
1106 1035 1275 1080 admensus
1290 1017 1415 1079 ιιιιιιιι.
1431 1017 1506 1091 Qus
1518 1034 1568 1077 res
1581 1015 1647 1077 col-

879 1108 950 1170 latis
963 1110 1045 1173 inter
1064 1128 1097 1172 se
1117 1110 1299 1186 Aristotelis,
1322 1114 1565 1187 ceterorumque
1577 1108 1647 1188 pbi-

879 1200 1095 1281 losophorum,
1112 1221 1149 1264 ac
1168 1208 1311 1265 veterum
1325 1202 1472 1277 Petrum,
1491 1199 1649 1280 theologe

880 1309 1014 1372 rumque
1027 1296 1187 1357 sententiis
1201 1294 1411 1357 demonstrata
1425 1299 1471 1354 est
1479 1292 1579 1353 tribus
1588 1291 1649 1352 illis

879 1382 978 1463 libris,
991 1386 1120 1464 quosdc
1138 1405 1175 1448 eo
1193 1391 1377 1466 argumento
1398 1384 1588 1462 scripsimus.
1604 1384 1650 1443 Ex

881 1475 994 1555 quibus
1005 1478 1165 1540 verissima
1180 1481 1268 1540 hoca
1283 1479 1316 1540 S.
1329 1477 1450 1538 Thema
1462 1476 1651 1555 litterispro·

881 1568 981 1629 ditum
994 1587 1061 1632 esse
1072 1569 1208 1631 constat¹
1226 1590 1233 1631 :
1253 1570 1478 1631 «Voluntatem
1497 1587 1563 1631 esse
1575 1570 1649 1631 acti·

881 1661 1151 1742 vumprincipium
1164 1680 1229 1723 non
1242 1661 1482 1723 determinatum
1492 1661 1650 1739 adunam,

881 1752 935 1812 sed
947 1752 1159 1815 indifferenter
1171 1772 1203 1815 se
1217 1754 1336 1815 habeus
1353 1754 1391 1815 ad
1412 1754 1522 1815 multa.
1537 1774 1553 1812 c
1571 1755 1652 1815 Tum

882 1844 966 1923 quod
978 1845 1038 1905 alio
1052 1847 1085 1906 in
1100 1846 1169 1907 loco
1185 1845 1308 1908 (ιοιιιιι8
1326 1866 1333 1907 ι
1353 1846 1548 1925 «Proprium
1561 1845 1652 1907 liberi

883 1935 1004 1997 arbitrii
1020 1955 1084 1999 esse
1103 1938 1306 1999 electionem:
1322 1940 1367 1999 Ex
1387 1938 1445 1999 boe
1464 1938 1547 1999 enim
1561 1937 1653 1999 liberi

883 2025 1004 2088 arbitrii
1024 2046 1089 2089 esse
1109 2029 1251 2105 dicimur,
1271 2031 1355 2109 quod
1369 2047 1534 2110 possumus
1550 2047 1652 2090 unum

884 2118 1031 2198 recipere,
1049 2121 1109 2182 alio
1128 2128 1280 2196 recusato,
1296 2123 1382 2201 quod
1400 2127 1446 2183 est
1468 2122 1594 2200 eligere.
1615 2123 1654 2183 Et

883 2210 952 2271 ideo
964 2217 1107 2274 naturam
1120 2213 1210 2275 liberi
1223 2214 1344 2275 arbitrii
1356 2233 1397 2276 ex
1409 2214 1559 2276 electione
1577 2232 1652 2275 con·

888 2302 1021 2365 siderare
1035 2309 1166 2385 oportet.
1182 2326 1197 2363 u

924 2394 993 2455 Non
1007 2395 1068 2456 alia
1089 2414 1180 2459 mens
1192 2402 1237 2458 est
1255 2397 1401 2473 Nemesii,
1421 2397 1549 2460 Maximi
1568 2415 1652 2459 mar-

882 2483 971 2561 tyris,
986 2483 1138 2546 Anastasii
1151 2486 1289 2564 Sinaitm,
1310 2487 1440 2548 loannis
1459 2487 1652 2560 Damasceui,

885 2577 1125 2656 Graecorumque
1148 2582 1342 2654 caeterorum,
1359 2579 1415 2657 qui
1434 2578 1474 2639 ad
1497 2578 1655 2641 scholasti-

884 2685 956 2728 cum
969 2671 1148 2729 nostrorum
1173 2670 1330 2731 tradendae
1347 2670 1513 2750 theologias
1532 2688 1653 2732 marem

884 2760 1012 2839 propius
1027 2767 1232 2837 accesserunt,
1248 2780 1283 2823 ac
1301 2761 1339 2822 de
1355 2761 1446 2822 liberi
1464 2761 1584 2823 arbitrii
1597 2780 1654 2823 na·

884 2865 955 2911 tura
961 2850 1114 2928 subtilius,
1126 2857 1219 2931 atque
1233 2871 1272 2913 ex
1290 2852 1427 2933 professo
1440 2853 1652 2932 disputarunt.

885 2942 945 3008 Qui
963 2942 1090 3021 quidem
1112 2943 1307 3006 Aristotelem
1320 2945 1355 3004 iu
1377 2944 1524 3005 omnibus
1544 2946 1653 3017 secuti,

884 3052 923 3096 ex
942 3051 979 3095 ec
1000 3051 1124 3113 quoque
1145 3036 1240 3097 verba
1254 3035 1320 3115 ipsa
1333 3037 1468 3097 mutuati
1487 3042 1571 3098 sunt.
1594 3038 1656 3099 Nec

883 3145 970 3188 serus
987 3124 1041 3186 alii
1060 3127 1170 3204 Graeci,
1191 3128 1353 3207 Latinique
1376 3128 1483 3188 Patres
1498 3128 1655 3191 existima·

884 3225 969 3285 runt,
985 3224 1021 3278 ιιι
1045 3235 1084 3279 ex
1107 3204 1281 3280 multorum
1309 3219 1501 3295 testimoniis,
1527 3239 1597 3299 qua
1621 3222 1656 3283 in

884 3309 945 3371 illis
956 3309 1043 3370 libris
1056 3309 1295 3390 descripsimus3
1309 3317 1379 3372 tum
1392 3329 1432 3373 ex
1445 3311 1494 3384 iis,
1510 3329 1581 3391 quse
1602 3331 1654 3375 su·

884 3400 979 3462 binde
996 3399 1177 3474 referemus,
1191 3403 1333 3481 cognosci
1347 3402 1471 3481 poterit.

926 3492 1065 3566 Quorum
1078 3492 1220 3552 omnium
1233 3511 1270 3555 eo
1281 3493 1395 3573 placita
1416 3493 1605 3572 conspirant,
1620 3501 1656 3556 ιιι

884 3583 1018 3645 liberum
1032 3582 1197 3644 arbitrium
1210 3585 1291 3645 circe
1306 3602 1343 3645 ea
1356 3585 1573 3645 tantummodo
1588 3604 1656 3649 ver·

885 3682 979 3749 setar,
995 3675 1029 3736 in
1044 3675 1157 3755 quibus
1177 3693 1242 3736 esse
1258 3681 1359 3756 potest
1372 3676 1478 3737 electio
1496 3696 1503 3737 ε
1522 3695 1655 3756 quaeque

886 3771 917 3827 et
930 3765 1117 3845 contigentia
1135 3771 1219 3841 sunt,
1236 3771 1267 3827 et
1280 3766 1372 3847 plura
1385 3766 1467 3828 inter
1480 3785 1513 3829 se
1529 3786 1655 3849 compa·

886 3858 948 3918 rari
961 3858 1083 3932 debent,
1099 3861 1137 3917 ut
1149 3858 1249 3920 libera
1263 3859 1303 3920 sit
1315 3876 1354 3919 ex
1365 3859 1518 3921 ambobus
1532 3861 1654 3938 saltem,

85 3950 225 4026 putabant,
234 3970 334 4032 quam
347 3952 461 4014 diceret
469 3953 620 4034 Epicurus
635 3954 833 4034 voluptatem.
885 3950 980 4011 unius
992 3950 1088 4030 optio.
1104 3951 1222 4030 Exque
1236 3951 1431 4030 aequitania
1444 3952 1656 4015 rebusneces·

86 4038 136 4102 Sed
158 4061 207 4105 eos
233 4042 350 4105 merito
373 4043 504 4120 deridet,
527 4042 691 4123 arguitque
716 4044 835 4122 Cicero,
886 4042 984 4118 seriis,
1001 4042 1084 4103 etad
1104 4060 1204 4105 unum
1217 4042 1356 4116 redactis,
1373 4060 1409 4103 ac
1432 4043 1653 4120 determinatis,

84 4133 154 4210 qaod
172 4154 238 4197 rem
264 4141 476 4217 pervagatam,
502 4135 711 4216 omnibusque
729 4141 838 4197 ιιοιιιιι
886 4152 1019 4213 quaeque
1044 4133 1135 4195 aliter
1160 4133 1228 4195 fieri
1254 4137 1427 4215 nequeunt,
1449 4134 1569 4197 nullam
1590 4154 1655 4199 esse

84 4224 142 4287 trita
153 4246 224 4289 voce
238 4226 451 4303 nominantes,
462 4245 526 4287 non
540 4224 623 4287 idem
637 4228 721 4306 quod
735 4228 837 4289 caetcri
886 4224 976 4287 liberi
997 4225 1190 4287 lunellonem
1213 4225 1364 4287 arbitrii:
1387 4244 1423 4287 eo
1447 4227 1530 4306 quod
1552 4245 1655 4307 neque

84 4318 210 4380 mandes
221 4318 443 4397 mtellrgerent
887 4317 1014 4379 consilio
1040 4336 1076 4379 aa
1103 4317 1333 4392 deliberationi,
1361 4337 1417 4380 nec
1444 4319 1586 4381 electioni
1608 4321 1653 4385 ibi

19 4422 66 4515 ιιι-
115 4408 203 4491 llujas
215 4429 282 4472 non
304 4408 461 4471 dissimilis
478 4408 643 4469 nostdera
667 4408 835 4490 noridog-
886 4410 1044 4485 locasset,
1059 4408 1229 4471 ubitotum
1244 4410 1406 4475 necessitas
1419 4412 1590 4490 occrrpavit.

19 4482 160 4562 um'ortilis
170 4502 311 4583 pabonis
328 4500 455 4582 querela
473 4518 538 4563 esse
557 4504 683 4581 potest:
699 4500 754 4580 qui
767 4520 837 4563 cum
926 4502 966 4562 II
988 4500 1029 4561 at
1045 4500 1158 4581 nuperi
1181 4502 1278 4562 nostri
1298 4503 1503 4583 dogmatista,
1520 4509 1651 4578 naturae,
1685 4525 1737 4580 sup
1739 4534 1828 4569 aarum

82 4587 761 4671 dcbbertatevoluntatisbumsnaedisputant,
772 4593 838 4655 rim
887 4592 1121 4673 communisque
1139 4611 1258 4663 sensus,
1282 4600 1314 4654 et
1335 4594 1464 4655 rationis
1487 4594 1585 4673 obliti,
1608 4599 1656 4657 tot
1680 4537 1828 4674 ὼβιῗξξῑζῗῗ·

82 4679 181 4746 briant
206 4684 466 4748 communibus
452 4683 602 4759 sensibus,
622 4690 653 4745 et
679 4682 835 4760 usitatam,
886 4683 1023 4745 veritatis
1051 4690 1099 4744 cat
1086 4684 1208 4745 thelica
1236 4686 1403 4764 contempt
1395 4703 1422 4746 rs
1448 4686 1589 4763 testibus,
1615 4687 1655 4748 ad
1694 4684 1813 4781 Πξξῐιξῗξθ

81 4790 109 4834 ιι
126 4782 280 4859 receptam
305 4774 393 4838 liberi
413 4775 671 4855 significationem
692 4795 787 4857 prava
806 4782 837 4837 et
886 4776 991 4837 haeret
969 4781 1046 4837 ticos
1068 4776 1213 4856 capitales
1234 4773 1317 4851 fidei,
1339 4783 1371 4838 et
1391 4777 1532 4843 Ecclesiae
1554 4778 1658 4840 hostes

81 4865 182 4929 absona
204 4867 462 4948 interpretatione
488 4867 684 4947 detorquent.
713 4866 837 4928 Etenim
886 4870 1093 4929 adhaerescere
1106 4867 1287 4929 maluerunt
1306 4886 1363 4929 :ac
1376 4869 1415 4929 de
1428 4868 1533 4930 liberae
1544 4869 1656 4933 volun-

80 4959 256 5043 quicumque
268 4958 361 5023 liberi
370 4958 531 5020 hominem
544 4958 663 5019 arbitrii
675 4976 740 5019 esse
749 4958 835 5036 dicit,
886 4961 957 5021 tatis
970 4965 1092 5033 natura,
1104 4964 1135 5019 et
1147 4960 1334 5040 proprietate
1347 4960 1431 5021 idem
1446 4978 1571 5040 prorsus
1585 4981 1657 5023 eum

79 5047 196 5129 liquari
222 5052 299 5114 dicit
320 5051 419 5127 novit,
437 5056 490 5111 aut
514 5049 637 5130 cogitat,
653 5049 733 5110 nibil
753 5050 838 5112 aliud
886 5051 969 5131 ipsis,
991 5056 1021 5111 et
1039 5050 1151 5111 iisdem
1173 5051 1346 5129 sententiis,
1369 5054 1571 5132 argumentis,
1587 5072 1656 5115 ver·

79 5139 135 5218 ειιιι
146 5144 282 5207 accurrit
303 5144 419 5219 animo,
435 5142 495 5203 nisi
516 5144 559 5202 sic
575 5162 595 5203 a
617 5148 731 5203 natura
748 5141 838 5202 illum
886 5142 996 5222 bisque
1020 5142 1144 5203 sentire.
1170 5142 1322 5216 Quodne
1346 5144 1509 5224 quiseasu
1534 5145 1654 5224 postus,

79 5232 273 5309 caenatum,
290 5242 324 5297 ut
336 5234 371 5295 in
384 5238 532 5314 potestate
545 5233 658 5295 habeat
669 5250 773 5312 agere,
787 5233 837 5294 vel
886 5251 981 5312 quam
995 5238 1078 5293 certo
1098 5233 1237 5311 consilio,
1256 5252 1292 5296 ac
1312 5234 1351 5296 de
1368 5234 1519 5296 industria
1539 5235 1656 5295 iactum

102 5434 166 5481 ιιι,
178 5436 187 5483 l
198 5438 226 5482 dc
239 5438 281 5489 tin.
293 5459 320 5471 -
331 5441 344 5480 a
359 5434 385 5480 ln
396 5433 414 5487 l,
425 5433 454 5485 11,
466 5446 488 5492 q.
497 5446 519 5481 ι,
531 5441 574 5480 art.
585 5444 650 5481 ιι-
660 5435 674 5479 ι
683 5435 707 5477 ιιι
721 5432 784 5490 lpse.
792 5444 815 5487 q.
829 5442 917 5486 ωιιιι,
928 5440 971 5477 ιιι.
982 5432 1003 5477 ι.
