3956 6158
454 252 921 333 uuiremuthensis.
945 254 1016 333 xit,
1044 255 1130 322 CAP.
1153 255 1230 321 ltll'.

73 430 99 486 at
114 422 230 501 mugnis
241 421 378 483 offertur.
397 442 410 478 i
430 420 476 482 rln
491 421 655 500 qirisquam
674 420 750 481 adeo
766 419 823 479 de-

73 517 144 594 sipit,
159 521 192 575 ut
203 514 386 575 sacrificium
399 514 529 575 describi
542 514 605 573 illic
621 531 640 574 a
660 511 824 590 Fulgentio

73 612 148 687 putet
165 606 320 666 communi
332 605 435 685 aliqua
457 605 588 679 ratione,
604 622 640 664 ac
661 604 823 683 metapho-

73 699 135 773 rica,
149 716 209 758 nou
222 697 380 776 singulari,
396 716 433 759 ao
445 697 571 776 propria
582 694 804 756 nominatum?

106 791 185 851 Idem
198 789 276 850 libro
291 790 328 850 de
342 789 417 849 Fide
437 788 477 849 ad
495 789 628 860 Petrum,
649 789 747 869 capite
762 803 823 848 xix.

77 881 290 941 «Firmissime
319 886 401 956 tene,
426 889 458 943 et
478 881 664 941 nullatemus
689 879 822 953 dubites,

75 973 180 1052 inquit,
208 973 311 1051 ipsum
337 974 531 1052 unigenitum
557 974 655 1033 Derim
687 971 826 1031 Verbum

75 1082 184 1125 caruem
201 1064 319 1127 iactum
332 1084 364 1126 se
375 1085 431 1145 pro
444 1065 535 1127 nohis
548 1064 697 1125 obtulisse
714 1063 828 1124 sacriti-

74 1158 154 1224 cium,
169 1161 198 1216 et
217 1157 349 1218 hostiam
368 1159 431 1219 ileo
451 1159 484 1218 iu
509 1158 635 1219 odorem
657 1155 825 1230 suavitatis,

74 1255 122 1309 etc.
135 1254 164 1309 ct
181 1249 230 1310 cui
252 1267 350 1326 utino,
371 1251 403 1312 id
417 1258 462 1312 est
479 1260 618 1330 tempore
632 1248 704 1309 novi
720 1249 826 1309 Testa·

44 1356 46 1360 '
75 1343 167 1414 menti,
192 1360 264 1403 cum
290 1344 389 1416 Patre,
415 1350 446 1402 at
472 1343 589 1422 Spiritu
613 1346 729 1411 sancta,
754 1357 826 1401 crim

74 1433 171 1511 quibus
196 1433 241 1493 illi
275 1440 322 1494 est
349 1453 413 1494 uua
447 1435 609 1507 diviuitas,
642 1432 826 1494 sacrificium

74 1524 191 1603 proisel
202 1525 266 1586 vini
277 1527 313 1585 iu
326 1524 432 1601 [idest
440 1527 567 1587 caritate
577 1532 683 1586 sacula
693 1524 827 1584 Ecclesia

74 1615 207 1676 catholica
221 1635 277 1695 per
288 1617 469 1679 universum
484 1619 592 1679 orbem
605 1623 696 1678 terrm
716 1616 827 1676 offerre

74 1725 129 1768 uon
141 1715 245 1783 cessat,
261 1730 277 1766 r
297 1714 355 1770 elc.

23 1812 40 1875 ᾗ
107 1800 169 1859 llll.
197 1801 348 1861 Caesarius
367 1800 553 1862 Arelatensis
577 1800 705 1861 homilia
728 1818 770 1861 ru
793 1799 827 1861 de

75 1890 198 1966 Pascite,
217 1893 456 1954 «Necessarium
469 1893 559 1954 nobis
573 1899 649 1967 erat,
664 1893 776 1972 inquit,
792 1898 828 1953 ut

74 1984 102 2044 iu
111 1985 161 2045 hac
174 1984 221 2045 die
235 1992 465 2046 sacramentum
476 1985 613 2064 corporis
625 1990 656 2046 et
668 1985 827 2063 sanguinis

75 2083 261 2154 consecraret,
277 2084 314 2139 ut
327 2079 480 2139 coleretur
498 2078 616 2156 jugiter
629 2096 684 2157 per
706 2085 826 2157 myste-

74 2170 155 2242 rium,
171 2170 252 2249 quod
267 2170 366 2232 semel
379 2170 568 2232 offerebatur
578 2170 612 2230 in
628 2171 776 2248 pretium3
794 2175 829 2230 ut

75 2262 137 2340 quia
158 2264 353 2342 quotidiana,
373 2271 401 2324 et
426 2262 576 2324 indelessa
604 2263 747 2323 currebat
773 2282 828 2342 pro

75 2353 222 2416 hominum
240 2357 342 2417 salute
369 2356 551 2434 redemptio,
566 2361 714 2435 pcrpetua
734 2355 829 2415 etiam

75 2452 144 2506 essm
163 2448 386 2528 redemptionis
410 2448 537 2521 oblatio,
551 2452 582 2507 et
602 2447 748 2527 perennis
760 2448 828 2507 vic-

75 2538 141 2598 tima
152 2539 270 2600 uiseret
290 2540 323 2599 in
344 2540 534 2600 memoria.»
561 2540 604 2600 llo
618 2538 749 2599 subinde
764 2539 828 2618 ple-

75 2630 135 2691 nius
147 2649 304 2711 exponens
322 2632 413 2711 quale
436 2632 475 2692 sit
495 2632 553 2693 hoc
576 2632 773 2706 sacrificium,
786 2631 831 2691 ita

74 2718 219 2800 loquitur:
240 2746 256 2782 a
270 2724 320 2785 Ad
340 2724 589 2803 cognoscendum
608 2729 638 2784 et
655 2724 829 2803 percipien-

75 2814 139 2873 dum
151 2817 337 2878 sacrificium
346 2817 411 2876 reri
421 2818 568 2896 corporis,
577 2816 643 2896 ipse
653 2823 682 2877 te
692 2816 827 2889 roboret,

75 2910 101 2963 et
110 2910 240 2984 potentia
254 2909 463 2970 consecrantis
476 2908 595 2969 invitet.
612 2929 627 2964 u

28 3014 32 3023 '
109 2999 191 3064 Quod
210 3002 250 3062 ad
273 3001 458 3079 Gregorium
481 3002 608 3080 Pupam,
624 2999 831 3080 eumdemque

75 3098 266 3169 cognomento
281 3093 430 3171 hlagnum
441 3093 831 3172 attinet,superracaneum

74 3188 114 3242 est
125 3184 187 3262 ejus
200 3204 239 3246 ex
254 3185 377 3264 scriptis
399 3186 437 3246 ad
452 3184 635 3245 sacrificium
656 3184 829 3263 approban-

73 3274 138 3336 dum
149 3278 324 3339 testimonia
338 3277 481 3355 colligere
495 3296 502 3337 :
517 3295 587 3338 cum
601 3276 640 3336 ad
653 3293 783 3336 manum
793 3277 831 3337 sit

73 3366 299 3430 Sacramentarii
310 3387 388 3448 opus
407 3369 527 3448 ingene,
542 3369 576 3428 in
598 3386 659 3447 quo
674 3368 782 3440 Missae,
798 3368 831 3429 id

73 3463 113 3518 est
119 3461 256 3521 sacriticii
263 3461 342 3521 ritus
349 3466 380 3521 et
391 3460 543 3521 ordinatio
555 3460 621 3520 fuse
633 3460 828 3520 describitur.

73 3549 235 3621 Quinetiam
261 3552 298 3612 in
322 3552 409 3613 libris
437 3551 634 3631 Dioloporum
669 3569 732 3611 nen
760 3569 830 3612 rara

72 3639 144 3702 illius
165 3645 300 3706 occurrit
320 3643 447 3705 mentio.
474 3644 514 3704 Ut
537 3644 568 3704 in
596 3649 706 3722 qirarto
728 3642 827 3713 libro,

72 3734 159 3812 capite
171 3753 218 3812 rr,
232 3753 292 3816 pro
305 3737 393 3797 lusto
410 3735 563 3796 monacho
574 3736 608 3795 iu
630 3753 686 3795 suo
706 3753 829 3796 monas-

74 3824 141 3885 terio
153 3827 215 3889 rita
229 3828 349 3901 iuncto,
366 3828 409 3888 ait
423 3845 455 3888 se
472 3827 605 3887 ‹uliebus
619 3827 747 3906 triginta
760 3846 831 3888 con·

72 3915 157 3979 tinuis
182 3920 288 3981 offerri
316 3920 500 3981 sacrificium
514 3940 529 3976 u
556 3919 692 3997 jussisse.
719 3920 758 3979 Et
782 3937 831 3981 ca·

72 4008 828 4090 piteiv1,deCassioNarniensiepiseopo,scribens,

77 4102 832 4183 cQuotidianum‚inquit,offerreDeocousueverat

73 4194 264 4269 mendcium,
300 4213 392 4275 seque
425 4196 459 4256 in
494 4194 629 4255 lacrimis
663 4195 745 4255 inter
765 4195 831 4274 ipse

73 4287 284 4349 sacrificiorum
299 4306 411 4351 areana
425 4287 592 4364 mactabat,
613 4293 671 4347 etc.
692 4287 750 4360 Qui
762 4293 831 4367 post

73 4393 162 4440 annos
174 4387 293 4461 septem
304 4381 370 4460 ipso
387 4380 525 4441 natalitio
536 4378 755 4460 Apostolorum
767 4379 828 4455 dic,

74 4472 315 4533 comitissarum
332 4471 483 4533 solemnia
506 4472 683 4551 peregisset,
698 4477 730 4532 et
746 4489 830 4551 mys-

73 4562 142 4623 teria
163 4582 257 4627 sacrae
281 4563 509 4625 communionis
531 4562 707 4643 accepisset,
727 4582 745 4623 e
763 4581 830 4625 eor·

73 4657 272 4730 persenit.»
650 4644 654 4656 ⁵

109 4747 221 4829 Eligius
252 4747 466 4811 Noviomensis
503 4747 665 4829 episeopus
702 4748 831 4809 homilia

74 4842 170 4902 oetam
196 4842 235 4903 de
261 4841 383 4921 prodigi
402 4840 459 4901 tilii
479 4840 626 4920 parabola
646 4839 829 4920 disputans,

73 4926 164 5011 deque
185 4932 287 4994 verbis
311 4932 378 4994 istis
408 4930 483 4992 :Et
510 4938 658 5013 cepercut
688 4931 828 5012 epuluri3

77 5021 216 5102 cEpulaa,
232 5020 364 5105 inquit⁸,
381 5023 446 5085 istic
468 5040 553 5084 nuuc
576 5021 608 5083 in
628 5020 762 5084 Ecclesia
775 5040 831 5102 per

73 5115 166 5175 totum
187 5116 294 5177 orbem
319 5114 445 5176 dilatata
468 5114 672 5176 celebrantur.
689 5114 830 5189 Quotidie

74 5203 152 5265 enim
164 5205 198 5267 in
211 5212 317 5269 sancta
339 5205 471 5271 Ecclesia
484 5206 602 5266 vitulus
622 5206 679 5267 iste
700 5206 828 5267 sacerri-

1581 261 1641 327 rte

875 436 945 480 mus
959 421 1022 481 Deo
1036 421 1118 480 Patri
1132 439 1188 499 per
1209 423 1380 483 sacerdotes
1402 422 1541 495 offertur,
1558 429 1588 483 ct
1609 425 1641 484 in

874 511 969 571 vitam
985 518 1134 572 aeternam
1146 513 1242 591 pascit
1260 514 1462 594 percipientes
1478 535 1485 575 :
1501 516 1642 594 quicum

874 604 1641 684 quotidieimmolatur,semperintegerpermauct,

874 702 905 755 et
922 696 1150 767 immaculatus,
1164 706 1195 759 et
1208 698 1307 757 vivus.
1322 719 1336 755 u

915 788 1051 848 Isidorus
1068 789 1254 868 Hispalensis
1268 790 1346 850 libro
1359 790 1461 870 primo
1474 790 1509 851 de
1525 790 1644 871 Officiis

874 878 1101 953 Ecclesiasticus,
1117 882 1215 960 capite
1230 883 1405 962 ur111,quod
1418 883 1596 945 inscribitur
1609 883 1644 946 de

874 970 1018 1051 sacrificio
1055 991 1064 1031 :
1107 994 1119 1030 ι
1147 974 1350 1050 Sacrificium,
1377 975 1489 1054 iuquit,
1516 978 1599 1055 quod
1625 996 1644 1037 a

877 1063 1059 1123 Christianis
1086 1066 1151 1125 Deo
1178 1065 1317 1141 offertur,
1345 1068 1481 1146 primum
1505 1068 1643 1130 Christus

876 1154 1029 1215 Dominus
1041 1163 1157 1231 uester,
1169 1163 1199 1218 et
1209 1158 1355 1235 magister
1364 1160 1507 1236 instituit,
1519 1162 1643 1239 qirando

876 1247 1106 1308 commendavit
1120 1250 1275 1328 Apostolis
1289 1268 1401 1330 cerpus
1414 1257 1444 1312 et
1459 1253 1644 1328 saripuiuem

875 1356 979 1411 suum,
996 1339 1177 1419 priusquam
1201 1342 1377 1404 traderetur
1402 1362 1410 1403 ε
1434 1344 1512 1404 sicut
1532 1346 1645 1425 legitur

876 1430 910 1489 in
931 1431 1109 1509 Evangelio.
1138 1434 1268 1514 Accepit,
1293 1434 1505 1512 incuibimus
1525 1456 1642 1517 moeni,

877 1529 904 1581 et
918 1521 1053 1598 calicem,
1062 1530 1089 1584 et
1101 1523 1263 1586 benedicens
1271 1524 1350 1587 dedit
1358 1527 1408 1587 eis.
1422 1529 1509 1601 erod
1519 1529 1644 1609 quidem

876 1621 1104 1676 sacramentum
1124 1618 1325 1679 Melchisedec
1338 1638 1393 1680 rex
1412 1621 1514 1682 Salem
1532 1623 1646 1701 ligura·

876 1705 947 1767 liter
961 1706 994 1767 in
1014 1714 1125 1788 typum
1139 1711 1286 1790 corporis,
1310 1716 1341 1771 et
1353 1713 1512 1789 sauguinis
1533 1716 1646 1776 Christi

875 1798 995 1877 primus
1015 1799 1138 1872 obtulit,
1161 1802 1342 1882 primusque
1366 1806 1547 1886 mysterium
1567 1807 1645 1867 tanti

876 1890 1019 1951 sacrificii
1047 1891 1230 1967 imaginarie
1256 1892 1339 1956 idem
1366 1900 1525 1975 expressit.
1550 1920 1566 1957 u
1590 1900 1645 1960 Cui

876 1982 1084 2060 suffragantur
1104 2003 1212 2047 omues
1236 1986 1293 2064 illi,
1309 1988 1363 2067 qui
1377 1989 1415 2050 de
1428 1991 1645 2053 Ecclesiasticis

877 2075 986 2135 officiis
998 2076 1198 2156 scripserunt.

917 2167 996 2228 Xlll.
1020 2169 1163 2230 Etlierius
1180 2176 1211 2231 et
1232 2173 1347 2233 Beatus
1369 2172 1448 2234 libro
1468 2176 1569 2253 primo
1592 2176 1646 2239 ud·

877 2278 973 2321 tersus
987 2260 1184 2342 Eltpuudum,
1199 2263 1237 2323 de
1255 2264 1402 2325 sacriticio
1422 2268 1521 2328 lllissae
1540 2271 1646 2333 memi-

878 2358 1007 2425 nerunt,
1043 2353 1170 2433 ejusque
1198 2354 1261 2414 ritu
1289 2376 1296 2416 :
1327 2375 1362 2417 ac
1388 2365 1458 2436 post
1484 2361 1646 2424 recitatum

879 2443 1091 2524 Evangelium,
1103 2467 1118 2503 a
1126 2446 1272 2517 Offcrtur,
1282 2447 1452 2529 iuquiunt⁸,
1465 2453 1646 2515 sacrificium

879 2554 972 2615 super
985 2536 1097 2612 altare;
1113 2559 1129 2596 u
1142 2539 1181 2600 de
1195 2558 1257 2619 qrio
1281 2558 1354 2601 mox
1377 2543 1434 2603 ista
1457 2545 1644 2624 subjiciunt:

883 2650 898 2685 a
912 2631 952 2689 ut
964 2630 1039 2708 quid
1051 2635 1116 2691 tam
1127 2632 1314 2706 amabiliter,
1326 2639 1357 2694 et
1370 2637 1595 2714 acceptabiliter
1608 2640 1647 2700 ab

879 2722 1027 2783 omnibus
1054 2728 1214 2799 sumetur,
1240 2725 1324 2803 quod
1351 2744 1408 2804 pro
1432 2729 1477 2787 eis
1501 2730 1645 2805 ollertur,

880 2832 974 2893 quam
988 2815 1099 2876 Christi
1115 2816 1251 2877 humana
1264 2817 1357 2877 carol
1377 2823 1408 2877 et
1427 2821 1502 2897 qiud
1518 2826 1583 2881 tam
1596 2842 1646 2884 aa·

880 2918 1017 2985 ceptum,
1043 2913 1073 2967 ct
1096 2912 1204 2986 aptum
1229 2908 1447 2984 immolationi,
1463 2930 1555 2990 quam
1576 2935 1647 2977 caro

880 2998 991 3059 Christi
1005 2998 1192 3059 mortalislu
1210 3005 1268 3061 etc.
1285 2999 1335 3061 Ed
1359 2998 1464 3081 cquid
1477 3011 1539 3066 tum
1561 3016 1646 3086 grate

880 3090 995 3162 ollerri,
1012 3096 1042 3151 et
1056 3090 1167 3170 suscipi
1185 3093 1291 3171 possit,
1308 3111 1402 3173 quam
1417 3114 1488 3157 caro
1508 3101 1646 3162 sacrificii

880 3184 995 3259 nostri,
1016 3200 1129 3262 eorpus
1156 3184 1268 3245 Christi
1292 3188 1464 3265 perfeetum
1484 3193 1648 3254 sacerdotis

880 3275 988 3335 nostri.
1000 3296 1015 3332 u
1035 3275 1181 3355 Sequitur
1203 3276 1362 3339 uberrima
1381 3280 1420 3339 de
1433 3280 1487 3341 illo
1500 3286 1647 3346 secrilicio

879 3366 1055 3447 disputatio.

923 3460 1079 3520 Addamus
1091 3459 1139 3520 his
1153 3460 1352 3523 Paschasium
1367 3464 1554 3529 liudbertum
1570 3490 1577 3543 ;
1594 3470 1648 3550 qui

879 3551 958 3612 libro
977 3550 1012 3612 de
1031 3571 1160 3632 corpore,
1189 3558 1216 3614 et
1240 3555 1379 3633 sosipatre
1403 3557 1525 3619 Dortiui
1551 3566 1648 3642 cupite

879 3644 1000 3722 qiriuto,
1017 3642 1096 3704 iuter
1107 3644 1179 3720 alia,
1195 3664 1265 3725 quae
1280 3647 1318 3707 de
1333 3646 1533 3712 Ericharistiar
1547 3671 1646 3715 sacra·

880 3742 997 3811 mento,
1012 3742 1043 3797 et
1058 3736 1171 3797 Christi
1189 3756 1327 3818 corpore,
1339 3759 1375 3801 ac
1387 3744 1538 3821 sauguine
1549 3747 1649 3827 reipsa

879 3826 913 3887 in
928 3827 979 3887 illa
993 3828 1221 3908 comprehensis
1236 3832 1355 3905 usserit,
1375 3833 1413 3894 de
1436 3837 1584 3899 sacrificio
1605 3839 1649 3900 ila

878 3918 1036 3999 loquitur:
1056 3944 1072 3979 a
1087 3922 1172 3983 Patet
1189 3922 1289 4001 ,igitur
1315 3925 1398 4004 qirod
1421 3932 1451 3987 et
1473 3946 1573 4007 ugnus
1597 3930 1648 3993 ille

879 4011 997 4089 legalis,
1010 4019 1041 4073 at
1055 4032 1181 4089 manaa,
1196 4020 1227 4074 et
1241 4015 1348 4075 omnia
1365 4016 1554 4097 hujusmodi,
1577 4041 1647 4102 quae

880 4104 1013 4184 liguram
1022 4111 1183 4184 gesserunt
1196 4108 1343 4181 resumet
1353 4104 1512 4183 sanguinis
1521 4112 1644 4186 Christi,

880 4197 964 4276 quod
986 4215 1092 4276 passus
1117 4198 1211 4259 semel
1239 4199 1272 4258 iu
1302 4199 1429 4269 Pascha,
1456 4209 1487 4262 et
1510 4205 1647 4282 qarotidie

881 4307 974 4368 super
1000 4289 1096 4351 altare
1119 4308 1211 4357 mane
1235 4309 1270 4350 ac
1294 4309 1420 4371 uespere
1451 4294 1645 4375 immolatur,

881 4381 1006 4441 nonnisi
1019 4382 1151 4459 figuram
1165 4381 1254 4443 istius
1268 4382 1404 4445 habuere
1418 4388 1568 4466 mysterii.
1584 4410 1600 4447 a

920 4475 958 4533 Et
971 4474 1070 4553 cupite
1082 4493 1125 4534 ur.
1142 4496 1157 4532 a
1167 4477 1412 4539 Iteraturautem
1427 4480 1565 4557 quotidie
1580 4482 1646 4544 hac

880 4564 1007 4641 oblatio,
1023 4566 1095 4627 licet
1108 4567 1246 4627 Christus
1261 4569 1356 4629 semel
1374 4588 1482 4647 passus
1497 4573 1526 4632 iu
1542 4592 1645 4651 carne,
1680 4600 1693 4619 ·

880 4676 935 4737 per
969 4676 1076 4734 unam,
1106 4658 1308 4738 eamdemque
1336 4661 1445 4722 mortis
1472 4664 1646 4743 passionom

880 4749 1042 4810 salvaverit
1053 4750 1217 4812 mnndum.
1235 4772 1250 4808 u

1695 818 1786 864 lsldoro.

921 4842 1110 4904 Humbertus
1125 4843 1285 4923 episcopus
1301 4843 1393 4906 Silvae
1416 4847 1569 4925 candida,
1592 4850 1646 4930 qui
1679 4868 1805 4917 uenturo.

881 4952 965 4995 anno
993 4933 1107 4996 Christi
1134 4936 1207 4996 leot
1238 4933 1647 5013 constituissemus

881 5026 1013 5086 ilicetum
1028 5027 1227 5102 Pectorutum,
1246 5025 1340 5088 refert
1352 5025 1469 5107 legatos
1479 5031 1648 5111 Agathouis

883 5116 973 5196 Papae
997 5118 1105 5178 missos
1135 5118 1433 5199 Constantinopolim
1460 5121 1499 5181 ad
1528 5130 1647 5185 sextam

879 5207 1046 5285 synodum,
1068 5209 1272 5288 interrogatos
1290 5229 1309 5271 a
1327 5210 1526 5273 Constantino
1545 5216 1645 5295 Pogo-

99 5404 108 5449 l
122 5405 178 5451 lon.
189 5408 207 5452 ll
221 5410 275 5454 citt.
287 5409 407 5454 -tttucae
418 5412 493 5455 xu-tl
508 5409 565 5464 Elig.
582 5414 633 5453 loru.
647 5409 665 5454 ll
677 5407 850 5455 tritt-llum.
862 5408 881 5455 ll
894 5412 949 5455 utut.
965 5418 1052 5467 paragr.
1067 5410 1088 5455 2.
1101 5435 1128 5445 -
1141 5413 1154 5458 ὅ
1167 5411 1221 5457 llud.
1235 5412 1403 5460 soa-arom.
1413 5416 1447 5470 ll',
1458 5430 1505 5475 por.
1517 5418 1544 5469 tl,
1562 5421 1618 5467 atti.
