3956 6158
485 344 536 406 uu
555 342 854 419 lucluunttuuu,
881 344 952 405 LlB.
975 344 1044 422 XII,
1071 345 1154 408 CIP.
1177 344 1258 411 VllI.

102 520 272 595 iuncique
286 513 324 574 ael
344 530 461 593 pacem,
477 531 512 574 oc
534 512 730 573 concordiam
745 510 840 591 parti-

101 616 161 675 rent
170 608 284 670 mirifice
293 606 363 668 illos
377 606 546 671 mannae.
560 627 576 664 ο

133 704 201 764 Tum
222 699 324 780 paucis
344 698 522 778 interjectis,
546 703 577 759 et
599 702 842 761 commemorata

102 795 171 858 unia
189 791 355 872 prophetia,
370 809 440 871 quae
465 796 573 871 gentes
598 789 737 871 praedicit
754 808 842 851 enses

102 905 168 962 suos,
181 891 209 946 et
220 885 338 945 lanceas
350 884 385 945 in
396 884 624 962 agricolationis
638 884 843 943 iustrumenta

101 995 286 1053 conversurus,
303 995 361 1038 nac
376 976 449 1037 hclli
469 976 633 1056 vestiqum
649 993 779 1054 usquam
792 993 842 1036 re-

100 1072 201 1151 liquum
221 1069 295 1143 fora,
318 1069 376 1129 istu
394 1067 536 1148 pertexit.
556 1089 571 1126 a
593 1068 699 1147 Neque
718 1086 792 1129 vero
811 1066 843 1128 id

100 1160 255 1226 incredibile
265 1160 364 1221 videri
386 1161 478 1221 dehet
494 1181 501 1221 ι
518 1177 590 1221 cum
603 1160 757 1239 hodieque
770 1162 844 1221 Bar-

101 1255 164 1330 lau,
177 1253 282 1333 quibus
295 1255 314 1313 a
327 1259 438 1314 natura
462 1270 589 1314 morum
615 1253 707 1313 insitu
723 1259 769 1313 ast
780 1253 843 1313 im-

22 1399 25 1404 .
100 1348 228 1419 manitas,
261 1347 412 1426 quamdiu
442 1346 533 1406 ianus
565 1346 629 1405 suis
660 1345 843 1416 sacrificant,

100 1444 188 1501 contra
196 1457 226 1500 se
239 1439 371 1500 invicem
384 1437 488 1499 lurore
503 1438 614 1518 perciti
626 1437 765 1499 ferantur
772 1458 780 1513 ;
788 1456 846 1499 nae

100 1532 195 1611 ubsque
208 1532 314 1611 gladiis
333 1531 384 1590 vel
403 1548 467 1590 una
481 1530 557 1590 hora
580 1530 698 1609 possint
717 1530 843 1591 viuere:

99 1624 178 1687 iidem
201 1642 283 1696 vero,
306 1629 471 1702 postquam
497 1622 677 1683 Christiano
697 1622 844 1682 doctrinae

100 1717 251 1778 auscultare
265 1716 427 1796 coeperint,
449 1716 552 1776 statim
566 1715 655 1776 hellis
669 1714 792 1792 relictis,
807 1715 846 1775 ad

99 1810 301 1887 agriculturam
314 1826 379 1869 sese
393 1806 553 1869 conferant
569 1827 576 1868 ε
593 1826 629 1868 ao
642 1826 698 1887 pro
708 1812 846 1870 tructan-

99 1903 136 1963 dis
147 1902 255 1981 gladiis,
264 1918 378 1962 mauras
392 1901 430 1961 ad
444 1918 549 1980 preces
567 1901 735 1961 extendant
744 1920 752 1975 ;
769 1907 801 1961 et
812 1905 847 1960 ut

98 2000 174 2055 antea
196 1993 283 2055 hellis
310 1993 391 2053 inter
415 2011 447 2053 se
472 1992 591 2053 mutuis
610 1992 848 2053 ce1·tuhunt:ita

99 2087 221 2167 deinceps
242 2086 413 2156 diabolum,
429 2084 557 2163 ejusque
580 2084 737 2145 daemones
756 2085 845 2163 pudi-

99 2178 163 2240 u’tiae
183 2179 286 2252 armIs,
300 2183 331 2238 et
354 2177 451 2237 animi
473 2175 639 2237 virtutihus
654 2183 845 2256 oppugnent.

99 2272 152 2331 linc
173 2278 272 2332 antem
300 2270 467 2331 divinitatis
488 2270 600 2331 Christi
628 2276 674 2329 cst
691 2269 849 2330 saluatoris

97 2362 258 2433 nutriunt,
277 2385 294 2421 ν
313 2368 371 2424 otc.
392 2363 492 2438 addit,
517 2363 675 2423 daemones
688 2362 848 2423 Imbecilli·

98 2458 157 2517 latis
174 2475 234 2518 suae
256 2456 316 2516 sibi
337 2455 486 2523 conscios.
503 2456 542 2515 ad
562 2460 673 2515 mutua
690 2454 749 2516 sihi
771 2453 848 2515 iula-

98 2550 179 2610 rendc
187 2549 437 2611 hellacoucilasse
445 2547 586 2609 homines
598 2566 605 2622 ;
619 2566 659 2608 ne
666 2547 705 2608 ils
715 2554 848 2623 vacarat,

99 2641 173 2719 odiis,
187 2661 220 2702 aa
233 2640 310 2703 rixis
331 2641 412 2701 inter
435 2658 467 2700 sc
481 2641 606 2719 psautiS,
628 2641 773 2701 adversus
788 2641 849 2700 ιίιο·

1070 831 1287 922 CAPUT
1337 832 1469 921 VIII.

893 1162 937 1225 De
951 1163 1192 1243 interpellatione
1208 1161 1327 1225 Christi
1349 1163 1536 1226 Mediolanii.
1553 1168 1581 1225 l.
1596 1163 1660 1225 Ad-

934 1263 1061 1333 vocatus,
1076 1264 1102 1316 et
1117 1265 1272 1335 παράκλητος
1292 1254 1426 1319 Christus
1438 1255 1619 1336 appellatur,
1632 1263 1663 1317 at

934 1347 1008 1428 quid
1021 1356 1147 1429 utroque
1160 1367 1217 1409 uox
1239 1346 1399 1429 sipnificet.
1415 1350 1445 1410 2.
1461 1347 1506 1409 De
1525 1346 1662 1409 aduocato

934 1439 1057 1501 Aacoru'i
1072 1439 1148 1501 locus
1162 1441 1297 1521 insipnia.
1322 1439 1461 1520 Spiritus
1480 1447 1597 1501 sanctus
1608 1459 1664 1521 quo

934 1551 1016 1592 sensu
1036 1531 1223 1614 interpellare
1244 1532 1288 1595 uel
1318 1532 1466 1614 postulare
1485 1531 1613 1593 dicotur.
1632 1535 1662 1592 3.

937 1622 1070 1685 Clariatus
1093 1625 1215 1707 proprie
1229 1632 1393 1707 ἐντυγχάνειν,
1418 1631 1447 1686 et
1476 1624 1666 1703 interpellare

899 1782 902 1789 Δ
936 1717 1061 1797 (licitur.
1075 1718 1105 1777 5.
1121 1717 1305 1799 Propositus
1330 1717 1463 1797 quaestio,
1480 1722 1596 1797 quaesit
1611 1714 1665 1778 nd-

939 1809 1100 1870 uocotionia
1123 1809 1218 1883 illius,
1233 1809 1293 1870 siue
1313 1809 1563 1890 interpellationis
1585 1808 1666 1869 ratio

935 1900 1084 1961 attributo
1101 1898 1333 1982 Cirist03otque
1349 1901 1498 1982 imprimis
1509 1901 1663 1974 statuitur,

940 1991 1088 2055 Christum
1099 2013 1154 2073 pro
1165 2013 1194 2055 aa
1207 2013 1302 2054 orasse
1315 1993 1385 2055 dum
1400 1993 1517 2055 ur‘uarat.
1533 1995 1564 2055 6.
1580 1994 1666 2056 Pou-

939 2085 997 2145 lini
1009 2085 1207 2165 Aquileiensis
1217 2084 1253 2146 de
1266 2105 1298 2147 an
1318 2104 1350 2145 rr
1372 2085 1449 2146 locus
1471 2085 1664 2167 expenditur.

939 2181 969 2238 7.
994 2177 1148 2252 Qiaoeritur
1160 2176 1266 2238 deinde
1278 2197 1317 2238 an
1328 2177 1368 2239 nd
1381 2177 1515 2239 deutrum
1526 2177 1611 2239 inodo
1623 2197 1666 2239 se-

939 2270 1010 2330 dens
1023 2267 1156 2331 Christus
1169 2278 1232 2330 oret
1251 2288 1305 2350 pro
1328 2269 1417 2331 ιιοθίο.
1436 2269 1513 2347 (lirul
1527 2270 1666 2352 interpel-

940 2361 1011 2423 latio
1030 2363 1067 2423 αθ
1087 2363 1218 2423 oratione
1239 2359 1344 2423 distet.
1377 2362 1451 2423 Tum
1474 2362 1668 2444 quorumdam

939 2455 1037 2534 opimo
1049 2455 1218 2534 trepontium
1230 2474 1315 2516 arara
1325 2453 1419 2516 modo.
1436 2457 1465 2517 a.
1487 2454 1612 2530 Quidam
1622 2474 1668 2516 aas

940 2548 1092 2624 orationes,
1108 2567 1180 2629 pune
1193 2548 1224 2608 in
1235 2547 1357 2610 mortali
1364 2545 1445 2628 ludit
1464 2566 1595 2628 corpora,
1610 2548 1668 2610 oal-

940 2641 997 2703 lruc
1025 2640 1146 2719 operari
1173 2651 1316 2701 assuunt.
1348 2642 1397 2702 10.
1419 2638 1486 2701 Alii
1508 2645 1667 2702 etiamnum

98 2749 191 2795 monas
203 2734 298 2814 ipsos,
313 2732 393 2793 vires
416 2749 486 2792 suas
500 2736 530 2792 ct
544 2731 626 2793 bella
639 2738 828 2792 convertere.

131 2826 194 2886 llaec
207 2825 408 2900 Athanasium
420 2842 490 2904 quae
503 2823 561 2885 hac
575 2824 668 2885 cham
681 2824 852 2885 aetatelicet

940 2752 1024 2794 orare
1044 2738 1163 2812 putant.
1181 2736 1228 2793 li.
1250 2732 1322 2809 Quae
1340 2731 1437 2814 opinio
1450 2731 1545 2812 mopt's
1558 2752 1667 2813 oppro-

941 2825 1038 2886 latur.
1050 2828 1098 2887 ίθ.
1113 2824 1330 2905 Utorpumento
1339 2823 1489 2885 contrario
1498 2822 1666 2900 diluantur,

940 2916 1115 2978 discernitur
1121 2936 1210 2998 penus
1223 2915 1329 2977 orandi
1337 2915 1458 2996 duplae.
1471 2917 1520 2977 13.
1535 2915 1669 2997 Oripcnia

941 3009 1070 3071 absurdo
1087 3009 1244 3070 sententio.
1265 3012 1313 3071 ίί.
1334 3006 1471 3090 Grcporii
1484 3005 1671 3071 Noza'onaeni

940 3099 1247 3184 dictumeapenditur.

98 2916 124 2977 in
143 2917 247 2993 efferis,
266 2927 301 2979 at
316 2918 356 2979 ah
377 2917 463 2977 omui
478 2915 632 2977 derelictis
648 2916 852 2977 humanitatis

97 3011 168 3071 cultu
180 3011 356 3071 nationibus
378 3027 515 3085 caruere,
531 3009 617 3069 velut
640 3010 734 3084 Indis,
752 3010 852 3070 Brasi-

97 3101 238 3181 liensihus,
254 3101 499 3172 Canndensihus,
516 3106 548 3162 et
560 3101 751 3162 Americanis
765 3114 853 3162 ταιο-

96 3196 149 3271 τίο;
162 3199 214 3277 qui
236 3195 390 3277 quamdiu
410 3195 515 3274 patriis
535 3194 644 3254 irretiti
665 3195 852 3274 superstitio·

96 3288 176 3349 nibus
200 3290 359 3350 daemones
385 3287 527 3359 adorant,
557 3286 682 3347 assidua
711 3288 792 3348 inter
820 3306 851 3350 se
942 3288 968 3347 Ι.
993 3287 1301 3369 Promovandanunc
1326 3288 1425 3348 oratio
1448 3292 1553 3349 nostra
1574 3286 1669 3348 estad

96 3379 164 3441 hallu
176 3386 291 3460 gerunt
309 3399 316 3439 ι
333 3398 369 3439 ac
382 3380 525 3452 leonum,
542 3385 573 3439 at
592 3379 738 3458 luporum
752 3397 850 3456 merc,
901 3378 1074 3443 Mediatoris
1088 3378 1227 3441 cilicium
1248 3379 1336 3457 illud,
1352 3381 1436 3460 quod
1459 3380 1580 3442 Christo
1596 3379 1669 3440 iusi-

96 3473 268 3535 exhuslium
294 3471 438 3534 carnibus
459 3471 569 3549 dapes,
584 3479 614 3531 at
636 3471 853 3534 viscerationes
901 3472 1004 3551 gnitcr
1015 3472 1210 3547 attributum,
1220 3472 1260 3533 ab
1273 3472 1333 3534 hoc
1348 3472 1491 3553 deincaepa
1499 3471 1671 3534 communi-

95 3567 251 3628 inuuunt.
276 3568 317 3627 At
337 3564 390 3626 uhi
415 3562 580 3625 Christiani
602 3564 674 3625 faceti
698 3570 780 3639 saint,
801 3584 851 3626 re·
901 3569 1005 3628 catum
1023 3564 1134 3626 transit
1155 3564 1188 3625 in
1209 3570 1331 3627 sanctos
1347 3584 1354 3626 :
1372 3564 1410 3627 da
1434 3583 1496 3646 qun
1515 3564 1670 3627 lastidiosa

95 3658 717 3745 pentapositolenmtesiemsnsnescuut;
730 3658 849 3737 utpati,
902 3656 1013 3735 magis,
1042 3657 1082 3717 oh
1107 3658 1353 3719 adversariorum
1373 3666 1544 3740 μικρολογίαν,
1575 3674 1670 3738 quam
1695 3686 1826 3735 wrm.

95 3750 307 3830 quaminlerrc
326 3750 437 3811 malint
457 3749 599 3835 hostibus
626 3750 745 3811 malum
764 3770 771 3810 :
788 3769 851 3812 eos·
901 3749 1043 3827 difficilis,
1060 3757 1091 3811 et
1104 3748 1252 3829 impedita
1274 3751 1410 3812 uisatur
1429 3751 1559 3831 questio
1576 3770 1583 3812 ε
1599 3769 1668 3830 quas
1741 3750 1800 3786 m·

95 3860 147 3922 que
169 3844 335 3906 benefectis
358 3847 389 3904 et
414 3841 560 3903 omuibus
585 3842 718 3903 caritatis
746 3842 854 3904 ciliciis
902 3843 1046 3907 hocloco
1066 3843 1296 3922 disceptabitur,
1318 3844 1372 3904 arbi
1396 3845 1434 3905 de
1458 3843 1579 3905 Christo
1603 3844 1670 3925 ipso

94 3935 289 3998 demadceant.
902 3937 1005 3999 omnis
1024 3936 1072 3996 uti
1094 3936 1274 4008 sanctitatis,
1298 3936 1338 3996 ita
1356 3936 1670 4018 uleiscendaque
1694 3962 1822 4009 nuncu,

904 4034 977 4091 sunt
992 4034 1198 4089 consentanea
1212 4028 1330 4089 dixero.

945 4124 983 4183 Ut
996 4121 1035 4181 ah
1045 4139 1202 4183 sacrarum
1224 4121 1404 4182 auctoritate
1427 4122 1601 4182 liiterarum
1615 4139 1671 4182 au·

904 4215 1017 4295 spicato
1027 4214 1180 4290 exordiar,
1196 4214 1258 4275 duo
1272 4232 1330 4276 nos
1343 4214 1382 4275 de
1391 4212 1554 4276 Mediatore
1566 4228 1672 4274 nostro

124 4426 263 4480 (titulo,
283 4421 420 4495 Πάλαιμὲν
434 4422 482 4495 γὰρ
497 4415 729 4494 είδυιλολατρούντες
745 4422 854 4490 ἕλληνις,
907 4444 952 4496 μια
965 4429 1091 4497 φρονοῦσι.
1107 4426 1187 4478 πάντα
1207 4425 1233 4477 δὲ
1258 4422 1342 4487 αύτοῖς
1362 4422 1482 4497 εἰρηναῖα,
1503 4426 1544 4479 καί.
1564 4425 1595 4480 τὰ
1612 4426 1673 4498 πρὸς

92 4508 127 4559 nai
138 4509 253 4580 βάρύαροι
273 4506 329 4560 κατ’
350 4505 466 4574 ἀλλήλων
492 4504 637 4577 ἐπολέμουν,
658 4506 698 4558 καί
717 4504 781 4576 ᾠμοί
795 4506 856 4577 πρὸς
905 4507 985 4579 φιλίαν
995 4510 1132 4581 καταθύμια
1142 4509 1229 4562 λοιπόν
1246 4506 1306 4562 ἔστι.

93 4590 279 4663 ῐῠθτννηενῖῖς
293 4588 438 4662 ίΐθῖῖᾱθνθ·
451 4586 496 4641 oin
529 4584 559 4655 lit
573 4587 621 4659 γὰρ
638 4587 694 4640 tw&
708 4588 736 4641 τὸ
752 4588 855 4641 σύνολον
941 4591 1044 4647 blbid.
1065 4590 1177 4645 Καίούιι
1199 4591 1301 4646 ἄπιστόν
1321 4593 1612 4664 petraepontem
1632 4594 1673 4648 nni

93 4673 141 4727 οθτε
154 4674 197 4741 τὴν
211 4678 259 4745 γῆν
274 4672 329 4726 otte
344 4672 388 4740 τὴν
402 4672 525 4725 θάλασσαν
541 4670 650 4737 διαδῆνσι
665 4670 740 4743 χωρίς
755 4679 797 4724 τοῦ
811 4671 855 4738 τὴν
904 4669 1020 4729 νῦνοὶτο
1033 4675 1117 4747 ἄγριον
1131 4677 1290 4746 τῶντρόπων
1305 4674 1421 4747 βάρύαροι
1436 4675 1541 4747 ἔμφυτον
1562 4675 1672 4751 ἔχοντες,

93 4759 158 4829 pcipe
166 4756 257 4829 ξίφεσιν
268 4757 379 4821 ὁπλίσαι,
395 4756 465 4808 ἕνεκα
480 4758 523 4821 τῆς
537 4755 597 4825 πρὸς
609 4753 729 4820 ἀλλήλους
749 4753 856 4807 dccccl·
905 4757 941 4812 tu
966 4757 1008 4829 μὲν
1030 4759 1124 4822 θύοντες
1147 4756 1206 4829 παρ’
1225 4756 1307 4821 αὺτοῖς
1321 4757 1443 4822 εἰδώλοις,
1469 4760 1597 4832 μαίνονται
1619 4760 1674 4816 κατ’

92 4840 174 4895 λέπτον
190 4842 284 4913 μάχης.
299 4839 339 4892 καί
353 4837 401 4910 γὰρ
415 4837 486 4905 ναίὴ
508 4839 575 4889 πᾶσα
590 4841 632 4890 τοῦ
647 4839 691 4902 ζῆν
709 4834 790 4899 αὗτνῖς
803 4838 855 4889 δια·
905 4838 1037 4908 ἀλλήλων,
1067 4842 1108 4894 καί
1125 4843 1202 4914 χωρίς
1222 4839 1297 4911 ξιφῶν
1320 4839 1434 4914 οὐδεμίαν
1454 4844 1520 4914 ὥραν
1545 4842 1673 4918 ἀνέχονται

93 4925 153 4995 φυγὴ
165 4927 197 4978 δι’
207 4924 293 4977 ίίπλων
306 4920 408 4994 ἐγίνετο,
423 4920 464 4972 καὶ
478 4917 545 4990 ξίφος
554 4916 583 4988 ἦν
599 4919 683 4982 αὺτοῖς
701 4918 755 4972 ἀντί
770 4920 858 4988 panaq-
906 4924 996 4995 μένειν.
1013 4926 1053 4977 δτι
1068 4924 1093 4977 δὲ
1113 4928 1156 4991 τῆς
1172 4918 1216 4977 τοῦ
1237 4917 1341 4996 Χριστού
1361 4927 1518 4989 διδασκαλίας
1534 4928 1672 4995 ἀκούωσιν,

93 5006 158 5077 νίας,
180 5007 222 5060 καὶ
242 5004 335 5066 παντὸς
363 5003 518 5074 βοηθήματος
540 5002 649 5074 ἔρεισμα.
676 5002 718 5053 καί
743 5020 799 5067 τοι,
823 5002 856 5064 ὡς
906 5006 990 5069 εὐθέος
1004 5007 1058 5061 ἀντὶ
1074 5006 1117 5080 μὲν
1132 5008 1262 5079 πολέμου,
1279 5006 1311 5070 εἰς
1328 5008 1448 5079 γεωργίαν
1463 5011 1601 5082 τρέπονται·
1620 5011 1674 5066 ἀντὶ

93 5095 213 5161 προεῖπον,
236 5087 346 5150 εἰδώλοις
366 5085 509 5157 ἔλάτρενον,
536 5086 576 5138 καί
603 5084 716 5156 δαίμοσιν
739 5083 855 5138 ἔσπενδον
905 5089 931 5143 δὲ
945 5096 988 5144 τοῦ
1001 5089 1076 5162 ξίφεσι
1096 5089 1138 5153 τίς
1155 5093 1237 5164 χεῖρας
1258 5089 1376 5155 ὁπλίζειν,
1394 5090 1426 5153 είς
1441 5091 1514 5167 alpe<
1532 5094 1672 5151 ἐπιτείνουσι,

94 5173 176 5241 meua,
195 5175 237 5226 παὶ
259 5173 328 5243 ὅμως
349 5167 417 5224 tilii
440 5169 466 5223 ἔκ
480 5173 523 5236 τῆς
541 5168 650 5222 &Mitti
669 5167 857 5239 θῑῑσῑθαῑμννίατ
904 5174 944 5225 καί
961 5174 1025 5237 θλιυς
1039 5173 1093 5228 ἀντὶ
1113 5180 1156 5227 τοῦ
1169 5174 1285 5244 πολεμεῖν
1301 5174 1361 5246 πρὸς
1376 5173 1486 5239 ἑαυτούς,
1501 5177 1587 5232 λοιπὸν
1611 5178 1674 5233 κατὰ

93 5254 237 5325 ἠδυνήθησαν
260 5254 285 5308 oi
295 5249 397 5308 τοιαῦτα
413 5247 555 5325 φρονοῦντες
573 5252 798 5324 μεταπαιδενίίῖγναι.
815 5253 857 5305 ὅτε
904 5256 1030 5320 διαύόλον,
1043 5258 1083 5310 καί
1097 5256 1159 5309 κατὰ
1168 5258 1290 5329 δαιμύνων
1302 5256 1455 5321 ὁπλίζονται.
1469 5262 1623 5334 σωφροσύνῃ,
1634 5262 1674 5316 καί

94 5337 161 5400 oleti
173 5339 217 5407 τὴν
237 5342 282 5392 τοῦ
300 5339 407 5410 Χριστοῦ
428 5336 584 5389 διδασκαλίαν
599 5335 785 5407 μεταύεθίριασι,
800 5335 856 5387 τότε
904 5339 983 5412 ψυχῆς
994 5339 1067 5413 ἀρετῇ
1081 5339 1182 5401 τούτους
1195 5341 1430 5411 καταπολεμούντες.
1448 5338 1522 5397 τοῦτο
1532 5343 1559 5397 δὲ
1573 5349 1616 5413 τῆς
1629 5343 1673 5417 μὲν

93 5420 120 5487 δὴ
132 5421 284 5493 παραδόξως,
302 5422 336 5483 ὡς
350 5426 387 5492 τῷ
405 5420 458 5473 ὄντι
471 5418 534 5473 κατὰ
550 5420 658 5471 διάνοιαν
673 5419 854 5490 πατανυγέντες,
905 5422 1018 5492 θεότητος
1032 5429 1075 5477 τοῦ
1090 5423 1205 5495 Σωτηρδς
1218 5423 1271 5477 ἔστι
1284 5424 1421 5496 γνώρισμα.

93 5502 133 5574 τὴν
143 5504 185 5573 μίν
197 5504 315 5577 ὠμότητα
328 5509 378 5557 τῶν
393 5505 472 5573 φόνων
487 5501 612 5568 ἀπέθεντο,
624 5502 665 5555 καί
673 5500 718 5555 οθιι
731 5500 767 5554 ίτι
780 5500 855 5554 πολί-
