3936 6146
510 328 562 387 bu
583 324 885 401 incarnacione,
908 325 980 386 LIB.
1002 325 1041 398 X,
1064 326 1149 387 CAP.
1172 326 1227 419 Vl.
1601 328 1656 386 381

113 508 190 554 manu
201 490 335 552 hominis.
347 490 451 551 »Nem
466 496 498 551 et
509 491 634 552 Petrum
642 491 712 554 aite
726 509 847 553 carcere
895 491 1011 553 ceteris
1038 490 1217 552 homiuibus
1231 490 1409 552 substantie
1433 490 1526 551 iidem
1545 490 1664 550 minue·

113 585 229 646 obserato
238 600 387 659 egressum
401 602 465 645 esse
483 603 490 643 :
506 589 676 646 ueetamen
684 587 849 664 quisquam
895 591 953 644 ret.
978 585 1049 643 Post
1068 583 1127 644 ista
1148 584 1306 662 pertexit:
1331 604 1346 641 u
1370 585 1534 663 Propterea
1557 582 1662 661 igitur,

25 752 78 796 w
112 677 210 754 dixerit,
223 694 291 737 eum
304 676 492 754 pericuum,
505 682 536 737 et
550 676 845 738 asserestransiisse.
897 694 961 735 uon
989 680 1061 735 autc
1085 676 1269 754 passionem,
1297 676 1349 736 sed
1377 682 1446 755 post
1476 675 1663 756 passionem,

58 762 69 791 11

25 806 86 851 ,pm
145 769 195 830 Sed
217 774 257 830 est
279 773 432 847 apertum3
468 772 504 828 ut
538 769 615 845 diri,
650 786 850 847 crassumque
893 764 1000 845 januis
1019 767 1140 842 clausis,
1164 770 1247 828 stetit
1260 769 1294 828 in
1318 768 1420 829 medio
1444 768 1666 848 discipulorum

25 856 77 955 [ἔθ’
113 861 291 937 mendacium,
308 861 392 940 quod
405 860 633 922 Catholieorum
652 868 791 922 mentem
808 860 851 921 sic
899 859 1066 935 Dominus3
1082 864 1118 919 ut
1138 878 1313 939 cognoscas,
1331 864 1421 921 etiam
1447 866 1539 920 tuum
1555 877 1666 939 eorpus

25 917 98 1025 ..dii
114 956 315 1034 interpretatur,
331 958 366 1014 ut
380 953 419 1015 ab
432 953 852 1016 iisdicataffirmariimmen-
900 950 1034 1012 animale
1068 952 1265 1029 seminatum,
1280 952 1439 1033 spirituale
1472 957 1667 1013 resurrectu-

25 1017 80 1115 iiii
113 1046 351 1126 siutemcorporis
363 1043 853 1124 Glrristi.ConsultiusBeza¹;qui
900 1042 1005 1104 ruml.
1020 1065 1036 1101 υ
1057 1044 1158 1123 Atque
1180 1044 1224 1105 uti
1239 1064 1279 1106 ue
1302 1064 1414 1124 corpus
1433 1064 1509 1116 esse,
1525 1046 1609 1126 quod
1632 1064 1689 1106 eo·

113 1158 162 1200 non
176 1138 349 1215 Catholicos,
365 1139 419 1199 sed
432 1156 484 1199 eos
496 1138 706 1218 reprehendit,
717 1138 771 1218 qni
784 1155 852 1199 eor·
902 1136 996 1196 modo
1006 1137 1185 1211 transiisset,
1202 1137 1296 1198 iidem
1316 1138 1457 1218 Apostoli
1479 1138 1667 1211 diffiderent,

112 1249 158 1312 pus
170 1231 270 1293 Christi
293 1238 487 1311 ἀπερίγραπτον,
508 1231 600 1293 idest
618 1230 703 1291 nullo
727 1230 853 1290 cr'rcum·
903 1246 980 1289 nere
994 1229 1137 1308 spiritum
1152 1230 1329 1309 quemdam,
1345 1235 1564 1310 autspeclrum
1578 1237 1670 1309 puta-

112 1324 229 1404 uu‘ptum
243 1324 302 1385 loro
316 1321 564 1403 furaejactitant.
580 1321 855 1402 Atqueipse,quod
903 1327 984 1398 rent,
997 1322 1080 1383 ultro
1093 1322 1152 1383 illis
1164 1340 1275 1383 manus
1294 1329 1325 1383 et
1342 1324 1447 1403 pedes,
1463 1329 1555 1402 atque
1568 1325 1671 1404 ipsum

111 1416 266 1495 anagistro
280 1433 339 1476 suo
353 1414 486 1491 infinite,
501 1409 692 1494 obscureque
706 1415 855 1475 traditum
905 1414 981 1473 adeo
995 1431 1106 1493 corpus
1119 1415 1347 1476 attrectandum
1360 1415 1507 1476 obtulisse
1517 1416 1600 1477 dicit.

112 1513 174 1579 erat,
196 1508 303 1569 diserte
332 1507 481 1581 declarat,
513 1508 562 1568 rel
588 1513 697 1587 sponte
723 1507 857 1586 patuisse
946 1507 997 1567 Vl.
1019 1508 1093 1567 Post
1119 1507 1221 1581 hunc,
1246 1509 1357 1568 merito
1382 1509 1674 1569 commemorandus

112 1600 210 1661 Christo
232 1600 311 1661 iores
340 1600 450 1660 domus
475 1598 568 1673 illius,
588 1600 638 1660 vel
660 1599 743 1679 ipsos
765 1599 857 1660 etiam
906 1603 952 1659 est
965 1599 1165 1678 Epiphanius,
1181 1600 1235 1679 qui
1249 1600 1469 1661 dissertissimis
1484 1601 1586 1662 verbis
1599 1601 1676 1680 idip-

113 1693 222 1771 parietes
234 1691 520 1773 illiperrinsiuisse.
535 1691 620 1752 Adeo
634 1692 774 1771 displicet
784 1691 856 1766 illis,
907 1708 978 1750 sum
992 1697 1157 1767 asseverat,
1172 1699 1203 1752 et
1222 1693 1384 1753 Calvirrum
1404 1692 1492 1754 silere
1504 1693 1604 1772 jubet.
1625 1693 1676 1754 Sic

113 1784 203 1846 Christi
216 1803 326 1865 corpus
342 1803 398 1865 per
411 1784 545 1845 occlusas
559 1782 649 1859 fores,
666 1784 715 1846 rel
728 1783 860 1864 parietes
907 1783 994 1843 euim
1008 1783 1059 1844 ille
1073 1784 1179 1845 scribit
1192 1785 1227 1845 in
1241 1785 1352 1847 haeresi
1366 1784 1598 1864 Pdarisceoruor,
1607 1805 1677 1866 quae

111 1876 177 1956 ipsos
189 1878 395 1957 penetrandos
408 1877 564 1938 transisse.
909 1881 957 1937 est
980 1875 1135 1938 vicesima.
1167 1877 1351 1953 «Surrexit,
1381 1878 1492 1957 inquit,
1523 1883 1553 1939 et
1572 1863 1681 1956 januis

143 1970 176 2029 ll.
196 1970 307 2031 Verum
323 1970 414 2031 aliter
428 1976 546 2030 veteres
569 1969 608 2030 de
631 1987 667 2030 ea
687 1986 721 2029 re
739 1967 859 2046 judica·
910 1967 1020 2028 clausis
1032 1967 1199 2047 ingressus
1214 1975 1250 2029 ut
1269 1988 1416 2043 cressum,
1438 1976 1678 2049 concretumque

112 2066 186 2135 runt;
201 2063 252 2141 qui
263 2064 325 2124 hoc
337 2080 402 2122 uon
413 2062 514 2122 solum
529 2061 568 2122 ad
589 2061 756 2121 divinitatis
767 2060 861 2121 fidem
910 2079 1034 2140 eorpus,
1044 2066 1139 2122 tenue
1153 2081 1188 2123 ac
1197 2061 1310 2122 subtile
1321 2062 1454 2137 faeeret;
1471 2063 1551 2124 istud
1564 2064 1677 2144 ipsum,

112 2153 280 2231 ludendam,
297 2155 353 2216 sed
367 2155 461 2215 ctiam
475 2153 718 2230 resurrectionis,
733 2158 764 2213 et
776 2161 861 2214 tran·
910 2153 994 2232 quod
1006 2171 1109 2227 carne,
1124 2153 1303 2233 ossibusque
1318 2154 1531 2215 constatior.»

113 2244 168 2306 dati
179 2247 209 2307 in
221 2247 415 2327 spiritualem
422 2246 632 2307 conditionem
641 2246 778 2325 corporis
791 2263 861 2325 per·
951 2246 990 2304 Et
1004 2243 1037 2304 iu
1050 2246 1159 2306 haeresi
1169 2247 1392 2326 septuagesima
1408 2247 1548 2328 septima,
1574 2250 1681 2309 acum

113 2337 194 2401 linere
225 2341 403 2402 volucrunt.
449 2339 490 2400 Ut
530 2338 614 2399 idern
646 2337 737 2397 nobis
770 2338 864 2398 etiam
911 2337 1070 2398 divinitate
1086 2338 1279 2417 conjunctus,
1295 2338 1600 2420 iuquit,homoquod
1617 2347 1683 2402 erat

112 2432 337 2500 confideremus,
374 2436 445 2511 post
483 2430 663 2509 generalem
698 2446 864 2508 corporum
913 2447 1070 2507 crassum,
1099 2438 1129 2491 et
1157 2436 1357 2510 concretum,
1384 2438 1478 2493 tenue
1507 2452 1541 2494 ac
1571 2432 1683 2494 subtile

111 2527 364 2599 resurrectionem,
391 2523 475 2584 illins
502 2523 626 2594 merito,
650 2540 686 2582 ac
713 2520 864 2582 beneficio
912 2522 1056 2590 reddidit,
1071 2523 1365 2602 ingrediensjauuis
1380 2524 1552 2586 clausisti

112 2614 293 2678 tribuendum
306 2637 315 2691 ;
327 2615 452 2696 quaudo
466 2615 549 2694 quod
560 2612 687 2675 carimate
698 2613 791 2673 modo
803 2619 860 2690 est,
952 2615 1088 2676 doannes
1097 2616 1172 2676 item
1178 2616 1683 2696 Chrysostomushomiliacxxxvii
1739 2653 1741 2656 ⁴

113 2718 220 2789 rumpet
232 2708 395 2790 spirituale
422 2706 447 2767 ²:
472 2712 503 2768 et
539 2706 679 2768 Salvator
692 2712 798 2766 noster
817 2723 865 2765 re·
914 2710 947 2766 r'u
973 2706 1126 2780 loannem,
1156 2727 1227 2768 cum
1250 2709 1418 2788 quaesisset,
1441 2710 1598 2788 quomodo
1616 2715 1686 2790 post

113 2799 233 2877 suurbi
247 2819 358 2882 corpus
372 2797 554 2860 humilitatis
565 2804 672 2859 uostrcc
696 2796 865 2876 ccnfi'pnre-
914 2799 1181 2873 resurrectionem,
1196 2800 1369 2861 immortale
1389 2800 1502 2862 Christi
1518 2820 1630 2880 corpus
1656 2806 1687 2862 et

114 2898 165 2953 tum
174 2894 293 2975 corpori
308 2891 462 2955 claritatis
473 2908 534 2955 succ
544 2889 566 2951 ³.
915 2890 1141 2970 incorruptum,
1169 2891 1336 2952 vulnerum
1363 2892 1491 2971 vestigia
1518 2894 1684 2967 retineret,

145 2986 232 3048 Recte
246 2986 308 3048 hoc
322 2985 362 3046 ab
384 2982 600 3064 amphilochio
615 2981 805 3042 declaratum
821 2986 868 3043 est
915 2983 1093 3063 respondet,
1112 3004 1127 3041 u
1141 2983 1174 3044 id
1185 3002 1250 3045 esse
1262 2985 1380 3045 lactum
1397 2983 1533 3064 benigna
1553 2986 1687 3065 quadam

114 3075 308 3155 inomtinne,
337 3095 433 3156 quam
457 3076 496 3136 de
518 3075 577 3135 illis
603 3074 707 3135 verbis
734 3074 866 3153 scripsit,
917 3076 1210 3137 accommodatione.
1240 3077 1319 3137 Nam
1348 3077 1431 3157 quod
1457 3077 1501 3137 ita
1519 3078 1642 3154 subtile,
1658 3083 1689 3137 et

114 3166 194 3229 Peter
203 3171 301 3251 πειρον
324 3187 370 3229 me
383 3175 437 3243 ert,
459 3166 544 3246 apud
564 3165 804 3226 Theodoretum.
821 3166 871 3226 ld·
917 3168 996 3247 agile
1008 3166 1078 3241 fuit,
1096 3173 1132 3228 nt
1150 3168 1260 3230 clausis
1272 3170 1402 3231 intraret
1413 3168 1531 3248 januis,
1546 3170 1688 3231 crassitu-

114 3259 181 3322 tiroo
190 3261 371 3342 primusille
382 3260 465 3321 testis
474 3278 513 3320 ex
523 3257 724 3338 antiquorum
737 3275 869 3318 numero
920 3260 1026 3320 dinem
1040 3259 1159 3320 nullam
1171 3260 1307 3322 habebat
1315 3272 1337 3323 ⁶.
1352 3284 1367 3321 υ

113 3356 244 3430 procedet
259 3375 266 3415 :
281 3354 431 3429 maxime,
442 3352 525 3431 quod
536 3350 765 3412 accommodate
776 3349 868 3429 adid,
959 3351 1092 3431 Cyrillus
1109 3352 1338 3414 Alexandrinus
1351 3356 1432 3419 libro
1446 3354 1642 3428 duodecimo,
1659 3353 1692 3414 iu

116 3446 188 3523 quod
200 3446 258 3509 hoc
272 3446 397 3509 inlibro
411 3444 608 3524 potissimum
623 3442 754 3521 agimus,
765 3460 804 3503 ex
817 3442 871 3502 illo
919 3443 1080 3518 loannem
1100 3446 1227 3506 «Nemo
1245 3446 1336 3523 dicat,
1352 3447 1464 3527 iuquit,
1481 3447 1638 3528 quomodo
1658 3445 1692 3506 in

115 3537 217 3600 Christi
238 3540 280 3601 ad
307 3537 475 3617 disciptdos
501 3536 637 3597 adventu
664 3533 872 3613 approbatum
922 3554 1023 3597 crasso
1042 3553 1170 3616 corpore
1194 3556 1266 3598 cum
1289 3544 1369 3607 esset
1383 3540 1544 3617 Dominus,
1559 3537 1693 3601 uullare

114 3646 170 3691 esse
190 3632 365 3704 confirmat,
388 3628 585 3691 Dominicum
608 3644 722 3704 corpus
740 3632 810 3706 post
822 3645 872 3687 re·
924 3628 1077 3706 obstante,
1092 3628 1187 3689 etiam
1206 3630 1316 3692 clausis
1331 3630 1436 3710 januis
1451 3633 1608 3711 ingressus
1622 3641 1690 3692 cst:

113 3726 339 3801 annectionem,
354 3740 457 3802 neque
470 3721 531 3783 tale
554 3718 875 3798 fuisse,qua1eantea
924 3721 976 3783 sed
998 3721 1058 3782 hoc
1083 3722 1187 3801 potius
1213 3723 1336 3801 cogitet,
1359 3744 1423 3786 nnn
1442 3725 1480 3787 de
1498 3740 1695 3806 quocumque

114 3813 221 3893 luerat3
236 3835 341 3897 neque
364 3833 431 3876 non
457 3813 551 3889 idem,
574 3811 658 3892 quod
679 3817 756 3888 erat,
780 3813 873 3873 exsti·
923 3813 1051 3874 homine
1071 3814 1169 3874 nostri
1189 3814 1284 3876 simili
1303 3816 1445 3879 divinum
1466 3817 1696 3898 Evangelistam

113 3905 211 3971 tisse‘.
231 3910 295 3972 Ubi
315 3903 772 3987 illudinsuperanimadvertit,
786 3904 875 3967 chri-
924 3906 999 3967 talia
1031 3925 1178 3982 narrarc;
1208 3908 1262 3969 scd
1290 3908 1328 3970 dc
1353 3910 1407 3971 illo
1433 3909 1515 3991 ipso,
1552 3911 1605 3991 qui
1630 3911 1695 3970 Deo

114 4004 189 4062 stum
207 4021 274 4064 non
297 4006 369 4062 ante
396 3996 653 4061 resurrectionem
678 3995 739 4056 tale
762 3994 878 4075 aliquid
925 3999 1047 4077 assidet,
1068 4018 1103 4061 ac
1124 4000 1211 4061 facile
1234 4002 1477 4083 omniaperlieit,
1492 4019 1696 4083 quaecumque

114 4089 223 4169 renue,
247 4100 284 4155 ut
311 4111 369 4173 per
396 4091 574 4170 interjectas
598 4105 764 4167 corporum
779 4086 878 4149 moles
926 4091 1061 4153 voluerit
1069 4091 1123 4154 1.»

114 4201 174 4246 sese
187 4191 375 4265 penetraret,
399 4201 545 4252 neverae,
561 4200 597 4243 ac
618 4180 793 4242 communis
807 4197 879 4241 cum
968 4185 1146 4248 Theodotus
1169 4187 1263 4249 etiam
1290 4191 1474 4269 ancyranus
1502 4188 1536 4250 in
1570 4186 1698 4250 homilia

146 4357 300 4413 aduren.
315 4356 391 4428 apud
406 4353 512 4413 Theod.
539 4352 606 4410 dial.
625 4352 659 4407 11.
679 4349 750 4406 Μετὰ
763 4350 811 4423 γὰρ
832 4350 877 4419 τὴν
964 4346 1096 4402 eCnars.
1112 4346 1142 4403 in
1160 4362 1221 4418 cap.
1242 4363 1288 4403 ιιι
1308 4348 1542 4404 coaraverunt.
1567 4346 1642 4401 Ἀλλὰ
1663 4347 1696 4421 μὴ

115 4434 243 4496 &dcccmo
259 4442 274 4495 d
289 4440 377 4513 Κύριος
390 4439 421 4494 τὰ
433 4439 603 4511 συναμφότερα
616 4434 730 4507 δείκνυσι,
745 4434 787 4487 ard
798 4435 836 4488 ὅτι
850 4432 878 4486 οὖ
929 4428 1070 4500 θορυθηθῇς.
1086 4431 1289 4501 superaddetur
1302 4430 1349 4502 γὰρ
1365 4428 1395 4499 ἦν
1413 4431 1443 4485 τὸ
1452 4433 1590 4503 γινόμενον,
1608 4432 1637 4485 τὸ
1650 4431 1698 4503 γὰρ

116 4518 222 4577 τοιοῦτον
234 4531 319 4596 σῶμα,
329 4523 371 4576 aul
384 4524 422 4577 θτι
434 4516 507 4577 τοῦτο
522 4519 692 4591 ἀνιστάμενον.
930 4511 995 4565 niro>
1011 4512 1111 4576 λεπτὸν,
1123 4513 1164 4566 καὶ
1177 4519 1276 4586 κοῦρον,
1291 4514 1325 4574 ὡς
1342 4514 1519 4586 κεκλεισμένων
1538 4519 1587 4567 τῶν
1607 4514 1697 4586 θυρῶν,

148 4606 165 4662 θ
182 4607 256 4664 ibid.
278 4607 323 4661 nrt
339 4611 416 4660 ταῦτα
431 4603 474 4677 μὲν
489 4599 531 4657 οὖν
546 4602 573 4656 od
588 4601 636 4673 πρὸ
647 4597 691 4656 τοῦ
700 4600 800 4665 πάθους,
816 4597 881 4653 ἀλλὰ
930 4595 1070 4667 παχύτητος
1079 4596 1157 4664 πάσης
1171 4596 1322 4665 ἀπήλλακτο.

118 4690 177 4758 μετὰ
189 4690 219 4744 τὸ
232 4690 309 4753 πάθος
322 4697 373 4744 τῶν
388 4689 466 4761 θυρῶν
474 4687 652 4758 κεκλεισμένων
674 4682 732 4752 ἔστη
743 4688 793 4736 τῶν
809 4682 885 4754 pudu-
968 4676 989 4751 f
1003 4680 1113 4734 Crrunt.
1136 4680 1184 4735 llll
1210 4682 1242 4734 in
1262 4683 1348 4736 Jnan.
1368 4677 1410 4746 Μὴ
1430 4677 1477 4750 γὰρ
1500 4678 1531 4747 δή
1545 4698 1580 4741 τις
1593 4678 1697 4751 λεγέτω,

116 4776 162 4824 τῶν
177 4774 253 4846 μίσος
268 4774 282 4827 θ
301 4773 390 4844 κύριος·
410 4771 452 4824 ἵνα
470 4776 546 4843 γνῶς,
566 4770 604 4823 ὅτι
617 4767 658 4821 καθ
679 4770 723 4821 σοῦ
736 4766 766 4820 rb
779 4765 882 4838 ψυχικὸν
932 4767 984 4823 πῶς
993 4759 1017 4814 ἐν
1033 4762 1129 4834 σώματι
1144 4768 1179 4834 τῷ
1187 4765 1265 4835 παχεῖ
1272 4763 1399 4834 τυγχάνων
1409 4761 1517 4834 ὁκθριος,
1529 4763 1700 4827 durantum

115 4860 185 4927 σῶμα
197 4856 290 4929 naupli
305 4852 420 4928 ἐγείρεται
428 4861 502 4926 σῶμα
515 4853 686 4924 πνευματικόν.
934 4842 1058 4912 εἰσήλασε,
1077 4844 1118 4896 καί
1133 4864 1172 4898 τοι
1186 4849 1234 4898 τῶν
1249 4846 1327 4917 θυρῶν
1342 4844 1533 4916 κεκλεισμένωνς
1549 4842 1660 4900 ἐννοείτω
1673 4844 1701 4898 bd

151 4954 165 4993 ε
182 4940 281 4995 Ειιιει.
302 4939 369 4995 henr.
378 4954 424 4994 xx.
449 4936 558 5004 Ἀνέστη,
568 4935 609 4988 καὶ
618 4934 695 5005 θυρῶν
708 4930 883 5003 κεκλεισμένων
936 4927 1043 4998 μᾶλλον,
1054 4928 1088 4988 ὼς
1098 4925 1125 4979 οὗ
1135 4926 1191 4999 περί
1200 4945 1264 4990 τινος
1273 4934 1322 4981 τῶν
1336 4926 1389 4981 καθ’
1400 4928 1465 4999 ἡμᾶς
1479 4926 1511 4981 τὰ
1519 4930 1620 4982 τοιαῦτά
1630 4946 1701 5000 φησιν

117 5019 237 5093 simitu,
252 5022 294 5076 ἵνα
318 5022 348 5076 ιδ
368 5019 507 5095 παχυμερὲς
523 5015 671 5089 λεπτομερὲς
685 5013 810 5087 ἀποδείξῃ,
826 5012 887 5067 αὐτο
935 5009 1085 5072 θθεσιιέσιος
1105 5010 1294 5081 libencius-atr·
1321 5012 1376 5082 περὶ
1397 5010 1471 5065 αὐτοῦ
1489 5010 1636 5084 δὲμᾶλλον,
1658 5016 1702 5063 τοῦ

118 5102 145 5155 ιθ
156 5105 186 5157 lv
198 5106 245 5158 σὐν
261 5106 326 5177 cupid
340 5104 382 5158 καὶ
396 5103 498 5166 ὀστέοις.
937 5090 1154 5164 canopitarum
1167 5097 1225 5164 θεῷ,
1245 5093 1286 5145 καὶ
1306 5094 1387 5148 πάντα
1408 5095 1516 5167 δρῶντος
1537 5094 1642 5154 εὐκόλως
1656 5094 1703 5145 ὅσα

150 5187 172 5242 d
190 5187 234 5243 ld.
252 5187 317 5245 ltaer.
334 5204 434 5252 tntu,
454 5183 530 5260 229.
550 5185 586 5257 Τῇ
595 5181 622 5237 δὲ
636 5182 730 5250 dada-qu
745 5179 886 5252 ουνηνωμέ-
936 5195 981 5249 περ
996 5178 1023 5229 ἂν
1036 5175 1159 5247 βούλοιτο.

117 5289 159 5333 νος
183 5272 214 5327 τὸ
239 5273 373 5348 παχυμερὲς
400 5269 548 5343 λεπτομερὲς
569 5265 687 5338 irritator,
716 5262 886 5337 εἰσερχόμενος

118 5354 197 5427 apat
211 5356 394 5430 acuamur.

147 5506 157 5550 1
171 5507 198 5551 ln
214 5520 265 5565 cup.
274 5509 327 5555 idon
339 5510 419 5556 tonan.
428 5529 456 5543 -
468 5506 483 5552 2
493 5504 519 5551 ln
530 5503 539 5550 1
551 5506 601 5553 Gor.
615 5501 727 5557 ιι,11.-
743 5501 757 5546 3
768 5499 826 5546 ruti.
835 5509 871 5552 ru,
881 5497 915 5543 td.
