3956 6158
481 246 531 308 DE
550 238 856 312 lustusamans,
878 239 953 303 Lis.
976 241 1044 324 xu,
1067 245 1153 311 GhP.
1175 249 1245 312 XV.

93 410 209 494 gainem
233 408 342 474 (thaleti
366 429 432 476 non
450 411 564 492 afferri,
580 412 606 475 si
631 411 710 475 desit
733 411 844 473 vinum

94 501 185 566 eald:
205 520 261 565 neo
283 503 467 567 sacrificium
491 505 685 568 Dammicum
705 503 843 583 legitima

94 593 318 657 sanctificatione
330 596 556 671 celebrari,nisi
570 597 696 672 oblatio,
712 601 743 656 et
754 594 844 656 sacri-

93 685 185 747 ficium
198 693 338 749 nostmm
350 690 544 769 responderit
557 688 699 769 passioni.
715 708 731 744 u
750 689 839 762 Item,

96 778 192 838 allam
204 778 228 838 si
240 778 274 839 in
287 780 444 849 sacrificio,
458 782 541 862 quod
559 782 697 842 Christus
715 779 839 850 obtulit,

92 869 201 931 nonnisi
229 870 366 933 Christus
393 873 568 952 sequendus
593 879 654 949 est,
672 871 780 950 utique
808 869 841 930 id

91 961 339 1041 nosohaudirc,et
350 964 450 1027 facere
464 970 595 1046 oportet,
611 966 694 1046 quod
706 964 843 1024 Christus

90 1054 160 1128 lecit,
174 1060 203 1116 at
215 1056 297 1134 quod
310 1057 485 1120 laciendum
499 1077 563 1120 esse
571 1058 740 1128 mandauit,
756 1079 767 1115 a
782 1062 840 1118 etc.

91 1146 159 1206 Tum
170 1146 283 1210 ibidem
300 1169 308 1209 z
328 1152 433 1213 aNam
446 1151 473 1213 si
487 1154 576 1214 lesus
591 1150 728 1212 Christus
746 1149 843 1210 dorni-

90 1256 151 1314 nus,
164 1244 193 1300 et
205 1242 282 1303 Deus
295 1250 400 1304 noster
409 1245 474 1324 ipse
485 1252 530 1308 est
541 1262 681 1306 summus
701 1243 841 1304 sacerdos

42 1363 44 1368 ·
91 1331 135 1390 Dei
148 1332 253 1409 Patris,
269 1340 300 1395 et
320 1336 506 1398 sacrificium
528 1338 610 1399 Patri
629 1337 764 1418 seipsum
778 1335 842 1415 pri-

90 1440 149 1483 mus
161 1425 279 1502 obtulit,
292 1434 324 1488 et
336 1428 396 1490 hoc
409 1430 474 1491 lieri
496 1433 530 1491 in
548 1430 597 1492 sui
615 1447 840 1492 commemora·

90 1515 193 1578 tionem
217 1520 384 1601 pracepit3
408 1523 516 1603 ntique
536 1523 588 1585 ille
610 1523 751 1584 sacerdos
773 1521 841 1582 vice

89 1609 188 1670 Christi
200 1630 271 1673 vere
294 1612 446 1693 fungitur,
468 1615 522 1696 qui
544 1617 586 1691 id,
603 1617 686 1696 qarod
705 1616 841 1676 Christus

87 1701 157 1773 iecit,
189 1703 359 1767 imitatur:
390 1713 421 1768 et
446 1707 632 1770 sacrificium
664 1727 775 1775 rerum
810 1712 841 1769 et

87 1791 201 1871 plenum
214 1801 288 1858 tunc
302 1799 393 1860 offert
410 1800 443 1860 in
469 1801 603 1862 Ecclesia
626 1803 689 1862 Deo
703 1801 795 1875 Patri,
813 1803 840 1863 si

88 1883 123 1945 sic
138 1885 259 1967 incipiat
283 1891 406 1970 offerre,
435 1894 604 1954 secundum
633 1895 717 1973 quod
737 1894 840 1974 ipsum

88 1976 225 2043 Chdstum
236 1983 339 2047 rideat
359 1986 546 2048 obtulisse.»
563 1986 704 2049 Meminit
724 1987 840 2049 ibidem

87 2072 289 2139 sacrificiorum
323 2080 561 2158 matutinorum,
594 2086 625 2141 et
648 2083 838 2161 vespertino-

88 2183 158 2227 rum.
175 2168 213 2229 hc
230 2152 357 2232 demum
371 2172 415 2233 ita
435 2173 574 2253 colligit:
597 2195 612 2231 a
632 2174 670 2233 Et
687 2174 760 2253 quia
774 2192 840 2254 pas-

87 2258 168 2319 sionis
183 2262 246 2341 ejus
259 2265 453 2327 mentionem
467 2267 500 2326 in
522 2265 679 2328 sacrificiis
693 2266 839 2327 omnibns

86 2348 213 2430 lacimns3
231 2357 350 2437 (Passio
364 2364 409 2418 est
420 2358 502 2419 enim
520 2359 642 2420 Domini
655 2359 838 2422 sacrificium

86 2446 157 2521 quod
170 2447 334 2531 olfecimus)
350 2452 429 2512 nihil
450 2451 546 2528 aliud,
568 2468 663 2531 quam
683 2453 766 2531 quod
785 2453 837 2514 illc

86 2533 154 2613 reat,
165 2537 260 2603 lacera
274 2542 434 2606 dehemus.
449 2566 464 2602 »

119 2631 168 2691 llic
180 2633 262 2695 rides
285 2636 474 2698 sacrificium
497 2642 638 2699 nostrum
652 2636 731 2698 nihil
750 2637 834 2699 aliud

87 2738 153 2800 ease,
168 2744 259 2805 quam
276 2728 466 2798 mentionem,
485 2730 549 2791 sive
565 2731 835 2791 commemorabo-

87 2830 147 2875 nem
158 2817 249 2879 oblati
257 2819 291 2881 in
300 2839 390 2882 cruce
397 2821 538 2883 sacrificii
551 2842 557 2882 ι
572 2823 836 2905 quemadmodum

87 2905 217 2972 offerendi
229 2911 368 2990 ejusdem
383 2914 638 2975 commemoratio
651 2915 708 2975 luit
721 2915 835 2976 oblatio

86 2994 151 3075 ipsa,
168 3005 412 3080 quemchristus
433 3007 466 3066 in
479 3025 567 3068 coena
585 3026 656 3068 cum
683 3008 835 3087 Apostolis

86 3090 169 3167 pridie
179 3112 240 3156 suaa
254 3097 406 3176 passionis
426 3100 597 3178 usurparit,
609 3106 639 3161 et
652 3100 834 3162 inlaturum

86 3186 193 3263 tempas
205 3186 348 3250 instituit.
358 3190 444 3250 Hanc
454 3191 538 3251 enim
551 3192 789 3267 stablationem,
804 3198 836 3255 el

86 3276 250 3341 sacrificium
264 3283 437 3363 Cyprianus
452 3284 595 3365 appellat.
612 3285 668 3345 Cui
692 3291 835 3346 nostrum

86 3364 170 3429 anile
185 3379 238 3446 est,
253 3379 285 3435 et
297 3381 467 3455 utrumque
490 3376 624 3455 figuram
644 3377 737 3438 habet
751 3378 834 3439 unici

86 3453 155 3520 illius
178 3467 209 3525 et
221 3468 361 3545 cruenti,
390 3486 462 3530 cum
495 3488 580 3549 uera,
616 3477 647 3531 et
679 3471 767 3545 reali,
799 3475 835 3530 ut

85 3560 189 3631 rorant,
212 3557 322 3620 hostiae
349 3561 529 3642 praesentia,
558 3581 623 3624 non
651 3563 835 3625 adumbrata

85 3643 390 3732 tantumetfigurata.

1080 733 1312 829 CAPUT
1353 745 1458 835 XV.

892 1054 936 1118 De
950 1060 1030 1140 repta
1060 1063 1175 1128 Christi
1194 1078 1346 1153 potestate,
1365 1078 1483 1159 ejusque
1501 1100 1602 1160 repra.
1627 1085 1656 1145 l.

932 1150 1039 1231 Repem
1054 1175 1111 1219 esse
1126 1159 1277 1225 Christum
1294 1166 1488 1250 eSeripturis
1496 1176 1655 1253 probatur.

932 1245 961 1304 2.
982 1245 1089 1309 Utrum
1102 1253 1272 1332 spiritualis
1286 1278 1324 1320 aa
1348 1266 1520 1345 temporalis
1537 1287 1592 1328 resa
1605 1268 1656 1340 sit,

932 1346 964 1398 ut
990 1339 1085 1403 homo.
1118 1344 1340 1431 Perstrinpitar
1369 1355 1462 1418 obiter
1487 1359 1593 1438 {abula
1621 1359 1657 1423 de

933 1429 1053 1494 Christo
1065 1437 1214 1501 sacerdote
1227 1444 1384 1507 Aarouico.
1401 1451 1431 1510 3.
1454 1450 1572 1513 Videtur
1583 1454 1615 1516 E
1612 1454 1659 1535 pi·

926 1523 1057 1604 plaam‘us
1074 1531 1185 1611 rapiam
1211 1533 1263 1595 illi
1280 1536 1455 1618 dipm'totem
1475 1546 1654 1623 attribuere,

930 1627 1071 1701 quatenus
1085 1621 1120 1683 ab
1132 1622 1244 1687 Dauide
1268 1648 1335 1710 repe
1357 1642 1456 1695 ortum
1470 1643 1565 1699 traxit
1578 1659 1585 1712 ;
1609 1640 1660 1701 sed

930 1730 986 1771 aaa
1012 1721 1054 1773 est
1080 1720 1240 1779 necessario
1261 1741 1442 1805 consequeus.
1467 1733 1497 1790 i.
1535 1731 1657 1794 Videtur

929 1804 1087 1884 spirituale
1107 1816 1307 1875 tautummodo
1326 1816 1459 1882 habuisse
1477 1842 1613 1903 reputem,
1629 1833 1657 1885 et

929 1896 1047 1976 quidem
1071 1904 1190 1983 proprie
1215 1902 1334 1987 duplici
1358 1912 1488 1975 ratione:
1517 1924 1578 1975 tum
1598 1936 1656 1998 qua

935 1988 1057 2051 Verbum
1070 2004 1120 2054 est.
1144 1997 1174 2056 5.
1189 1998 1232 2057 Aa
1253 2011 1375 2082 propter
1393 2004 1565 2069 r'diomatum
1579 2029 1655 2072 com-

929 2088 1105 2163 munionem,
1127 2088 1212 2168 repis
1235 2089 1377 2172 dipuitas,
1400 2117 1467 2179 qma
1500 2100 1529 2161 iu
1566 2102 1656 2164 Verbo

929 2172 1014 2252 inest,
1043 2175 1225 2242 kuruam'tati
1258 2203 1370 2268 quoque
1405 2193 1561 2272 competit:
1599 2216 1656 2277 prro

928 2284 1011 2327 seusu
1025 2267 1143 2331 dicatur
1161 2271 1366 2339 Chrislas'rea
1380 2280 1457 2342 idem
1472 2292 1500 2344 et
1526 2288 1656 2349 sacerdos

927 2358 1079 2438 suissed.
1109 2364 1258 2428 Probatur
1280 2371 1447 2451 consuisse
1469 2381 1655 2460 temporalem

927 2472 1023 2535 rapam
1050 2455 1214 2536 Christum,
1243 2480 1302 2541 qua
1324 2463 1407 2527 hamo
1421 2477 1480 2530 est:
1501 2470 1552 2533 sed
1563 2475 1656 2555 spiri·

929 2546 1047 2609 tualem.
1065 2553 1093 2610 7.
1119 2552 1183 2626 Oua
1201 2552 1283 2615 modo
1306 2563 1334 2617 et
1356 2559 1465 2621 Pastor
1478 2563 1605 2626 dicatur.
1622 2570 1654 2627 8.

927 2638 1035 2702 Merito
1055 2642 1226 2723 spiritualis
1240 2666 1295 2707 rea
1315 2658 1367 2724 est,
1382 2654 1454 2733 qaia
1472 2657 1585 2736 sapiens
1603 2678 1609 2719 :
1625 2667 1654 2720 et

925 2733 1170 2812 puerradmodum
1183 2745 1299 2800 ceterae
1313 2739 1344 2801 ia
1368 2741 1457 2807 illum
1471 2746 1547 2810 dates
1563 2751 1654 2829 repr'oe

925 2826 1111 2888 mnuaaiuut.

926 3011 948 3071 l.
977 3012 1154 3076 observarit
1177 3012 1365 3094 hugarslinus
1390 3022 1423 3085 iu
1454 3031 1587 3088 tractatu
1613 3026 1653 3091 ad
1697 3048 1807 3103 corisson

1676 3119 1722 3153 ossa
1743 3108 1823 3162 flamm

1675 3172 1688 3206 e
1704 3160 1824 3217 seripturis

1694 3216 1810 3271 probatur.

884 3103 1038 3166 Psalmum
1066 3111 1222 3188 quintum,
1244 3114 1299 3174 etsi
1326 3135 1465 3195 personae
1487 3125 1651 3184 tresanus

884 3196 945 3258 sint
958 3200 1049 3274 Deus,
1071 3208 1102 3263 et
1111 3209 1288 3267 communia
1299 3206 1380 3270 inter
1392 3228 1424 3272 se
1437 3212 1573 3275 habeant
1586 3234 1651 3277 om·

884 3291 948 3365 nia,
974 3295 1122 3373 peculiari
1144 3303 1249 3360 tamen
1271 3302 1375 3383 aliqua
1406 3305 1525 3368 ratione
1553 3327 1651 3390 repom

885 3382 986 3459 pilium
1012 3387 1102 3448 solere
1128 3391 1280 3473 appellare
1293 3393 1477 3477 Scripturas.
1504 3401 1596 3474 Quod
1612 3403 1651 3464 de

885 3475 949 3537 filio
965 3478 1090 3542 homine
1102 3481 1184 3545 facto
1198 3486 1354 3567 praecipue
1373 3491 1452 3552 milri
1476 3493 1651 3573 intelligen-

885 3569 1107 3634 dumvidetur:
1124 3580 1386 3654 quamadmodum
1398 3582 1430 3643 iu
1440 3583 1558 3645 Psalmo
1567 3604 1649 3649 anas.

884 3660 964 3725 Deus
981 3665 1133 3745 judicium
1148 3677 1232 3730 tuara
1257 3674 1322 3755 rapi
1334 3673 1382 3737 da.
1401 3677 1468 3743 Quo
1485 3677 1518 3739 in
1533 3677 1651 3741 Psalmo

884 3774 1015 3835 regnum
1030 3759 1122 3829 illins,
1137 3767 1168 3822 et
1182 3763 1247 3842 ejus
1267 3767 1438 3847 amplitudo
1457 3770 1650 3835 describitur.

885 3848 924 3908 Et
940 3849 972 3910 in
983 3854 1173 3929 secundo,dc
1183 3874 1215 3916 se
1229 3857 1294 3936 ipse
1308 3865 1458 3923 testatur:
1474 3862 1543 3943 Epo
1555 3872 1652 3925 autem

885 3942 1059 4007 constitutus
1071 3966 1135 4007 sum
1148 3967 1202 4008 rer
1212 3948 1247 4010 ab
1258 3969 1289 4011 eo
1301 3971 1389 4033 super
1397 3953 1483 4031 Sion,
1494 3960 1550 4017 etc.
1561 3958 1650 4035 ltem,

884 4035 1037 4101 Postulaa
1052 4060 1107 4115 me,
1127 4048 1155 4100 et
1168 4040 1241 4103 dabo
1262 4043 1321 4104 tihi
1338 4054 1443 4125 pentes,
1460 4054 1518 4110 etc.
1532 4068 1568 4110 ac
1581 4069 1651 4129 pas-

883 4130 943 4190 sim
968 4130 1002 4190 in
1029 4131 1141 4194 divinis
1165 4133 1225 4194 illis
1252 4137 1379 4198 canticis
1406 4156 1540 4219 regnum
1569 4141 1653 4203 istud

883 4225 1062 4303 prophetica
1077 4226 1277 4305 praedictione
1297 4229 1478 4293 celebratur,
1500 4233 1549 4294 Sic
1568 4235 1652 4314 apud

884 4316 1053 4394 Danielem,
1076 4320 1174 4399 capite
1202 4321 1350 4397 secundo,
1379 4329 1410 4384 et
1436 4325 1577 4405 septimo.
1614 4328 1652 4389 at

882 4408 1068 4485 ieremias¹,
1091 4410 1138 4473 Et
1162 4411 1296 4493 repuabit
1309 4433 1379 4490 reu,
1400 4423 1429 4476 et
1449 4417 1560 4499 sapiens
1582 4419 1649 4483 erit.

882 4502 1042 4564 Zacharias
1066 4502 1174 4578 item²,
1203 4504 1283 4567 Ecce
1310 4526 1364 4567 rea
1395 4515 1461 4569 tuus
1479 4509 1573 4571 ueniet
1594 4510 1652 4572 tibi

875 4592 989 4674 justas.
1002 4595 1051 4655 Sic
1073 4595 1108 4656 in
1122 4614 1203 4657 noro
1217 4598 1413 4660 Testamento
1431 4618 1486 4662 rex
1511 4602 1650 4664 Christus

882 4685 1091 4766 appellarunt,
1120 4693 1151 4749 et
1182 4707 1238 4752 rex
1264 4690 1480 4771 ludaeomm‘,
1504 4701 1559 4759 aut
1595 4714 1651 4757 rex

882 4779 977 4839 lsrael
988 4776 1011 4856 ⁸,
1035 4799 1070 4841 ac
1095 4799 1126 4842 se
1144 4799 1251 4859 regem
1274 4801 1339 4845 esse
1364 4785 1530 4847 sciscitanti
1553 4787 1650 4849 Pilato

882 4871 1038 4933 confessus
1051 4871 1200 4952 estipsa‘.
1222 4876 1304 4935 Tum
1315 4874 1369 4936 ubi
1383 4876 1421 4938 de
1433 4884 1572 4941 extremo
1586 4881 1650 4961 agit

876 4961 1005 5040 judicia,
1022 4969 1053 5025 et
1063 4966 1214 5026 sententia
1225 4966 1263 5027 de
1277 4967 1393 5044 clectis,
1406 4988 1442 5030 ao
1454 4970 1595 5050 reprobis
1609 4971 1649 5033 ab

881 5054 1163 5135 sepronuntianda.
1185 5059 1211 5119 T
1209 5077 1265 5119 uua
1277 5056 1353 5121 dicet
1366 5078 1432 5139 retr,
1454 5058 1587 5143 inquiat,
1603 5063 1650 5126 lis

879 5149 934 5228 qui
944 5169 963 5209 a
975 5148 1088 5209 electris
1101 5149 1165 5230 ejus
1178 5158 1276 5212 erum.
1292 5152 1468 5226 Quinetiam
1481 5156 1650 5236 Paraphra·

880 5244 940 5301 stes
953 5241 1126 5318 Chaldaeus,
1146 5241 1200 5322 qui
1213 5244 1381 5323 sepissime
1400 5246 1518 5309 Messias
1533 5264 1649 5309 nornen

111 5407 119 5451 l
131 5411 183 5456 tere.
196 5422 254 5470 inlr,
264 5416 285 5460 t.
295 5438 318 5450 -
330 5417 345 5461 t
357 5416 423 5462 zuo.
437 5428 466 5469 u,
478 5417 499 5462 a.
509 5417 560 5462 -s
570 5419 620 5463 luc.
632 5429 694 5469 airu,
704 5418 725 5462 ⁴2.
737 5441 765 5452 -
778 5418 860 5466 titan.
872 5431 937 5466 urar.
945 5420 1063 5469 -bloaru
1074 5433 1090 5475 r,
1098 5422 1131 5467 lt.
1141 5443 1169 5456 -
1179 5424 1263 5471 θέωνι.
1273 5433 1335 5478 auru,
1348 5425 1410 5472 ar.--
1424 5426 1507 5475 aaut.
1515 5440 1561 5482 nm.
1572 5429 1608 5474 tt.
