3936 6152
484 293 537 354 DE
557 290 864 367 lucennarlous,
886 291 972 354 LIB.
993 292 1036 369 X,
1058 291 1142 353 CdP.
1164 292 1203 353 X.
1577 295 1637 358 tos

5 460 7 517 ἶ
77 467 211 538 dicuntur,
221 464 255 524 iu
265 461 376 543 quibus
385 460 529 540 obliquus
538 480 627 523 casus
634 461 818 523 assumitur:
869 459 1031 521 recidunt¹
1046 479 1053 520 ε
1069 480 1085 517 ο
1099 461 1180 521 Deus
1191 458 1387 539 omnipotens
1401 464 1458 536 est,
1471 465 1504 521 et
1521 461 1636 541 abique
1661 465 1798 524 asiniuu-

5 576 7 635 ζ
79 563 180 619 utrum
191 557 268 629 diem
284 554 381 616 tr'cero
390 552 820 635 patriamseruatzcuisimile
869 553 1137 631 praesensfloma
1159 552 1444 629 tacuissemus
1465 552 1634 634 factusest,
1661 523 1817 620 madidum*

78 650 126 711 hoc
136 654 186 723 est,
205 648 341 709 humana
358 652 469 708 natura
485 646 599 708 divinae
609 646 819 725 conjungitur,
869 644 966 722 igitur
979 646 1073 705 humo
1084 644 1117 704 in
1131 644 1249 705 Christo
1259 645 1465 724 omnipotens,
1480 652 1512 707 et
1520 646 1637 726 ubique

5 774 7 781 ·
79 740 361 802 ramessubsistit.
609 730 612 735 ’
870 742 1103 815 premensem.»
1122 737 1183 798 Sed
1196 737 1378 818 perspicuus
1389 745 1434 799 est
1448 739 1537 800 luens
1550 740 1638 802 istius

5 868 21 901 a
34 856 52 898 a
111 833 152 894 lV.
177 833 272 912 Hujus
293 834 327 893 in
348 832 542 904 affirmando,
569 830 822 910 enuntiandoqne
870 827 1052 907 syllogismi.
1073 830 1152 889 Nam
1173 846 1234 889 vox
1249 828 1332 890 homo
1351 847 1416 891 non
1444 832 1639 911 suppositum

5 910 56 1005 Ἦ
80 924 185 986 areae
207 925 336 986 rationis
362 929 393 986 et
418 924 614 1003 proprietatis
640 941 757 1001 veram,
787 940 823 983 ac
870 919 973 998 ipsum
986 921 1108 996 Christi,
1128 923 1183 983 sed
1196 922 1366 983 humanam
1377 930 1525 985 naturam
1541 925 1638 1005 signi-

1673 624 1802 675 dttuuntnr.

6 1016 45 1061 Μ’
80 1035 233 1095 germanam
267 1017 368 1096 attigit
400 1034 525 1078 causam
554 1016 754 1089 Athanasius,
792 1021 823 1076 et
871 1011 952 1073 fiant.
978 1014 1047 1074 Nau
1071 1014 1156 1075 enim
1181 1033 1313 1095 persona
1332 1016 1400 1094 ipss
1418 1017 1540 1091 Christi,
1557 1019 1640 1081 Deus

6 1074 63 1167 ιὀῗ
80 1110 318 1189 quemadmodum
336 1109 464 1188 nuperis
477 1108 542 1168 istis
561 1109 715 1169 hereticis
730 1108 821 1169 resis-
871 1120 937 1165 esse
950 1104 1048 1166 sactus
1061 1106 1186 1169 dicitur.
1198 1107 1446 1186 ItaqueVerbum
1458 1109 1533 1170 illud
1541 1109 1640 1189 saetas

8 1187 31 1218 ¹²
80 1208 130 1263 tere
141 1202 426 1281 oporteat,ostendit
437 1201 472 1261 in
484 1199 823 1262 librodelararaatrbne
871 1203 923 1265 est,
939 1197 1003 1258 sive
1018 1199 1150 1278 simplex
1163 1200 1392 1261 substantivum
1405 1209 1457 1278 est,
1469 1202 1641 1265 nonhabet

81 1293 263 1357 Uiriathum
277 1294 423 1355 adversus
436 1293 821 1372 apollinaristasdisserit3
871 1288 1028 1369 [annalem
1053 1308 1191 1364 sensum,
1216 1293 1270 1353 sed
1285 1291 1478 1373 personalem,
1508 1300 1539 1355 et
1564 1296 1641 1356 obli·

81 1404 190 1464 quorum
204 1405 343 1466 propago
363 1386 507 1465 quadam
527 1391 572 1446 est
590 1386 823 1465 Ubiquistarum
873 1399 971 1460 qurum
985 1403 993 1441 ι
1007 1388 1042 1443 ut
1051 1384 1101 1459 sit,
1128 1385 1232 1460 homo,
1249 1386 1298 1445 rel
1319 1390 1432 1447 natura
1456 1387 1593 1449 hominis
1606 1389 1640 1450 in

79 1476 193 1538 haresm
208 1479 258 1539 Sic
272 1479 357 1539 enim
374 1478 444 1539 illos
465 1482 718 1555 argumentantes
731 1478 823 1538 indu·
874 1473 1008 1551 Christo,
1021 1475 1054 1536 iu
1067 1477 1208 1538 eamdem
1222 1496 1386 1557 personam
1400 1498 1471 1541 cum
1484 1482 1548 1542 Deo
1564 1498 1639 1543 con·

80 1570 153 1630 aaz·
175 1572 348 1632 laureatum
370 1570 518 1650 quiddam
538 1570 617 1631 lacta
642 1576 688 1631 est
701 1589 771 1632 cero
785 1587 825 1632 ex
869 1565 1024 1645 jungitur,
1048 1575 1081 1629 at
1102 1570 1136 1629 in
1156 1570 1364 1648 conclusione,
1383 1571 1515 1633 verbum
1532 1579 1585 1649 est,
1606 1574 1640 1634 in

80 1680 116 1736 eo,
136 1665 211 1741 quod
235 1662 376 1724 increato
400 1668 446 1724 est
473 1662 825 1736 uniuersalitatis
873 1657 1000 1738 forstall
1008 1677 1101 1721 sensu
1114 1662 1234 1740 eapitur
1249 1668 1304 1723 :ut
1314 1663 1391 1724 etin
1404 1665 1516 1743 majori
1528 1682 1641 1745 propa-

80 1756 217 1834 respondet
245 1777 253 1815 ε
281 1756 419 1835 primum
445 1754 616 1816 absurdum
644 1772 710 1816 esse
736 1756 825 1816 dccet
871 1750 996 1813 atione.
1012 1753 1087 1825 Qum
1104 1753 1270 1815 notionum
1284 1755 1384 1816 eidem
1406 1757 1502 1818 verbo
1515 1756 1639 1837 subjec-

79 1846 221 1907 iuareatam
235 1847 419 1909 dicerecsse
438 1867 579 1924 carnem3
596 1866 667 1911 curn
687 1848 722 1908 in
744 1852 823 1908 tem·
873 1846 976 1903 tarum
1001 1845 1197 1922 ambiguitas,
1224 1848 1373 1926 captionis
1398 1849 1568 1927 sophisticas
1598 1851 1642 1912 la-

80 1956 147 2017 para,
160 1945 237 1999 etex
250 1947 343 2000 utero
357 1940 391 1999 B.
401 1939 537 2018 Virginis
547 1941 674 2001 initium
695 1939 823 2018 ceperit,
874 1953 970 2013 queas
985 1936 1124 1998 innectit.
1141 1938 1229 2010 Quod
1242 1939 1269 1999 si
1286 1940 1408 2000 sublata
1427 1960 1514 2019 vaes,
1533 1943 1640 2023 saetas,

80 2048 123 2091 nec
134 2030 229 2092 authu
244 2031 400 2108 perlectus
418 2032 512 2093 hamo
529 2032 688 2113 prodierit,
704 2030 758 2092 sed
770 2048 825 2110 per
874 2024 908 2086 in
922 2028 1038 2089 minori
1057 2030 1278 2109 propositione,
1294 2032 1338 2093 ita
1354 2032 1525 2109 diceretur,
1541 2035 1642 2095 Homo

79 2128 183 2183 etatum
210 2125 407 2186 incrementa
439 2143 638 2205 progressum
668 2124 823 2185 habuerit.
876 2119 1017 2180 Christus
1030 2121 1112 2182 Deus
1122 2127 1179 2198 est,
1194 2122 1243 2183 vel
1255 2123 1371 2203 potius,
1383 2124 1434 2185 hic
1452 2125 1548 2188 homo
1562 2128 1644 2188 Deus

81 2214 219 2294 «Atqmsi
236 2234 274 2277 ea
287 2216 367 2295 ipsa,
383 2216 467 2296 quad
487 2235 559 2279 cum
582 2205 721 2278 increata
734 2234 827 2295 capu·
876 2215 921 2270 est
936 2229 943 2269 :
958 2211 1057 2289 Igitur
1080 2213 1131 2274 bic
1151 2214 1244 2274 homo
1268 2220 1315 2275 est
1337 2216 1544 2296 omnipotens,
1569 2224 1641 2296 ete,

79 2304 141 2367 lutus
151 2314 192 2368 est
203 2308 316 2379 homo,
331 2309 485 2371 increatus
506 2317 554 2372 est
565 2310 674 2383 factus,
692 2326 748 2369 cur
761 2326 826 2368 non
875 2308 951 2364 tunc
964 2310 1048 2366 recto
1059 2311 1090 2366 et
1103 2306 1225 2368 formali
1241 2325 1334 2369 sensu
1348 2310 1521 2372 enuntiatio
1534 2329 1642 2391 proce·

79 2399 161 2460 stethu
181 2400 354 2475 absolutus,
378 2420 414 2463 ac
430 2402 583 2481 perlectus
601 2400 784 2483 apparuitl‘t
805 2421 821 2459 a
875 2396 972 2457 deret.
989 2398 1111 2477 Quippe
1125 2399 1177 2459 hic
1190 2399 1286 2461 hamo
1304 2403 1386 2462 Deus
1399 2404 1521 2480 est,sed
1531 2421 1597 2465 non
1609 2409 1645 2466 ut

80 2491 286 2553 Deindereram
295 2512 332 2554 ae
338 2511 520 2571 germanam
530 2482 681 2555 rationem
690 2492 823 2571 subjicit,
875 2487 982 2549 homo.
998 2490 1098 2562 Quare
1118 2508 1183 2552 uon
1202 2497 1235 2552 ut
1246 2490 1340 2553 bomo
1362 2499 1419 2571 est,
1434 2497 1642 2576 omnipotens,

80 2601 127 2661 qua
137 2586 337 2666 proprietates
349 2585 527 2664 hujusmodi
550 2587 585 2648 in
603 2584 827 2648 hoclnearnati
876 2585 907 2641 et
928 2582 1100 2643 immensus
1120 2584 1179 2645 erit
1195 2604 1202 2644 ε
1218 2585 1272 2646 sed
1291 2603 1353 2664 qua
1371 2587 1456 2650 idem
1479 2589 1561 2651 Deus
1577 2594 1642 2652 est:

79 2674 152 2737 Verbi
160 2678 308 2758 mysterio
316 2679 354 2739 de
361 2679 487 2741 homine
494 2679 712 2759 praedicentur.
725 2678 827 2738 «Nam
877 2690 950 2733 cnm
961 2674 1102 2735 sithoma
1116 2677 1242 2755 pariter,
1257 2696 1293 2739 ac
1305 2679 1396 2739 Deus.

79 2770 330 2846 qualmcreatum
347 2778 405 2848 est,
425 2772 597 2834 secundum
619 2776 765 2832 naturam
780 2771 826 2830 iu·
920 2765 970 2827 Sic
991 2766 1068 2828 illud
1087 2767 1213 2829 haeresis
1236 2769 1373 2848 ejusdem
1397 2773 1643 2852 firmamentum,

79 2868 191 2923 naum
220 2863 336 2923 dicitur
359 2883 366 2923 :
392 2883 428 2925 ac
457 2884 560 2944 neque
585 2865 824 2937 incrementum,
877 2876 935 2918 nee
945 2858 1101 2920 diversum
1115 2861 1243 2939 apriari
1256 2862 1423 2925 refellitur:
1444 2866 1525 2926 acui
1540 2869 1646 2929 amnia

79 2970 158 3033 saque
189 2955 433 3017 diminutionem
459 2957 578 3037 recipit.
606 2956 694 3030 Quod
721 2961 827 3016 autem
877 2950 948 3011 data
961 2957 1045 3027 sunt,
1058 2952 1131 3013 huic
1144 2953 1507 3034 nihildenegatumcst¹z
1526 2958 1645 3021 Clrlsto

79 3048 311 3109 communionem
334 3048 428 3110 babet
454 3066 526 3110 cum
549 3050 696 3122 increato,
719 3047 769 3107 vel
798 3044 825 3108 ei
876 3040 989 3103 lamini
1002 3044 1101 3104 amara
1114 3043 1186 3106 data
1198 3053 1266 3107 sant
1278 3045 1301 3108 ³.
1313 3049 1396 3109 Nihil
1409 3067 1482 3126 ergo
1496 3050 1541 3110 illi
1555 3051 1647 3113 dene

79 3139 174 3216 uritur,
202 3141 369 3221 proprium
391 3141 519 3222 quidem
540 3141 651 3202 dicitur
673 3139 825 3201 increati:
876 3142 986 3213 gatum
1006 3142 1053 3197 est
1071 3155 1090 3197 a
1110 3140 1184 3199 Deo.
1207 3140 1286 3200 Cum
1300 3140 1396 3218 igitur
1416 3142 1498 3203 inter
1521 3149 1647 3206 cataras

78 3238 242 3294 nontamen
264 3235 434 3313 ipsummet
446 3234 620 3295 increatum
632 3236 792 3293 vacatur⁶⁸
811 3251 824 3289 ν
876 3233 981 3307 partes
1002 3229 1180 3308 majestatis,
1202 3232 1268 3294 haec
1290 3252 1415 3313 quoque
1438 3254 1503 3296 nou
1525 3236 1646 3317 aitpos·

78 3320 208 3386 Prealare
230 3325 361 3385 omnino
382 3325 618 3406 pradicationis,
638 3324 827 3385 enuntiatio·
878 3325 988 3393 trema,
1002 3328 1039 3381 ut
1052 3340 1109 3400 pro
1123 3324 1256 3397 ratione,
1272 3330 1303 3387 et
1317 3334 1429 3388 natura
1443 3329 1578 3391 dexterae
1592 3330 1647 3391 Dei

79 3413 167 3494 uisque
194 3418 325 3479 modum
352 3418 452 3497 aperit
476 3416 674 3494 Athanasius,
701 3434 763 3497 quo
790 3416 829 3477 de
878 3414 995 3493 ubique
1009 3416 1205 3493 presenssit,
1218 3418 1447 3497 aquitaneum
1460 3422 1579 3482 Christo
1592 3422 1647 3483 ho·

78 3515 218 3590 assumpto
241 3508 369 3571 homine
391 3510 506 3572 divinae
530 3510 731 3590 proprietates
744 3508 828 3569 affir-
878 3506 957 3567 mini
971 3524 1036 3568 non
1056 3513 1214 3585 negatam,
1232 3510 1285 3570 sed
1308 3529 1380 3573 vere
1400 3513 1496 3573 etiam
1510 3532 1648 3575 commu·

78 3607 198 3663 mantur.
224 3602 293 3663 Non
317 3601 412 3677 enlm,
431 3607 466 3662 ut
480 3602 576 3663 homo
591 3607 648 3676 est,
663 3601 827 3677 increatus,
878 3599 1012 3660 nicetam
1034 3618 1110 3661 esse.
1128 3622 1141 3658 τ
1158 3602 1231 3662 Haec
1251 3603 1421 3682 Ubiquistae
1435 3611 1544 3689 contm
1557 3607 1647 3669 Pala-

77 3697 121 3753 aut
132 3695 336 3774 omnipotens,
350 3700 404 3754 aut
416 3694 588 3755 immensus
598 3694 710 3755 dieitur
725 3712 732 3753 ε
750 3711 829 3772 quo·
879 3692 962 3751 tinas
976 3691 1179 3772 disputantes.
1195 3693 1313 3766 Quibus
1325 3697 1577 3776 respondendum
1591 3704 1648 3777 est,

77 3784 146 3845 niam
167 3787 233 3849 haec
254 3787 404 3847 attributa
430 3787 612 3855 seeundum,
628 3793 784 3853 naturam,
800 3790 831 3847 et
880 3784 1000 3846 Christo
1015 3784 1135 3845 homini
1154 3804 1262 3847 revera
1276 3787 1348 3848 data
1367 3789 1419 3850 illa
1440 3791 1557 3868 omnia,
1577 3810 1649 3872 quae

77 3880 223 3939 muham
248 3883 441 3959 usurpantur
463 3898 471 3939 ε
492 3879 525 3940 in
548 3897 611 3959 qua
634 3879 770 3958 proprie,
795 3896 830 3938 ae
880 3882 953 3937 sunt
977 3877 1104 3957 propria
1120 3878 1302 3956 diuinitatis,
1327 3881 1381 3942 sed
1394 3900 1460 3944 non
1481 3902 1518 3946 eo
1542 3885 1648 3962 modo,
1745 3891 1747 3896 '

77 3966 233 4043 [sonaliter
245 3990 310 4032 non
323 3971 360 4031 fit
374 3972 484 4033 unitio.
500 3972 651 4033 Dicuntur
661 3977 765 4032 mmeu
777 3971 830 4032 illa
879 3987 943 4048 quo
957 3974 1031 4030 sunt
1045 3969 1138 4047 hujus
1152 3974 1294 4051 propria;
1310 3972 1370 4033 hoc
1390 3981 1424 4035 ut
1441 3976 1648 4050 essentialiter,

78 4058 197 4124 lammis
218 4064 354 4144 propria,
376 4069 502 4144 propter
522 4063 685 4125 ambarum
702 4068 830 4125 natura·
880 4080 916 4123 ac
931 4061 1108 4141 formaliter
1128 4061 1235 4140 insint,
1260 4070 1292 4125 et
1316 4064 1452 4127 afficiant
1477 4067 1650 4130 humanam

78 4168 137 4214 rum
151 4155 411 4234 conjunctionem.
425 4157 693 4230 Quemadmodum
708 4161 740 4216 et
753 4155 830 4217 divi·
880 4158 1047 4214 naturam:
1063 4172 1175 4214 verum
1188 4161 1224 4215 ut
1231 4156 1438 4235 personaliter,
1454 4158 1519 4220 sive
1532 4160 1651 4221 ratione

78 4243 147 4306 nitas
157 4247 218 4327 ipsa
234 4266 299 4309 nou
309 4248 352 4309 sia
365 4254 712 4329 assumptamnaturam
725 4247 830 4323 afficit,
881 4245 1051 4326 personalis
1064 4246 1216 4308 unitionis
1226 4249 1421 4310 conveniant.
1437 4250 1475 4311 Et
1496 4251 1556 4312 hoc
1576 4271 1651 4314 vero

78 4336 117 4396 nti
146 4340 224 4401 Deus
257 4340 488 4402 denominetur.
521 4340 583 4401 Sed
613 4340 831 4402 tantummodo
880 4338 1051 4420 personalis
1061 4341 1349 4404 communicationis
1358 4342 1463 4419 modo,
1478 4360 1544 4404 non
1558 4345 1652 4406 effici·

79 4425 181 4507 divina,
189 4432 248 4494 hoc
256 4434 399 4494 estalleo
408 4451 545 4514 possessa
555 4433 704 4512 peculiari
712 4437 830 4504 tamem
881 4438 935 4493 tur
948 4438 1032 4493 reeta
1054 4436 1086 4493 et
1112 4431 1250 4513 formalis
1263 4433 1427 4497 affirmatio
1439 4435 1534 4497 unius
1547 4438 1586 4498 de
1606 4438 1651 4499 al-

79 4525 105 4579 et
116 4523 299 4587 mbstanhm
312 4525 444 4601 ratione,
459 4530 489 4587 et
502 4524 586 4585 illius
598 4526 734 4605 propria.
885 4532 964 4595 tero,
981 4541 1076 4603 quam
1089 4525 1262 4587 enuntiatio
1276 4526 1392 4590 duecte
1412 4527 1583 4606 significat:
1598 4530 1653 4591 sed

112 4613 146 4675 V.
165 4618 210 4678 ltx
221 4618 270 4678 his
290 4635 400 4678 omnes
422 4617 653 4698 Ubiquistarum
668 4616 834 4678 cavillatio
882 4617 1008 4698 obliqua
1035 4618 1202 4697 duntaxat,
1230 4637 1325 4698 quam
1349 4628 1534 4702 παροώμθαμο
1559 4622 1653 4685 Stoici

5 4728 62 4783 g„-
79 4715 380 4791 nes,etaapanopcp0t
393 4710 480 4771 nulla
501 4710 626 4789 negotia
657 4709 832 4772 diluuntur.
882 4710 1098 4772 nominabant.

80 4796 130 4870 Qui
139 4802 301 4881 quidemin
312 4802 604 4883 lsocpropemodum
613 4807 834 4883 argumentum
923 4803 975 4872 Vl,
1000 4805 1100 4882 atqua
1112 4802 1172 4864 hoa
1185 4799 1219 4863 in
1232 4801 1300 4864 aliis
1312 4802 1498 4883 quibusdam
1507 4806 1564 4869 Dei
1576 4824 1653 4888 pro-

112 5020 132 5060 α
145 5006 243 5064 Aruns.
268 5006 347 5063 ’lut
362 5008 456 5079 λέγετε,
470 5008 509 5061 ὅτι
522 5006 636 5063 ἄκτιοτον
650 5006 750 5078 γέγονεν
765 5003 790 5060 ἰν
804 5010 835 5080 τῇ
920 5007 1033 5063 abusos
1043 5006 1087 5060 .'l'h
1098 5004 1144 5079 γὰρ
1156 5006 1280 5072 ἅττιοτον,
1294 5007 1405 5080 τῇφῦοοι
1416 5010 1515 5083 λέγεται
1527 5013 1654 5084 ἄπτωτον,

81 5083 257 5164 Μητιτῇττρὸς
270 5092 313 5145 τὸν
324 5091 449 5145 ἄπτωτον.
886 5091 946 5162 μήτε
975 5088 1083 5157 αὔξησιν,
1112 5089 1174 5161 μήτε
1199 5088 1333 5147 trancas
1360 5090 1543 5168 ἰπιδτχόμτνον.
1570 5103 1607 5170 τῷ
1628 5096 1655 5152 δὲ

114 5169 206 5230 titia.
226 5172 258 5228 El
274 5172 358 5228 τοίνυν
374 5174 485 5236 &aanor
502 5171 632 5248 τῇὶνώοτι
655 5173 763 5245 γέγονεν,
784 5176 836 5236 πῶς
885 5171 993 5251 declaras
1009 5175 1179 5240 κοινωνῆσαν,
1196 5175 1211 5243 ἢ
1226 5173 1322 5243 trulla,
1337 5174 1401 5233 ἴδιον
1416 5178 1459 5252 pls
1478 5184 1523 5235 coil
1538 5179 1653 5237 ertator

82 5247 123 5305 ata
133 5255 349 5330 οἳωτελὴςῶφθης
882 5256 988 5328 λέγεται·
1005 5253 1034 5308 οὗ
1048 5254 1096 5327 μὴν
1111 5255 1172 5311 αὐτὸ
1184 5257 1308 5314 ἅττιοτον.
1622 5298 1628 5305 -

106 5441 173 5494 {lits
183 5447 239 5506 Epis.
246 5447 331 5495 calb·
343 5446 358 5491 i
368 5446 393 5492 Iu
403 5445 462 5505 liplt.
473 5465 499 5482 -
507 5446 607 5493 dlassa-
618 5455 654 5500 ns,
664 5449 687 5491 st
694 5446 769 5493 uara
775 5454 851 5492 nau.
