3956 6158
263 365 324 427 aas
766 374 1093 437 THEOhOGlGORUM
1113 375 1334 438 DOGMATUM

264 538 463 595 testamsest:
483 534 559 596 Dato
582 545 624 596 est
643 536 719 598 mibi
736 539 829 599 omnis
850 549 976 621 potestas
996 542 1029 601 ia
1081 541 1206 602 eosdem
1216 542 1282 602 rim
1295 541 1464 620 quamdam
1481 539 1662 600 interiorem
1682 539 1854 600 etatiiuen-

263 626 347 704 coelo,
361 634 389 687 et
403 627 435 687 ia
449 636 527 687 terra
538 626 558 689 ¹.
576 630 615 689 Et
633 630 796 709 Apostolus
806 632 914 693 Petrus
926 653 933 692 :
947 631 1028 693 Pro·
1078 633 1156 693 tiam
1177 632 1306 694 occultae
1321 631 1444 692 virtutis
1457 630 1604 705 instillet;
1627 648 1722 709 quam
1737 631 1852 691 barba·

262 720 365 799 fectus,
381 717 456 793 ait',
473 718 618 780 iactatam
636 720 773 801 subjectis
786 723 846 783 sibi
856 723 987 804 Aapett's,
1003 731 1030 784 et
1079 724 1223 786 rissantes
1247 724 1362 785 scholas
1376 722 1527 802 talianum
1540 723 1715 785 nominant.
1731 723 1852 801 Hujus·

261 808 463 891 potestatibus,
479 818 508 870 et
521 811 691 873 virtutibus.
1079 816 1165 878 modi
1188 834 1262 895 ergo
1277 815 1353 890 vim,
1373 819 1404 876 et
1426 814 1626 875 efficientiam
1653 814 1694 873 ab
1720 814 1853 874 homine

304 902 421 962 Rursus
444 900 478 961 in
505 902 634 982 epistola
661 903 701 966 od
726 905 889 986 Ephesiosl
912 906 1030 967 Paulus
1079 907 1199 969 Christo
1214 908 1248 968 in
1273 907 1408 986 Angelos
1422 906 1560 984 perinde,
1585 910 1620 965 ut
1644 905 1678 964 in
1705 906 1852 966 homines
1884 924 1967 969 miae

268 992 476 1074 principatum
490 993 579 1053 illum
598 994 712 1056 Christi
722 998 846 1058 Domini
863 998 979 1076 insigni
992 1016 1028 1058 ae
1078 999 1231 1075 diffluere,
1255 998 1402 1079 praeclare
1436 999 1537 1072 docet,
1566 1015 1602 1057 aa
1624 996 1732 1075 capitis
1765 997 1851 1058 illius
1872 978 1969 1074 ΛΨ

262 1083 420 1145 luculento
434 1087 775 1163 praeconiocohonestat
790 1089 1028 1169 :divinaeopera-
1079 1094 1174 1150 nostri
1203 1090 1398 1170 splendorem
1419 1089 1683 1166 excellentemque
1715 1089 1850 1167 gloriam
1892 1084 1966 1128 Μ

263 1174 370 1234 tionem
378 1175 532 1254 potentiae,
556 1177 718 1238 acairtatis
733 1180 904 1258 predicans
913 1197 926 1251 ,·
939 1199 1027 1259 parom
1077 1182 1225 1260 praedicat
1250 1183 1487 1259 chrysostomus
1522 1179 1651 1241 homilia
1685 1180 1780 1240 tertia
1817 1182 1850 1240 in

262 1266 481 1345 operatorestah
488 1265 1026 1347 Cbrr‘sto,sascitaasillamementati,
1078 1273 1239 1351 epistolam
1265 1273 1305 1333 od
1317 1272 1479 1353 Ephesiam
1497 1276 1529 1332 et
1539 1277 1660 1332 naturae
1674 1276 1790 1331 noshoe
1805 1271 1851 1331 in-

261 1363 290 1416 et
304 1362 480 1417 constituens
498 1358 538 1419 nd
550 1358 699 1420 dexteram
716 1380 799 1422 mum
815 1361 1025 1437 a'acoelestlbus,
1078 1364 1257 1425 credibilem
1270 1365 1305 1425 in
1322 1383 1380 1425 suo
1395 1364 1447 1424 illo
1461 1364 1561 1443 capite
1573 1364 1727 1423 honoram
1751 1362 1849 1422 tribn-

260 1466 353 1527 snpro
379 1468 491 1510 omnem
515 1451 729 1531 principatum,
751 1462 779 1513 et
796 1461 973 1533 potestatem,
1001 1461 1029 1513 et
1078 1467 1146 1515 tum
1173 1475 1268 1516 aureo
1296 1456 1360 1529 illo,
1376 1474 1438 1534 quo
1466 1455 1555 1529 solet,
1573 1455 1704 1514 flumine
1732 1456 1851 1514 oratio·

263 1540 414 1617 uirtutem,
443 1550 471 1602 et
497 1541 733 1619 doras'aatiooem,
759 1552 787 1605 et
808 1564 890 1605 omae
911 1564 1025 1618 nomen,
1077 1547 1126 1607 nis
1138 1547 1282 1608 illustrat.
1299 1548 1418 1627 Quippe
1432 1566 1471 1608 ex
1483 1546 1591 1607 infimo
1615 1563 1725 1606 reram
1738 1547 1849 1624 gradu,

260 1631 339 1712 quod
356 1639 598 1694 nominatorem
612 1634 707 1695 solum
729 1637 760 1696 in
771 1636 823 1697 boc
837 1637 956 1711 secolo,
982 1636 1030 1697 sed
1077 1642 1109 1698 et
1122 1639 1229 1699 ordine
1243 1640 1423 1700 subvectum
1437 1638 1480 1699 ait
1492 1638 1690 1716 illum,quem
1702 1655 1743 1697 ex
1761 1639 1852 1699 nohis

259 1727 349 1787 etiam
362 1726 393 1786 ia
406 1729 529 1807 futoro:
543 1734 572 1789 et
586 1729 684 1789 amaia
698 1729 821 1809 subjecit
839 1728 892 1787 aab
902 1730 1028 1808 pedibas
1077 1734 1221 1810 suscepit,
1249 1731 1420 1807 hominem,
1447 1736 1650 1810 posteaquam
1681 1747 1699 1789 a
1718 1730 1852 1790 mortuis

260 1819 332 1898 ejas.
349 1820 496 1879 Omnium
519 1820 615 1897 igitur
636 1838 700 1880 non
724 1820 825 1879 solum
849 1821 1026 1896 hominum,
1078 1824 1228 1883 excitatus
1244 1828 1307 1899 est;
1324 1829 1355 1884 et
1370 1841 1463 1902 supra
1483 1823 1620 1882 caelestes
1633 1839 1745 1880 ornnes
1764 1821 1850 1901 prin-

260 1911 313 1971 sed
329 1911 422 1970 etiam
436 1912 638 1991 Angelorum,
657 1918 721 1973 tam
744 1912 911 1987 honorum,
933 1931 1027 1991 quam
1077 1915 1195 1993 cipatus
1206 1925 1237 1975 et
1259 1916 1351 1989 acies,
1377 1915 1417 1975 ad
1437 1932 1569 1975 summae
1584 1913 1756 1989 majestatis
1780 1930 1853 1973 con

261 2004 414 2064 malorum
429 2004 575 2064 dominus
594 2009 639 2064 est
653 2004 809 2079 Christus;
826 2010 856 2064 et
875 2003 1028 2082 subjectos
1078 2008 1224 2080 sortium;
1236 2024 1474 2084 consessumque
1495 2004 1699 2065 translatum:
1713 2025 1730 2060 ιι
1744 2004 1850 2081 Neque

259 2095 353 2156 hahet
365 2114 483 2171 omnes,
498 2096 684 2175 habebitque
699 2096 833 2155 maxime
850 2102 919 2174 post
941 2096 1026 2174 judi·
1077 2116 1150 2158 vero
1176 2098 1389 2159 sublimiorem
1408 2096 1624 2158 tantummodo
1647 2096 1732 2155 Deus
1761 2096 1851 2155 Pater

260 2187 378 2262 eium‘,
407 2190 532 2268 quando
555 2188 613 2248 suh
637 2188 767 2267 pedihus
788 2188 869 2247 illius
879 2186 1028 2265 jacebunt
1076 2189 1237 2250 hominem
1259 2191 1355 2252 istum
1375 2190 1519 2263 reddidit,
1535 2194 1572 2248 ut
1590 2187 1709 2248 eatena
1723 2193 1852 2266 antepo

259 2299 368 2343 omnes
390 2281 509 2341 inimici
538 2281 613 2358 ejus,
641 2281 741 2359 Caput
760 2285 805 2340 est
832 2284 937 2340 autem
961 2297 1027 2339 non
1076 2287 1258 2359 neretur,et
1285 2282 1375 2361 quasi
1395 2280 1585 2360 comparatio
1605 2278 1745 2356 quadam
1769 2280 1850 2339 inter

260 2374 412 2440 omnium,
427 2374 479 2433 sed
495 2390 604 2432 eorum
618 2372 783 2446 duntaxat,
799 2371 958 2449 inquibus
972 2388 1027 2449 per
1076 2378 1225 2452 utrosque
1238 2374 1346 2434 tieret:
1363 2373 1470 2434 sedita
1483 2380 1518 2432 ut
1531 2372 1575 2430 sia
1587 2375 1740 2448 tanquam
1753 2370 1849 2430 servis

259 2467 354 2527 iidem
368 2471 488 2542 regnat,
514 2466 628 2541 etpost
647 2479 787 2522 occasum
805 2462 927 2535 mundi,
943 2479 1028 2521 sanc-
1076 2465 1266 2543 prasideret.
1301 2467 1414 2544 Papae,
1439 2463 1603 2523 horrendae
1629 2461 1775 2541 proiecto
1801 2480 1849 2522 res

260 2566 365 2620 torum
386 2561 417 2617 et
437 2556 617 2630 electorum,
632 2561 698 2615 tam
722 2554 915 2631 angelorum,
932 2570 1026 2631 quam
1076 2561 1149 2616 sunt
1166 2557 1250 2617 istst
1275 2557 1416 2617 Hominis
1433 2573 1521 2615 serva
1531 2554 1610 2615 facta
1623 2560 1671 2613 est
1685 2560 1793 2613 ereata
1804 2554 1849 2613 vis

260 2649 439 2723 bominum3
451 2647 610 2726 exquibus
624 2646 696 2705 solis
711 2645 848 2707 Ecclesia
862 2643 1022 2704 constabit.
1076 2648 1176 2707 omnis
1190 2653 1317 2727 propter
1330 2647 1557 2707 inhabitantem
1575 2647 1674 2704 Deum
1693 2645 1845 2705 Verbum.

259 2743 302 2802 De
324 2760 385 2820 quo
401 2740 471 2799 ride
496 2737 680 2817 Hieronymi
704 2737 961 2798 commentarium
986 2735 1025 2795 ad
1075 2740 1198 2799 Etenim
1212 2740 1279 2799 fieri
1294 2745 1405 2818 potest,
1417 2744 1451 2797 ut
1465 2740 1504 2797 sit
1525 2737 1637 2816 aliquis
1649 2753 1747 2814 snpra
1761 2736 1847 2812 ahos,

258 2839 352 2912 caput
373 2832 510 2910 primam
524 2828 661 2909 epistole
674 2827 715 2889 od
731 2827 885 2908 Ephesios.
911 2826 971 2886 Ubi
986 2826 1025 2886 ad
1075 2848 1134 2890 nec
1145 2836 1312 2891 eostameu
1329 2829 1495 2907 subjectos,
1516 2834 1547 2888 et
1565 2829 1775 2905 obsequentes
1790 2828 1847 2887 hn-

258 2923 416 2986 illaverba
430 2921 587 3001 Apostoli:
601 2939 671 3000 quae
685 2919 825 2999 proxime
840 2925 911 2978 ante
932 2918 1025 2978 citata
1076 2920 1162 2996 beat,
1178 2922 1279 2982 sedat
1291 2922 1329 2981 iis
1350 2920 1566 2981 tantummodo
1579 2918 1777 2999 preferatur.
1794 2919 1848 2979 liic

257 3020 500 3094 consequuntur,
527 3012 572 3073 Et
601 3012 695 3092 ipsam
720 3009 799 3071 dedit
820 3017 907 3090 eaput
932 3028 1026 3088 snpra
1074 3015 1181 3073 autem
1196 3032 1261 3074 non
1274 3014 1317 3073 ita
1331 3030 1380 3073 res
1390 3011 1503 3085 habct;
1519 3010 1572 3071 sod
1591 3010 1701 3069 omnia
1718 3010 1849 3089 subjecit

256 3126 368 3170 omnem
393 3106 424 3168 E
425 3103 584 3179 cclesiom⁸,
603 3121 669 3183 quae
682 3110 724 3161 eat
753 3119 856 3181 corpas
875 3101 974 3180 psius,
999 3109 1026 3160 et
1074 3104 1204 3183 pedihus
1228 3105 1343 3183 ipsius;
1360 3121 1418 3164 neo
1432 3100 1611 3181 simpliciter
1629 3101 1782 3179 subjecit3
1794 3102 1846 3162 sed

256 3196 407 3281 plenitudo
420 3197 494 3278 ejus,
510 3195 564 3276 qai
577 3195 674 3256 omnio
688 3194 721 3253 ia
735 3192 865 3254 omnibus
878 3189 1026 3271 adimple·
1076 3201 1212 3255 extrema
1239 3195 1439 3272 subjectione,
1467 3198 1497 3253 et
1519 3191 1672 3270 ejusmodi
1710 3196 1747 3250 ut
1780 3199 1848 3270 post

257 3302 325 3351 tur:
350 3291 418 3351 haee
445 3293 569 3348 sanetus
591 3288 698 3348 doctor
716 3286 886 3346 adnotavit.
915 3304 930 3341 a
956 3284 1024 3342 Non
1075 3286 1212 3347 earnalia
1221 3286 1308 3346 nulla
1322 3287 1411 3346 siit.»
1430 3286 1487 3346 llic
1497 3302 1571 3344 vero
1581 3283 1793 3363 profluentem
1809 3284 1846 3343 ab

257 3384 358 3445 solum
399 3378 598 3455 hominum⁶,
640 3379 692 3439 sed
719 3378 813 3438 etiam
829 3376 1022 3454 angelornm
1076 3378 1197 3437 Christo
1225 3379 1324 3458 eapite
1346 3380 1378 3437 in
1399 3375 1533 3456 Angelos
1560 3376 1656 3436 etiam
1679 3376 1747 3435 vim
1761 3375 1847 3435 illam

257 3481 500 3551 cunctarumque
540 3471 703 3545 virtutum,
731 3474 763 3529 ct
793 3466 1024 3528 rationabilium
1073 3470 1272 3550 peculiarem,
1292 3478 1323 3530 et
1337 3475 1374 3529 ut
1390 3475 1513 3543 vocant,
1538 3466 1688 3543 tatianum
1702 3467 1843 3542 indicat3

256 3574 469 3631 ereaturarum
484 3564 617 3625 Ecclesia
637 3562 768 3640 intelligi
783 3567 894 3637 potest.
910 3582 925 3617 n
944 3560 1024 3638 Ergo
1074 3561 1151 3621 dum
1161 3562 1270 3622 eodem
1282 3561 1375 3622 modo
1389 3558 1451 3620 illis
1460 3561 1624 3637 imperare,
1639 3564 1736 3637 abque
1748 3560 1846 3621 homi·

257 3666 350 3740 caput
370 3664 415 3720 est
441 3658 590 3727 christus,
608 3655 728 3732 eritque
750 3659 825 3713 tune
846 3651 1024 3731 perfectiore
1075 3653 1332 3727 nibusaftirmat3
1347 3653 1462 3713 hocest
1480 3651 1622 3711 illosnon
1649 3650 1755 3711 solum
1767 3651 1843 3712 inie-

257 3753 362 3825 modo,
389 3767 484 3829 quam
511 3766 595 3809 nunc
629 3752 685 3823 est,
713 3745 906 3823 angelorum,
932 3749 1024 3822 atque
1074 3745 1172 3805 riores
1189 3744 1316 3817 habero,
1331 3745 1386 3803 sed
1410 3743 1504 3803 etiam
1526 3742 1609 3803 dicto
1628 3742 1802 3818 audientes,
1815 3750 1845 3804 et

258 3844 434 3905 hominum.
1075 3833 1844 3915 imperiosubjeetos,tanquamheroiamulos.Est

296 3935 349 3995 Vl.
371 3935 491 3995 Verum
512 3932 583 4011 plus
609 3928 725 4008 aliquid
753 3928 834 3986 inest
859 3926 893 3985 in
919 3927 1025 4006 capitas
1074 3924 1841 4005 autemiamilias,idestiamulitii,acservitiieaput,

256 4026 420 4101 vocabulo,
441 4041 537 4104 quam
561 4021 729 4099 superioris
753 4019 866 4097 gradus
901 4036 937 4077 ao
963 4017 1025 4078 loci
1074 4018 1305 4098 paterfamilias,
1322 4036 1380 4077 nec
1393 4025 1516 4077 tantum
1529 4015 1671 4095 conjugis
1685 4017 1844 4079 nalibero·

259 4118 460 4197 significatio:
483 4133 585 4194 neque
603 4112 658 4193 qui
672 4128 764 4190 supro
791 4110 867 4170 ulios
885 4115 969 4181 sunt,
988 4127 1024 4170 eo
1074 4128 1161 4170 rum:
1173 4108 1355 4186 dumjuhet,
1369 4110 1445 4169 dum
1456 4109 1545 4187 regit,
1561 4110 1637 4169 dum
1651 4110 1840 4185 moderatur,

258 4211 325 4290 ipso
338 4214 506 4271 conseatur
533 4224 642 4267 eorum
658 4204 773 4282 capita3
800 4202 886 4262 relat
903 4201 1023 4279 Angeli,
1074 4203 1151 4263 dum
1164 4201 1307 4277 consulit,
1324 4200 1401 4261 dum
1413 4202 1574 4262 advietum
1589 4203 1765 4263 necessaria
1776 4220 1842 4281 pro-

258 4300 454 4361 sublimiores
484 4297 555 4356 lioat
580 4292 772 4367 hominihus,
795 4307 903 4351 eorum
925 4290 1026 4369 capita
1074 4300 1171 4361 curat,
1187 4290 1263 4353 dum
1277 4293 1387 4369 erudit,
1404 4293 1480 4353 dum
1494 4292 1633 4352 moribus
1655 4293 1792 4371 illorum,
1811 4300 1843 4353 et

258 4410 324 4453 nou
347 4394 506 4450 vocantur.
531 4387 658 4446 Necesse
670 4388 718 4445 est
740 4381 848 4459 igitur,
864 4387 898 4441 ut
912 4390 1026 4460 praeter
1073 4385 1240 4461 honestati,
1269 4384 1543 4462 commoditatique
1581 4384 1742 4463 prospicit
1770 4384 1841 4458 Quae

258 4483 449 4545 eminentem
479 4479 732 4557 superioremque
746 4474 946 4553 dignitatem,
973 4472 1026 4533 ali·
1075 4476 1194 4551 omnia,
1209 4481 1241 4536 et
1260 4475 1309 4535 his
1326 4475 1425 4536 multo
1444 4474 1545 4554 plura,
1558 4474 1746 4554 potioraque
1758 4475 1841 4538 Chri·

258 4576 333 4657 quid
352 4574 387 4634 in
398 4569 715 4642 inferioresdimanet,
725 4585 760 4627 ac
773 4566 931 4626 derivetur
945 4583 963 4624 a
976 4583 1026 4624 su·
1074 4567 1179 4628 stusin
1188 4566 1324 4645 angelos,
1340 4566 1469 4647 perinde
1478 4573 1515 4627 ut
1525 4565 1560 4625 in
1573 4565 1719 4627 homines
1730 4567 1838 4642 officis,

258 4666 415 4728 blimiori:
433 4661 584 4724 nimirum
602 4660 691 4731 illud,
704 4658 788 4736 quod
804 4663 876 4718 ante
896 4659 1025 4716 demon·
1075 4663 1105 4717 et
1119 4657 1330 4719 emolumenta
1344 4658 1464 4718 dividit.

260 4761 435 4832 stravimus,
464 4761 499 4815 ut
522 4760 551 4815 et
575 4751 728 4829 subjectos
748 4749 817 4823 sibi,
845 4754 877 4808 et
902 4749 960 4808 sub
989 4766 1026 4807 eo
1114 4749 1180 4808 Vll.
1196 4749 1357 4827 Siquidem
1370 4750 1430 4809 hoc
1451 4748 1546 4809 hehet
1565 4749 1723 4828 peculiare
1736 4750 1841 4828 eapitis

260 4850 358 4915 veluti
371 4850 550 4927 corporatos
563 4843 727 4923 gubernet,
753 4860 789 4901 ac
813 4845 919 4916 regat:
944 4845 975 4899 et
993 4838 1027 4898 in
1076 4841 1110 4900 in
1125 4839 1258 4914 Christo,
1273 4837 1521 4915 siveberilitctis,
1535 4839 1629 4901 atita
1642 4840 1756 4917 dicum,
1770 4856 1838 4901 eum

296 5043 317 5083 a
335 5028 434 5083 6111111.
451 5026 526 5079 born.
543 5037 572 5077 11
595 5021 623 5075 in
644 5036 688 5091 ep.
713 5017 755 5074 ad
769 5016 846 5088 Ept.
867 5015 923 5088 Οθχ
944 5016 1029 5077 ἁπλῶς
1077 5034 1132 5069 τινα
1144 5013 1225 5070 ἐπάνω
1239 5009 1302 5069 εἶναι
1316 5013 1360 5068 οὖα
1375 5015 1467 5089 ἔχοντα
1484 5015 1663 5082 ὑπακούοντας,
1682 5016 1839 5087 <litim

260 5111 383 5183 θνιθτιρον
398 5107 521 5175 ἐποίησιν,
542 5106 576 5167 ὣς
591 5104 755 5175 προτιμᾶσθαι
776 5100 868 5164 αὐτῶν,
890 5098 946 5153 olet
967 5097 1029 5152 κατὰ
1079 5098 1201 5170 ρώμενον.
1218 5096 1343 5152 Ἐνταῦθα
1356 5098 1383 5151 δὲ
1396 5097 1444 5170 obp
1456 5099 1543 5160 οθτωι·
1558 5098 1623 5151 ἀλλὰ
1633 5100 1715 5154 πάντα
1729 5098 1837 5160 interim

260 5195 394 5266 σθγαρισιν,
410 5190 467 5244 ἀλλ’
485 5190 519 5251 ὣς
535 5189 630 5242 δούλων
644 5174 817 5256 προκαθῆσθαι.
836 5182 923 5244 natet,
943 5180 1029 5251 φρικτὰ
1077 5181 1126 5234 hab
1145 5182 1202 5242 roba
1215 5181 1293 5243 πόδας
1305 5179 1389 5245 αθτοΰ,
1412 5181 1453 5234 καὶ
1465 5180 1515 5253 obp
1533 5181 1618 5245 ἁπλῶς
1639 5181 1763 5249 baireio,
1777 5181 1837 5234 iiii

262 5278 338 5337 ὄντος
352 5274 384 5328 ab
405 5275 546 5345 πράγματα.
570 5270 698 5340 ἀνθρώπου
722 5267 808 5339 γέγονε
829 5263 905 5331 δοοθιη
927 5265 995 5316 πᾶσα
1013 5261 1028 5328 ἡ
1067 5263 1122 5330 ’τὴν
1136 5261 1242 5334 ἐσχάτην
1257 5262 1390 5334 ὑποταγὴν,
1402 5264 1443 5316 καὶ
1458 5263 1511 5335 μεθ’
1522 5266 1552 5332 ἦν
1567 5261 1691 5337 laipno&
1704 5264 1762 5320 lm,

262 5358 346 5427 ιιτιοτὴ
361 5357 461 5430 δύναμις
474 5353 515 5407 διὰ
528 5353 571 5406 τὸν
585 5350 724 5404 ἐνοικοῦντα
745 5348 798 5402 θεὸν
816 5348 901 5419 λόγον,
918 5345 970 5399 ἔστι
982 5345 1029 5416 γάρ

289 5515 299 5556 1
312 5515 386 5558 natta
400 5520 477 5561 ιιιιιι.
489 5508 523 5553 ts.
533 5508 609 5553 -Ah
622 5508 670 5552 Pet.
684 5517 719 5556 m,
731 5503 766 5548 ab
778 5523 806 5535 -
815 5502 891 5556 arpo.
905 5511 922 5549 ι,
933 5498 968 5543 tt),
982 5520 1010 5531 -
1023 5496 1126 5541 trum.
1138 5504 1172 5537 οιν
1185 5501 1230 5541 ets·
1243 5504 1288 5539 cor.
1298 5505 1333 5537 ιν.
1344 5515 1372 5527 -
1383 5496 1397 5541 a
1408 5495 1463 5549 sps,
1474 5506 1491 5550 ι,
1504 5495 1540 5540 as
1555 5497 1602 5541 -a
1613 5497 1703 5543 mm
1715 5505 1763 5545 m,
1773 5497 1810 5543 ιιι,
