3956 6158
316 286 375 350 tm
830 283 1155 352 THEOLOGICORUM
1175 284 1391 350 nostrarum

315 448 432 510 mentio
441 450 616 529 perveniret
632 469 639 511 :
660 469 717 512 nec
731 455 824 531 typus
837 452 903 530 ejus
917 453 1081 512 coustitue-
1131 450 1252 531 critiqui
1266 451 1425 531 scriptoris
1438 455 1494 525 est,
1508 455 1539 510 ct
1552 448 1656 525 digna,
1667 447 1718 507 cul
1728 446 1880 525 plurimum

313 547 400 600 retur
421 543 455 602 in
473 542 640 603 Abrahami
665 544 825 605 sacrificio.
851 545 1025 618 Quinetiam
1047 544 1082 603 in
1130 543 1322 605 auctoritatis
1336 543 1501 604 deferatur.
1514 541 1723 621 Cyrilliporro
1738 556 1880 615 germana,

313 631 441 694 homilia
467 640 574 695 contra
600 636 768 696 uonrurllcs
801 636 902 716 prima
937 637 1082 697 Paschata
1130 653 1187 695 uec
1214 636 1248 695 iu
1274 635 1406 695 dubium
1434 633 1572 695 rorando
1605 630 1784 692 testimonia
1815 629 1883 690 haud

308 722 484 802 jejunantes
497 726 732 806 Chrysostomus
756 728 896 788 sacrificii
916 727 1081 789 Christiani
1130 746 1227 808 paura
1239 733 1408 808 suppetunt
1421 749 1427 787 ι
1440 746 1478 787 cx
1500 725 1614 806 quibus
1636 724 1743 802 aliqua
1763 739 1882 783 ramme·

314 817 456 877 meminit
468 837 474 876 :
487 817 576 896 cujus
588 818 814 880 institutionem
826 820 920 881 refert
927 820 967 881 ad
976 825 1082 879 aucto·
1131 821 1281 881 morauda
1296 825 1379 880 sum.
1401 820 1439 878 Iu
1456 818 1585 899 epistola
1605 816 1646 877 ad
1660 814 1830 876 Nestorium
1842 832 1883 893 pu-

312 907 435 969 ritatem
449 908 598 988 Apostoli,
614 912 670 989 quii
685 912 723 972 ad
744 912 919 972 Corinthios
933 911 1080 986 scribens,
1131 920 1257 989 suamc,
1270 914 1320 973 cui
1346 911 1596 973 anathematismi
1611 909 1742 987 subjecti
1757 913 1843 981 suut,
1855 906 1883 966 de

312 999 467 1060 Christum
480 1002 525 1061 ait
538 1003 723 1063 sacrificium
737 1004 815 1064 illud
829 1004 932 1065 offerri
943 1003 1079 1082 jussisse.
1130 1004 1295 1065 incruento
1309 1004 1456 1065 sacrificio
1470 1002 1599 1081 insignis
1613 1007 1660 1063 cst
1672 1001 1760 1061 locus
1770 1019 1779 1075 3
1789 1000 1821 1060 ia
1837 1017 1883 1077 quo

317 1112 332 1148 a
360 1093 486 1165 Pascha,
515 1093 627 1173 inquit,
654 1113 719 1154 uon
747 1102 794 1156 cst
814 1096 971 1175 jejunium
998 1114 1005 1156 ε
1029 1094 1082 1156 sed
1131 1096 1268 1157 haeretici
1291 1096 1374 1156 illius
1402 1094 1555 1156 convincit
1582 1111 1741 1165 errorem,
1775 1108 1883 1151 caruem

312 1183 437 1255 oblatio,
456 1189 486 1245 et
499 1186 697 1263 sacrificium,
716 1189 1081 1269 qarodperuuamquam·
1132 1188 1245 1248 Christi
1269 1205 1477 1262 communem,
1503 1193 1534 1247 et
1557 1193 1742 1247 ceterorum
1769 1183 1883 1243 similem

314 1294 375 1354 que
389 1277 532 1355 synaxim
544 1279 738 1357 peragiturt.
755 1306 768 1333 ν
796 1281 884 1353 Quod
899 1280 1083 1340 sacrificium
1131 1297 1169 1340 eo
1183 1280 1250 1359 ipso
1274 1280 1523 1359 ducentis,q1md
1546 1280 1627 1340 hauc
1641 1295 1742 1339 riuum
1766 1275 1882 1356 proprie,

313 1386 351 1429 ex
360 1368 421 1429 illis
432 1370 569 1449 Apostoli
582 1372 686 1432 verbis
701 1372 832 1451 colligit3
846 1373 1084 1452 Quotiescumque
1132 1380 1164 1431 ct
1190 1372 1338 1448 uatrnali,
1361 1373 1390 1432 id
1418 1379 1463 1432 cst
1486 1372 1676 1432 substantiva
1698 1369 1818 1429 unitate
1835 1385 1883 1428 esse

314 1459 527 1522 errandurabitis
543 1481 647 1544 panem
667 1463 755 1535 hunc,
778 1473 804 1525 et
825 1464 942 1525 euticem
965 1464 1080 1537 bibetis,
1132 1482 1204 1525 cum
1217 1465 1320 1525 Verbo
1334 1465 1467 1540 necarit.
1485 1462 1686 1526 «Necessario
1702 1460 1883 1540 igiturcthor

316 1561 435 1614 mortem
445 1552 570 1616 Domini
578 1556 796 1617 annuntiabitis
809 1556 830 1617 ¹.
844 1557 946 1636 Pergit
959 1557 1081 1618 deinde.
1132 1556 1296 1634 adjicimus
1313 1556 1423 1637 (inquit
1436 1574 1474 1616 ex
1496 1557 1606 1617 Latius
1630 1552 1775 1632 Dionysii
1795 1549 1883 1629 Exigui

318 1646 566 1722 «Quamobrem,
586 1649 705 1727 inquit,
729 1649 851 1727 quoties
869 1649 986 1710 accedis
1010 1666 1084 1710 cam
1132 1645 1282 1727 versione)
1307 1648 1529 1710 annuntiantes
1547 1648 1631 1708 enim
1647 1644 1821 1706 secuudum
1834 1661 1884 1703 aar·

314 1756 394 1817 pura
411 1739 609 1815 conscientia,
633 1741 746 1800 Pascha
761 1741 915 1815 r-clebras3
935 1758 1084 1801 naucum
1133 1759 1206 1801 nem
1228 1746 1363 1802 mortem
1387 1740 1542 1819 unigeniti
1565 1738 1702 1813 tiliiDei,
1719 1738 1751 1797 id
1773 1736 1883 1797 estlesu

285 1865 287 1868 -
311 1828 518 1908 jejunaverim
535 1831 587 1892 sed
600 1850 672 1892 cum
688 1832 829 1894 sacrificii
838 1833 921 1893 illius
931 1833 1083 1912 particeps
1133 1832 1257 1908 Christi,
1277 1840 1309 1893 ct
1333 1833 1590 1895 resurrectionem
1610 1830 1689 1910 ejus,
1714 1837 1747 1890 et
1766 1828 1800 1889 in
1819 1827 1884 1891 celis

314 1922 439 1986 iuerisl.
456 1950 470 1977 ν
1131 1925 1343 1986 ascensionem
1358 1925 1472 2004 pariter
1494 1924 1690 1997 coufitentes,
1705 1922 1884 1982 incruentam

355 2016 405 2077 Sic
432 2022 539 2078 auctor
564 2015 768 2098 Exposita'om's
782 2016 900 2078 Psalmi
923 2034 998 2094 xcv,
1013 2035 1083 2097 quea
1132 2016 1322 2077 celebramus
1335 2018 1369 2077 iu
1381 2016 1521 2078 Ecclesiis
1542 2015 1682 2077 sacrificii
1702 2014 1883 2083 servitutem

315 2125 386 2170 cum
401 2111 556 2187 germanis
578 2110 788 2189 chrysostomi
805 2118 851 2171 est
872 2111 970 2183 edita;
989 2131 1004 2167 a
1018 2112 1080 2187 Est,
1132 2108 1174 2169 sic
1187 2109 1280 2169 etiam
1300 2110 1340 2169 ad
1360 2109 1506 2189 mysticas
1529 2107 1764 2169 benedictiones
1786 2103 1883 2167 arrad·

315 2200 427 2280 inquit,
452 2220 567 2281 purum
590 2201 777 2262 sacrificium
800 2202 936 2281 primum
957 2203 1083 2281 quidem
1132 2218 1212 2273 mus,
1229 2208 1259 2262 et
1278 2201 1515 2268 sanctificamur,
1531 2199 1696 2279 participes
1717 2198 1815 2259 sancti
1831 2214 1884 2258 cor·

316 2295 443 2372 mystica
462 2311 582 2365 mensa,
596 2294 736 2369 coelestis,
753 2299 784 2355 et
801 2296 919 2356 mundo
938 2301 1083 2374 praestan·
1131 2294 1226 2371 poris,
1242 2299 1273 2354 et
1294 2293 1419 2374 pretiosi
1443 2292 1601 2371 sairguinis
1622 2291 1735 2353 Christi
1762 2291 1885 2352 omnium

315 2384 534 2458 tiorvictimapi
543 2387 626 2464 quod
634 2385 759 2465 quidem
767 2386 1083 2447 uuicumsacrificium
1132 2392 1274 2447 nostrum
1284 2385 1489 2466 redemptoris
1505 2384 1606 2446 effecti
1621 2404 1628 2444 :
1642 2401 1707 2445 non
1722 2384 1804 2445 sicut
1815 2399 1883 2443 com

315 2477 409 2537 variis
423 2496 492 2557 quae
506 2478 539 2538 iu
553 2480 632 2557 Lege
656 2479 945 2558 praescribebantur,
965 2496 1083 2540 succes
1132 2495 1261 2539 munem
1274 2496 1398 2539 carnem
1411 2477 1627 2558 percipientes,
1637 2477 1722 2556 quod
1737 2476 1884 2536 absittuer-

316 2569 391 2630 sisse
404 2571 472 2630 uult
485 2579 507 2630 ί.
1132 2576 1168 2629 ut
1180 2570 1237 2630 viri
1252 2570 1442 2643 sanctificati,
1458 2575 1490 2630 et
1508 2569 1609 2630 Verbo
1621 2568 1780 2647 conjuncti
1792 2585 1884 2629 secuu-

183 2670 267 2736 οςιίιιο
359 2661 440 2723 Vlll.
464 2662 596 2742 Cyrillus
621 2662 847 2725 Alexandrinus
882 2664 982 2725 eidem
1011 2663 1083 2725 fidei
1133 2662 1208 2723 dum
1224 2662 1382 2743 dignitatis
1404 2662 1567 2729 unitatem,
1588 2668 1644 2722 aut
1663 2662 1743 2722 sicut
1761 2661 1883 2722 divinam

148 2727 285 2824 stupppn-
318 2755 456 2834 dogmati
468 2754 646 2830 subscribit3
664 2774 702 2816 ex
717 2775 780 2835 quo
790 2756 942 2817 nonnulla
952 2756 1084 2835 profere-
1132 2756 1314 2833 possidentis
1335 2755 1573 2829 habitationem
1589 2754 1643 2815 sed
1657 2760 1693 2814 ut
1709 2771 1781 2815 rere
1803 2752 1885 2813 uirili·

318 2866 398 2910 mus.
412 2848 446 2907 ln
460 2847 587 2908 homilia
601 2848 737 2926 quadam
747 2848 782 2909 dc
801 2848 925 2929 mystica
943 2867 1032 2924 roeua,
1050 2847 1084 2908 iu
1133 2847 1287 2923 ratricem,
1299 2852 1335 2907 ut
1348 2855 1379 2907 ct
1389 2847 1483 2907 Verbi
1493 2846 1650 2926 propriam
1665 2846 1825 2907 hetam&-
1838 2844 1884 2904 llic

318 2938 1081 3019 quaChristussacrificiumsulcorporisiustituit:
1134 2945 1282 3019 ἀναίμακτον
1311 2948 1394 3001 tuctur
1431 2939 1495 2999 sire
1522 2942 1637 3019 λατρείαν
1665 2939 1799 3018 appellat
1823 2934 1884 2998 nori

322 3053 338 3089 a
352 3032 530 3100 Videamus
542 3031 650 3110 iuquit,
664 3034 819 3110 quomodo
833 3033 869 3103 is,
882 3033 971 3110 cujus
985 3033 1018 3092 in
1032 3051 1086 3111 po·
1134 3032 1323 3094 Testamenti
1335 3031 1531 3102 sacrificium,
1540 3031 1573 3091 in
1585 3049 1648 3110 quo
1663 3031 1777 3091 Christi
1789 3046 1885 3109 corpus
1938 3065 1941 3080 ν
1957 3022 1958 3037 ³

318 3130 426 3186 testate
460 3130 533 3185 sunt
564 3129 701 3185 extrema
725 3130 826 3198 terrie,
857 3123 894 3184 ad
921 3123 1084 3203 mysticam
1133 3128 1164 3182 ei
1177 3123 1302 3202 sanguis
1317 3122 1552 3197 oll'ertrrr.Quod
1570 3126 1634 3183 tam
1648 3121 1884 3203 pcuitusperilla

320 3236 439 3279 emnam
453 3217 729 3295 sesecornparabat
745 3237 752 3275 ε
770 3216 926 3295 quomodo
950 3216 1013 3290 ille,
1029 3216 1084 3296 qui
1133 3221 1273 3295 tempora
1307 3232 1488 3296 persuasum
1518 3220 1584 3275 erat
1614 3216 1760 3275 omnihus
1786 3213 1885 3276 Christi

319 3310 403 3370 sedet
415 3327 508 3387 super
523 3307 690 3369 Cherubim
709 3308 742 3368 in
757 3327 844 3368 crana
859 3307 1058 3369 recumbebat
1074 3328 1081 3368 :
1133 3325 1248 3368 nomeu
1259 3312 1426 3387 utcumque
1442 3306 1667 3388 profitentibus,
1683 3314 1717 3368 ut
1734 3308 1794 3368 hoc
1805 3324 1883 3385 ergu-

318 3401 472 3482 quomodo
486 3401 540 3480 qui
560 3418 615 3479 per
628 3401 762 3478 figuram
776 3400 979 3462 manducatus
993 3400 1083 3461 estin
1133 3405 1250 3475 mcuto,
1266 3400 1311 3460 rei
1339 3400 1445 3480 utique
1465 3399 1634 3480 perspicuas
1657 3400 1757 3479 magis
1776 3407 1808 3461 et
1827 3417 1886 3459 con

317 3495 465 3573 AEgypto,
488 3493 550 3553 illic
574 3499 680 3571 sponte
704 3492 839 3571 seipsam
862 3492 1009 3553 sacrificat
1025 3512 1032 3552 :
1048 3510 1084 3555 ac
1130 3490 1229 3568 fasse,
1246 3510 1340 3570 qnam
1354 3491 1395 3560 id,
1412 3492 1451 3552 ad
1465 3491 1884 3571 quodprobaudumaaeume·

316 3592 481 3665 postquam
504 3592 616 3665 typum
640 3585 783 3657 comedit,
801 3582 887 3645 velut
908 3585 1084 3663 typicorum
1135 3583 1237 3659 batur,
1250 3601 1324 3644 ruris
1349 3583 1441 3644 fuerit
1467 3583 1602 3663 Cyrillus
1628 3584 1669 3645 cd
1693 3603 1799 3646 umam
1824 3599 1884 3645 cum

316 3683 557 3752 consummator,
572 3677 731 3737 vamtatem
750 3676 892 3756 patefecit
903 3695 909 3735 :
922 3676 1084 3755 semetipse
1134 3675 1291 3737 divinitate
1299 3676 1549 3754 conjunctionem
1558 3676 1659 3737 caruis
1668 3677 1884 3740 adstruendam.

317 3769 424 3830 cibum
436 3769 507 3829 vitre
520 3767 623 3828 statim
633 3786 791 3847 apponens
799 3766 823 3828 ί.
837 3789 852 3825 ν
1134 3768 1206 3828 Erat
1220 3786 1293 3847 ergo
1303 3774 1391 3842 tunc,
1407 3769 1491 3847 quod
1504 3769 1658 3847 hodieque
1672 3769 1885 3849 perseveratio

356 3862 430 3922 Haec
447 3860 575 3921 homilia
592 3867 627 3920 ut
652 3860 778 3921 alterius
794 3860 845 3934 sit,
861 3879 955 3939 quam
975 3860 1083 3939 Cyrilli
1134 3860 1267 3921 Ecclesia
1279 3860 1696 3940 rerum,etpr0priedictum
1707 3861 1884 3929 suentisium

318 3954 387 4036 (hoc
401 3952 485 4014 euim
504 3955 601 4033 stylus
623 3953 687 4032 ipsc
702 3953 831 4014 suadere
852 3953 985 4032 ridetur)
1001 3959 1082 4015 «certe
1133 3952 1166 4012 iu
1180 3970 1242 4032 quo
1256 3970 1329 4013 vera
1343 3952 1395 4014 illa
1407 3971 1479 4013 caro
1494 3953 1713 4033 Redemptoris
1724 3954 1887 4025 olfactuum

352 4146 373 4187 n
391 4132 539 4188 Cunrsosr.
555 4128 630 4185 hom.
644 4145 740 4187 πνινιιι.
760 4130 851 4203 Πάσχα
864 4131 911 4203 γὰρ
931 4129 959 4184 οὗ
983 4130 1083 4199 νηστεία
1168 4145 1183 4187 e
1201 4132 1311 4187 Ciuica.
1328 4131 1357 4187 in
1367 4131 1449 4203 epist.
1462 4130 1504 4187 ad
1513 4136 1591 4188 Nest.
1611 4130 1761 4205 Ἀναγνιοίως
1772 4132 1887 4187 nabitu

316 4211 393 4282 ἐστὶν,
409 4213 466 4267 άλλ’
479 4213 496 4281 ip
509 4214 646 4286 προσφορά,
661 4215 701 4266 καί
717 4214 787 4267 θυσία
803 4213 883 4281 ἧναθ
903 4213 1004 4282 ἑκάστην
1018 4233 1085 4286 γινο-
1132 4215 1311 4287 προσθήσομεν.
1326 4216 1535 4287 καταγγέλλοντες
1548 4215 1596 4290 γάρ
1610 4216 1652 4270 rbi
1666 4216 1814 4289 αατίιοάραο
1825 4216 1887 4269 θάνοιι

316 4301 376 4371 μάνη
390 4296 497 4359 πίναξιν.
1133 4316 1175 4351 τον
1189 4303 1232 4351 τοῦ
1257 4292 1402 4370 μονογενοῦς
1422 4297 1476 4351 υἱοῦ
1502 4304 1544 4353 τοῦ
1564 4305 1630 4363 θεοῦ,
1649 4300 1718 4354 τοῦτ’
1732 4300 1793 4355 ἔστιν
1812 4299 1888 4366 ’lueri

353 4382 370 4439 θ
388 4381 457 4438 ibid.
477 4379 554 4435 Ὥστε
568 4381 651 4443 ὁσάκις
662 4382 691 4434 ἄν
700 4379 804 4453 προσίῃς
820 4379 882 4452 μετά
895 4379 999 4453 καθαροῦ
1006 4399 1084 4435 συνει-
1133 4382 1250 4453 Χριστοῦ,
1265 4383 1309 4449 τήν
1325 4400 1352 4434 τε
1370 4378 1396 4434 ἐκ
1411 4387 1502 4454 νεαρῶν
1521 4381 1661 4447 ianitorum,
1676 4384 1717 4437 καί
1731 4384 1773 4453 τὴν
1783 4382 1814 4445 τίς
1825 4380 1888 4452 alm

316 4467 398 4532 θότος,
413 4466 499 4538 πάσχοι
514 4463 642 4530 ἐπιτελεῖς,
663 4464 710 4537 οὔχ
726 4466 785 4517 ὅταν
799 4465 938 4537 succedam·
956 4463 1013 4518 ἀλλ’
1025 4466 1084 4518 ὅταν
1132 4468 1189 4529 robe
1217 4465 1335 4537 ἀνάληψιν
1361 4465 1551 4537 ὁμολογοῦντες,
1571 4465 1615 4534 τὴν
1641 4466 1787 4538 ἀναίμακτον
1805 4465 1888 4524 ἐντοῖς

316 4553 358 4616 τῆς
369 4549 452 4611 θυσίας
463 4546 553 4615 ἐκείνης
568 4547 682 4621 μετάγῃς.
1133 4547 1270 4618 ἔναληοίαις
1283 4549 1401 4621 τελοῦμεν
1415 4548 1498 4603 θυσίαν
1516 4550 1682 4620 (Dionysius
1695 4550 1804 4622 λατρείαν
1814 4547 1887 4615 legit)

353 4647 368 4687 a
388 4630 458 4686 lbid.
484 4627 520 4682 ‘fl
534 4630 578 4683 νέα
599 4631 670 4703 χάρις
684 4622 788 4683 ἑλθοῧσα
810 4630 850 4683 διά
872 4633 928 4701 μιᾶς
944 4629 1085 4702 περιγράφει
1134 4634 1252 4705 πράοιμέν
1262 4651 1288 4685 τε
1299 4632 1363 4687 otta
1379 4634 1434 4694 ταῖς
1447 4636 1574 4704 μυατιααῖς
1597 4629 1729 4705 εὖλογίαις,
1741 4634 1778 4686 ταί
1797 4631 1887 4703 ipsit·

314 4715 404 4779 πάσας,
418 4714 459 4767 καὶ
474 4714 531 4786 μίαν
547 4711 662 4781 άληθινὴν
673 4711 760 4781 ἔστησε
769 4713 863 4767 θυσίαν.
1135 4714 1196 4786 pedu
1211 4715 1314 4787 μέτοχοι
1328 4715 1453 4786 γενόμενοι
1476 4719 1520 4783 τῆς
1538 4734 1564 4768 τε
1592 4715 1662 4788 άγίας
1676 4716 1770 4789 σαρκὸς,
1789 4716 1828 4767 καί
1850 4704 1888 4766 του

350 4796 371 4853 d
390 4799 497 4853 Cauris.
522 4795 629 4868 ’ίδιίνμεν
637 4801 668 4869 τῇ
678 4798 772 4868 διανοίᾳ
780 4803 833 4858 πῶς
846 4797 860 4850 ά
872 4803 969 4868 κρατῶν
979 4794 1010 4850 τὰ
1022 4795 1085 4868 άκρα
1134 4797 1215 4869 τιμίου
1230 4798 1336 4869 αἵματος
1346 4792 1391 4851 τοῖν
1404 4798 1504 4851 πάντων
1517 4797 1588 4870 ἡμῶν
1602 4804 1713 4871 σωτῆρος
1726 4800 1838 4870 Χριστοῦ,
1852 4795 1887 4848 ni

316 4885 359 4948 τῆς
373 4883 417 4953 γῆς
439 4877 478 4933 tut
503 4879 532 4934 'rb
555 4879 670 4953 μυστικὸν
693 4880 789 4933 δεῖπνον
814 4878 972 4950 ἡτοιμάζετο·
996 4884 1048 4940 πῶς
1069 4877 1084 4930 ὁ
1134 4879 1183 4953 οὐχ
1192 4881 1225 4944 ὡς
1234 4881 1313 4952 σάρκα
1326 4879 1408 4948 κοινὴν
1420 4881 1561 4954 δεχόμενοι,
1578 4882 1611 4954 pt,
1625 4879 1792 4947 γίνοιτοοίίτι
1806 4879 1888 4952 pir&

314 4963 448 5034 καθήμενος
462 4959 501 5015 tut
514 4968 564 5016 τῶν
579 4961 701 5036 χερουὸίμ
724 4958 747 5014 ἓν
773 4965 810 5033 τῷ
829 4960 921 5033 δείπνῳ
934 4960 1082 5015 ἀνεκλίνετο·
1134 4962 1389 5036 άνδρθςὴγιαομάνου,
1410 4963 1621 5035 ααίουναρθίντος
1643 4966 1756 5038 τῷλόγῳ
1775 4958 1886 5026 uritis

314 5050 367 5108 πῶς
376 5044 391 5098 6
400 5049 505 5106 τυπικῶς
519 5043 618 5117 pactu<
632 5040 657 5098 θν
677 5040 793 5116 clytum
808 5040 884 5097 ἐνεῖσα
897 5042 1012 5105 ἑκουσίως
1033 5042 1085 5096 ἐαυ-
1134 5045 1238 5115 trorum
1251 5049 1295 5113 τῆς
1311 5044 1389 5111 άξίας,
1403 5046 1479 5118 ἤγουν
1494 5045 1528 5108 ὡς
1540 5046 1607 5101 θείαν
1624 5045 1741 5117 ivelinus
1754 5045 1885 5119 ίνχνρνθαυτ

315 5126 358 5181 tiu
371 5127 486 5192 θυοιάζει,
505 5125 544 5179 καί
559 5125 643 5198 φαγὼν
667 5126 711 5180 τθν
732 5124 807 5181 riuos
833 5126 867 5187 ὡς
890 5122 1020 5198 πληρωτὴς
1033 5130 1084 5180 τῶν
1135 5126 1235 5192 άλλίἲνς
1248 5128 1369 5191 ζωοποιθν
1380 5127 1486 5199 άληθῶς,
1497 5130 1538 5183 καί
1553 5127 1615 5183 Cina
1626 5129 1841 5199 αιίτοῦτοΰλάγον.

315 5215 422 5264 τυπικῶν
440 5208 536 5282 ἐξέφηνε
559 5207 603 5275 τὴν
618 5207 742 5277 άλήθτιαν,
759 5210 847 5281 βρῶμα
860 5210 925 5275 ζωῆς
948 5207 1021 5271 etsta
1038 5226 1086 5262 τα·

315 5292 416 5366 partlm
428 5292 512 5347 ἑαυτὸν
525 5290 698 5364 παραθέμενος.
1037 5285 1038 5289 ’

342 5457 375 5501 11
390 5457 438 5502 Cor.
451 5466 480 5500 n.
