3990 6130
524 305 575 365 DE
593 302 892 380 mahumetana,
915 303 987 364 ΗΒ.
1011 303 1079 381 VII,
1101 303 1185 366 CAP.
1205 305 1292 366 VIII.
1644 306 1700 365 lh’l

132 467 185 527 dita
206 468 250 527 est
275 467 404 529 nomtne
428 469 528 542 δοῦλος,
557 468 589 531 id
617 472 885 533 estsercus.1deo
932 468 1147 531 testimonium
1174 488 1213 531 ex
1246 468 1375 550 epistola
1407 468 1447 531 od
1479 468 1700 552 Philippenses.
1726 476 1876 577 ,ggfitsstg

132 559 213 621 Greci
228 577 354 639 quoque
368 560 526 623 Christum
549 581 610 641 qua
630 574 677 625 est
695 563 802 641 homo,
820 582 885 626 ser·
937 562 995 636 Qus
1010 580 1075 623 eum
1094 562 1238 642 informo
1258 560 1407 635 Delasset,
1424 561 1558 641 inquit¹,
1577 582 1634 624 oon
1648 584 1702 625 ro·
1754 585 1849 638 {amam

132 669 195 712 sum
218 652 367 732 appellari
393 653 580 716 luculentius
604 660 766 718 testantur.
797 658 886 718 Certe
931 654 1038 735 pinum
1053 654 1274 716 arbitraturesl
1288 672 1344 715 esse
1360 674 1390 715 se
1408 655 1552 736 aequalem
1567 655 1638 730 Deo,
1654 654 1706 717 sed
1727 638 1863 746 'w'

133 742 248 823 cyrillus
261 744 301 804 ad
315 745 376 806 hoc
389 752 490 826 eaput,
506 747 667 809 manifeste
682 767 807 810 servum
821 767 887 810 esse
934 746 1121 825 semetipsum
1131 746 1313 821 ecioaoicit,
1321 745 1450 824 sormam
1459 752 1537 808 servi
1546 752 1701 828 occipiens.

133 835 239 897 htetur.
256 836 351 916 Cuius
365 838 523 901 verhahic
535 839 735 902 adscribenda
749 848 833 916 sunt,
851 849 888 904 ut
936 840 1034 911 Quem
1052 840 1157 900 locum
1178 838 1305 918 pulchre
1329 838 1509 900 Ambrosius
1529 846 1654 902 enarrat
1670 841 1705 902 in

133 928 165 989 ad
182 927 345 1008 superioris
368 931 542 992 testimonia
565 932 671 1012 eapitis
697 932 791 995 etiam
810 934 888 996 illud
936 930 1067 1009 epistola
1086 939 1204 992 octava.
1224 953 1239 989 κ
1259 931 1341 998 Quid
1369 938 1425 1009 est,
1452 932 1564 1011 inquit,
1590 933 1625 993 in
1650 932 1705 994 Dei

133 1021 317 1100 adjungam,
337 1043 349 1079 ι
371 1022 437 1097 uhi,
460 1023 572 1103 inquit,
593 1043 659 1085 non
678 1026 784 1087 minus
803 1026 887 1087 affir·
936 1021 1047 1098 forma,
1062 1022 1123 1084 nisi
1142 1024 1176 1084 in
1194 1023 1386 1103 plenitudine
1405 1023 1588 1098 divinitatis3
1601 1024 1635 1085 in
1652 1024 1707 1085 illa

133 1130 240 1174 mamus
249 1131 316 1176 esse
324 1115 428 1195 Ipsum
438 1116 723 1179 Dominumlesum
732 1118 889 1180 Christum
937 1113 1134 1194 perfectionis
1152 1114 1266 1177 divinae
1285 1115 1506 1195 expressione?
1529 1118 1610 1195 Ergo
1634 1133 1707 1177 cum

133 1205 263 1266 humanis
282 1207 322 1268 ud
336 1207 427 1268 illum
440 1207 569 1269 modum
582 1209 709 1270 vocibus
726 1214 888 1285 utentem
938 1213 1018 1268 esset
1031 1208 1063 1267 in
1077 1206 1268 1286 plenitudine
1281 1207 1462 1282 divinitatis,
1477 1208 1648 1270 exinanivit
1661 1227 1704 1278 se,

133 1297 238 1358 etiamsi
257 1299 453 1378 potissImum
473 1317 623 1380 magnum
637 1301 758 1380 pietatis
772 1308 889 1382 myste-
938 1304 971 1359 et
992 1301 1108 1379 accepit
1136 1299 1362 1379 plenitudinem
1388 1306 1521 1377 naturae,
1541 1309 1572 1362 et
1587 1301 1706 1381 perfee-

133 1390 213 1463 ιίοοι,
228 1395 261 1450 et
280 1391 411 1452 modum
431 1391 650 1454 exinanitionis
669 1394 797 1474 aperiat.
813 1394 890 1455 Vide
939 1390 1034 1451 tionis
1056 1390 1216 1465 humanas,
1243 1392 1324 1452 siodt
1345 1394 1408 1454 Deo
1423 1393 1501 1454 nihil
1521 1394 1636 1466 deerat,
1666 1394 1709 1452 ila

133 1481 205 1541 enim
224 1481 491 1561 quemadmodum
515 1483 615 1561 illum,
638 1484 693 1564 qui
715 1491 838 1561 natura,
860 1490 891 1547 et
940 1500 997 1542 nec
1021 1482 1159 1543 hominis
1182 1485 1452 1557 consummationi,
1484 1490 1518 1545 ut
1544 1490 1623 1547 esset
1641 1503 1710 1565 per-

133 1590 228 1634 rerera
248 1574 396 1654 suiipsius
424 1581 500 1652 erat,
525 1574 672 1638 formasse
697 1595 729 1637 se
754 1578 836 1638 dieat
858 1580 892 1639 in
940 1573 1083 1635 lectusin
1099 1588 1231 1655 unaque
1247 1576 1389 1637 torma.»
1409 1579 1455 1638 Ex
1472 1595 1534 1657 quo
1549 1577 1707 1657 Apollina-

133 1682 246 1726 sersum
272 1664 354 1741 sihi3
382 1685 493 1729 verum
519 1686 557 1729 ex
583 1674 684 1730 utero,
714 1669 784 1730 Non
807 1670 892 1731 enim
941 1666 1030 1727 ristas
1044 1668 1221 1745 convincit;
1251 1670 1305 1748 qui
1323 1687 1449 1732 *verum
1475 1670 1709 1750 perlectumque

134 1759 254 1835 nudum,
281 1765 312 1819 et
332 1760 432 1820 carnis
449 1760 548 1821 adhuc
571 1780 681 1841 expers
700 1761 840 1823 Verbum
857 1762 893 1823 in
943 1760 1041 1821 Deum
1058 1760 1188 1822 fatentes
1211 1779 1275 1823 esse
1298 1762 1464 1835 Christum,
1486 1762 1642 1842 negabant
1656 1782 1709 1824 ve·

134 1851 278 1912 animm
287 1849 502 1914 formationem
515 1853 716 1915 redactumse
727 1871 792 1915 esse
806 1854 890 1929 dicit,
942 1870 1015 1914 rum
1028 1870 1094 1914 esse
1109 1853 1281 1925 hominem,
1300 1855 1355 1916 sed
1373 1854 1608 1916 similitudinem
1626 1856 1710 1917 dun-

135 1960 168 2003 ex
183 1942 373 2024 beneplacito
392 1945 458 2018 Dei,
481 1950 511 2006 et
529 1946 648 2006 Patris:
669 1946 723 2006 sed
746 1964 785 2007 ex
805 1951 892 2007 utero
944 1950 1029 2006 taxat
1045 1944 1182 2006 hominis
1199 1946 1245 2006 illi
1268 1946 1455 2008 tribuebant.
1472 1948 1560 2021 Quod
1581 1947 1711 2009 minime

134 2036 243 2115 magis3
263 2036 323 2099 hoc
343 2042 400 2113 est,
424 2039 549 2116 quando
569 2038 741 2100 secundum
766 2055 893 2100 earnem
943 2030 1109 2097 convenir‘e
1138 2036 1251 2098 docet:
1280 2039 1400 2119 Qqupe
1426 2056 1499 2099 cum
1527 2039 1628 2100 forma
1656 2039 1712 2101 Dei

134 2127 249 2205 genitus
262 2133 308 2190 est
326 2146 366 2190 ex
383 2129 524 2190 muliere.
541 2131 628 2190 Tunc
642 2130 727 2192 enim
741 2132 823 2191 Deus
836 2149 893 2191 na·
944 2134 1088 2189 naturam
1098 2129 1155 2190 Dei
1168 2130 1319 2208 significet
1328 2130 1507 2211 perlectam,
1523 2136 1554 2192 et
1563 2131 1709 2192 solidam:

134 2221 335 2297 tura‚etliher
344 2227 495 2301 tanquam
507 2239 545 2282 ex
553 2224 629 2297 Deo,
640 2227 671 2283 et
679 2222 778 2284 libero
789 2224 891 2299 Patre,
944 2238 1069 2282 necesse
1092 2226 1148 2299 est,
1177 2227 1213 2281 ut
1239 2223 1340 2283 forma
1361 2223 1442 2284 servi
1460 2244 1475 2281 ιι
1493 2223 1713 2304 perfectionem

135 2313 204 2373 servi
216 2312 437 2390 formam,sise
449 2313 635 2376 effictionem
646 2313 780 2394 recipis.
793 2336 809 2373 ο
823 2316 893 2376 Non
945 2320 1075 2389 natura,
1098 2320 1130 2374 et
1146 2315 1331 2375 conditionis
1351 2315 1499 2376 humanas
1512 2315 1662 2395 designet,
1677 2320 1714 2376 ut

133 2404 208 2467 enirn
231 2407 389 2487 quispiam
415 2406 528 2468 mentis
554 2424 679 2486 compos
699 2407 822 2480 dixerit,
847 2407 890 2473 id.
945 2413 1023 2469 esset
1031 2408 1065 2468 in
1076 2407 1241 2469 homInum
1250 2406 1463 2468 similitudine.
1479 2407 1596 2468 »Unde
1609 2406 1714 2484 colligi

135 2500 207 2576 quod
219 2506 334 2560 natura
346 2516 471 2561 servum
486 2499 587 2575 estin
602 2499 781 2560 servitutem
792 2500 896 2578 potius
944 2505 1056 2580 potest,
1071 2507 1106 2561 ut
1127 2507 1248 2561 naturae
1271 2499 1427 2572 humanos,
1449 2498 1492 2560 sic
1516 2500 1610 2561 etiam
1633 2498 1713 2560 servi

134 2591 264 2652 formari.
280 2593 346 2653 lmo
364 2609 439 2652 vero
460 2588 514 2670 qui
535 2596 621 2650 extra
636 2591 816 2652 servitutem
837 2596 893 2665 est,
945 2592 1112 2672 perlectam
1123 2592 1334 2654 conditionem
1349 2591 1383 2651 in
1392 2591 1513 2652 Christo
1523 2590 1643 2653 duabus
1654 2590 1715 2650 illis

135 2689 162 2743 et
176 2684 311 2762 jugum3
331 2684 447 2763 qquue
470 2682 620 2744 naturalis
643 2682 794 2743 libertatis
817 2681 896 2743 insi·
946 2683 1077 2764 exprimi
1088 2684 1215 2746 vocibus
1228 2683 1326 2763 sorau
1341 2692 1426 2744 seret
1442 2683 1511 2743 Non
1525 2684 1613 2744 aliter
1625 2682 1715 2742 illum

134 2776 236 2855 gnihus
243 2776 408 2838 decoratus
417 2781 474 2850 est,
483 2774 595 2836 merito
604 2775 685 2836 servi
693 2774 895 2853 effictionem,
945 2779 1051 2840 locum
1064 2761 1259 2857 interpretati
1268 2783 1342 2837 sunt
1354 2777 1603 2855 chrysostomus,
1619 2775 1716 2836 'lheo-

135 2868 334 2931 dvelormam
348 2868 460 2947 capiat.
947 2872 1082 2937 doretus,
1099 2868 1315 2940 OEcumenius,
1332 2866 1592 2947 Theophylactus.
1610 2867 1716 2927 Sedet

169 2961 209 3022 hc
216 2961 377 3024 nonnullis
386 2959 894 3040 Interpositismlormaturigitur,
946 2962 1154 3024 Tertullianus
1170 2960 1250 3021 libro
1269 2961 1376 3039 quinto
1402 2962 1503 3020 rosstru
1523 2957 1714 3035 Marcionem,

135 3052 239 3132 inquit,
255 3054 352 3133 isqui
371 3058 484 3113 natura
500 3052 579 3114 liber
599 3058 645 3115 est
663 3051 698 3113 in
715 3070 840 3115 servum
858 3069 895 3112 ex
947 3054 1046 3135 capite
1059 3053 1204 3115 vicesimo
1218 3049 1519 3113 contraheretioum
1535 3050 1630 3111 istum
1642 3067 1715 3130 pro-

134 3144 371 3226 dispensatione,
408 3146 534 3226 quando
566 3163 605 3206 ex
638 3151 727 3205 utero
760 3144 898 3224 gignitur
947 3145 1148 3226 batfossnom
1158 3142 1717 3221 sercinonsimilitudinemsjusmodi

136 3239 233 3299 mauis
245 3257 312 3300 suae
322 3239 495 3300 seeundum
508 3254 635 3298 carnem
646 3235 669 3297 ί.
688 3259 700 3295 ν
948 3237 1132 3319 significare,
1154 3255 1224 3317 quae
1239 3241 1361 3297 naturae
1379 3235 1541 3297 ueritatem
1561 3234 1715 3311 excludat,

170 3332 216 3391 Sic
230 3333 326 3393 etiam
339 3330 554 3392 Theodoretus
571 3329 611 3389 ad
632 3329 722 3389 illum
740 3327 828 3390 lsaiae
846 3326 896 3389 lo·
948 3332 1002 3393 sed
1014 3347 1083 3391 eam
1096 3329 1200 3409 potius
1213 3345 1398 3390 asseverare.
1410 3328 1511 3394 Quem
1524 3326 1630 3387 locum·
1644 3326 1718 3387 alibi

135 3439 210 3499 cum,
231 3442 359 3485 servum
380 3440 445 3485 esse
464 3421 623 3483 Christum
647 3420 817 3481 secundum
836 3421 896 3480 hu·
948 3418 1393 3503 propositumillustravimus².
1406 3418 1647 3496 SedetlHilarius
1660 3416 1718 3477 suh

133 3532 254 3576 manum
268 3523 418 3578 naturam
431 3513 549 3589 asserit,
563 3531 696 3574 necnon
708 3511 874 3589 Procopius
886 3531 894 3573 τ
949 3514 1074 3575 initium
1090 3512 1160 3573 libri
1189 3511 1365 3573 duodecimi
1380 3530 1388 3572 ι
1404 3511 1486 3579 Esse,
1510 3509 1613 3588 inquit
1633 3507 1656 3585 ⁸,
1684 3507 1718 3569 in

135 3607 183 3684 qui
203 3608 257 3670 illo
277 3609 345 3689 ipso
366 3604 519 3687 fomwodi
541 3603 647 3681 verbo,
673 3622 735 3684 quo
758 3622 834 3665 usus
852 3607 900 3665 est
948 3606 1048 3667 torma
1062 3605 1129 3679 Dei,
1141 3622 1206 3665 non
1218 3602 1279 3664 alia
1289 3601 1495 3680 intelligentia
1509 3606 1566 3676 est,
1576 3618 1671 3680 quam
1683 3600 1719 3661 in

135 3698 292 3781 Propheta,
310 3700 467 3780 designari
480 3699 524 3760 ait
536 3704 693 3772 naturam,
709 3716 748 3758 ex
761 3715 824 3778 qua
838 3714 900 3758 ser-
950 3697 1005 3761 Dei
1019 3714 1146 3758 manere
1160 3701 1283 3758 natura.
1299 3720 1313 3750 ν
1669 3709 1673 3715 ”

133 3791 222 3853 vilem
237 3793 452 3855 conditionem
464 3789 594 3851 subiisse
607 3788 731 3864 dicium,
748 3794 780 3850 et
792 3789 900 3851 eadem
990 3790 1042 3852 iV.
1072 3788 1237 3869 Dionysius
1265 3787 1494 3850 Alexandrinus
1527 3787 1562 3849 in
1588 3785 1717 3868 epistola

134 3885 316 3965 compendio
329 3885 519 3965 perstringit,
535 3900 605 3961 quae
624 3899 662 3943 ex
683 3879 800 3961 Cyrillo
820 3898 901 3942 com·
950 3887 1052 3944 eontra
1065 3879 1196 3944 Pontum
1220 3880 1443 3943 Sumosoteoum
1470 3881 1610 3960 pluribus
1633 3880 1719 3942 illam

133 3978 383 4040 memoravimus.
949 3973 1088 4054 Apostoli
1109 3971 1289 4054 periocham
1316 3977 1460 4048 enarrat,
1491 3990 1527 4032 ac
1554 3971 1720 4033 deforma

168 4069 376 4133 Proleruntur
402 4071 433 4130 et
454 4067 516 4130 alia
542 4066 686 4147 quaedam
713 4084 733 4127 a
757 4065 902 4127 Patribus
950 4065 1044 4128 servit
1059 4065 1145 4141 dicit,
1171 4082 1217 4138 ea,
1234 4082 1306 4145 quae
1319 4063 1359 4124 ad
1381 4064 1440 4124 hoc
1460 4067 1604 4124 nostrum
1624 4080 1717 4140 argu·

133 4162 251 4225 Veteris
266 4160 458 4225 Testamenti
469 4161 549 4236 loca,
563 4159 677 4238 quibus
690 4157 771 4220 servi
785 4175 902 4219 nomen
949 4163 1093 4220 mentum
1111 4174 1300 4236 magnopere
1323 4156 1463 4236 spectant
1484 4174 1492 4216 ε
1510 4160 1641 4217 atcerte
1664 4172 1717 4216 ve-

131 4252 280 4337 imputari
292 4256 415 4317 Christo
432 4253 577 4328 videtur,
598 4250 768 4332 presertim
785 4267 803 4311 e
818 4248 902 4311 Paol-
951 4249 1026 4312 riori
1047 4251 1085 4310 de
1109 4249 1223 4310 Christi
1247 4247 1394 4309 servitute
1422 4246 1600 4324 sententiae,
1623 4264 1719 4327 quam

131 4341 898 4411 seuseuesmtnuscontsssamhabentdechristo.
950 4346 1020 4422 post
1032 4340 1255 4423 explicabinus,
1280 4339 1323 4401 ita
1343 4339 1563 4419 suffragantur,
1588 4344 1624 4399 ut
1646 4356 1718 4400 cum

131 4442 336 4503 mentionem.
949 4433 1118 4509 Marcione,
1137 4430 1315 4512 caeterisque
1329 4442 1532 4511 4ροντιισιαστιιϊς
1553 4447 1718 4492 commune

168 4533 225 4594 111.
250 4533 306 4594 llis
319 4530 498 4594 addendum
511 4535 558 4591 est
572 4527 710 4610 Apostoli
724 4528 762 4590 de
778 4526 901 4589 ChrIsto
949 4524 1028 4586 nihil
1062 4524 1207 4586 habeant.
1235 4524 1346 4603 ltaque
1373 4523 1466 4603 paulo
1490 4523 1662 4586 accuratius
1685 4523 1718 4584 in

163 4720 318 4790 ajcrartr..
334 4716 385 4775 lib.
405 4717 442 4775 IV
455 4718 489 4774 irs
508 4717 566 4771 Ita.
586 4711 662 4769 ctus
676 4709 751 4783 ἦττον
767 4709 792 4766 ίν
806 4710 902 4774 τούτοις
950 4708 1077 4784 ίνεχθῆναι
1088 4708 1160 4781 φησίν
1173 4707 1258 4764 loccha
1269 4708 1444 4777 εὗδοκήσαντος
1457 4712 1531 4763 τοῦτο
1540 4713 1584 4763 τοῦ
1598 4709 1663 4779 θεοῦ,
1678 4712 1719 4765 καί

130 4796 190 4856 εἶναί
206 4821 292 4875 papiri
304 4800 377 4856 αθεθν
397 4800 441 4854 ahs
461 4798 542 4871 καίριον
560 4796 661 4865 Ἰησοῦν
675 4795 717 4850 τίν
737 4795 844 4867 Χριστὸν
858 4793 900 4848 τίν
949 4795 1050 4865 πατρός.
1066 4790 1195 4853 ἓκκοιλίας
1206 4789 1232 4846 st
1243 4792 1349 4865 μᾶλλον,
1365 4791 1432 4846 τοῦτ’
1446 4790 1511 4846 ἔστιν
1519 4793 1560 4846 ὅτε
1569 4792 1632 4848 κατὰ
1641 4795 1720 4867 σάρκα

129 4885 203 4949 οὕτως
215 4883 435 4957 ἀνθρωποπρεπίαι
462 4881 613 4954 κεχρημένον
635 4880 736 4951 ρωναῖς,
758 4876 780 4931 εί
798 4876 839 4929 καί
863 4878 900 4931 ὅτι
951 4875 1065 4948 ἐγεννήθη
1085 4873 1247 4947 ίκγοναικθς.
1262 4876 1319 4929 τότε
1333 4873 1380 4946 γίιρ
1399 4874 1452 4937 θεὸς
1471 4875 1550 4947 φύσει,
1565 4876 1606 4929 καί
1625 4874 1720 4931 ἐλεύθε-

129 4968 238 5039 pltare
248 4967 282 5022 τί)
296 4967 358 5039 μίγα
374 4969 418 5033 ιῆς
431 4962 551 5026 εὗσεθείας
563 4963 693 5034 θιατρανοῖ
705 4960 847 5034 μυστήριον,
862 4958 902 5012 καί
950 4978 1001 5031 ρος,
1012 4958 1046 5019 ὥς
1061 4955 1087 5010 ἔκ
1099 4958 1154 5011 θεοῦ
1163 4976 1200 5021 τε,
1215 4957 1256 5010 καί
1267 4956 1391 5030 ἐλευθέρου
1400 4959 1503 5031 πατρὸς,
1513 4958 1557 5028 την
1573 4964 1616 5013 τοῦ
1629 4960 1718 5014 δούλου

129 5049 170 5103 :hs
187 5055 235 5118 τῆς
254 5051 382 5111 κενώσεως
400 5048 491 5119 τρόπον
505 5045 644 5113 καθίστησιν
660 5041 760 5115 ἐναργῆ
774 5042 840 5114 ἄθρει
854 5039 902 5114 γὰρ
950 5042 1048 5114 δέχεται
1063 5036 1168 5113 μορφὴν,
1178 5040 1234 5107 ἤτοι
1243 5040 1343 5094 κλάσιν.

129 5132 194 5195 dnos
205 5133 252 5187 sto
262 5131 331 5203 φύσει
343 5131 385 5185 καί
395 5130 492 5198 ἀληθῶς
501 5128 587 5183 ἑαυτοῦ
600 5127 691 5181 πλάσαι
701 5125 770 5197 φύσιν
783 5124 855 5178 atthis
870 5123 903 5187 είς
986 5124 1003 5179 h
1022 5121 1090 5178 thid.
1109 5121 1248 5176 Πλθετεται
1262 5122 1342 5177 τοίνυν
1364 5122 1379 5177 θ
1393 5122 1514 5195 ἐλεύθερος
1527 5123 1590 5178 κατὰ
1602 5124 1671 5197 ριἰσιν
1686 5123 1720 5187 είς

22 5254 23 5273 ι
128 5216 215 5269 totam
231 5213 399 5287 ἱωετῷ,κλήν
415 5212 555 5275 ἔκκοιλίας.
569 5209 598 5264 oh
611 5213 658 5283 γάρ
672 5228 711 5263 τοι
725 5209 817 5282 γερνθν
832 5208 901 5272 ὄντα,
951 5207 1039 5259 δοῦλον
1053 5203 1222 5277 οἰκονομικῶς,
1236 5207 1277 5260 ὅτε
1286 5205 1326 5259 καί
1340 5204 1366 5260 ίκ
1378 5205 1472 5268 κοιλίας
1482 5204 1594 5279 ἐγεννήθη
1605 5212 1648 5275 τῆς
1656 5206 1720 5262 κατὰ

128 5298 293 5371 εαίᾶσαρκον
311 5298 347 5352 ίτι
364 5299 451 5371 λόγον,
477 5295 510 5358 είς
523 5294 567 5364 τὴν
584 5299 627 5362 τῆς
640 5291 752 5354 δουλείας
771 5291 902 5345 διάπλασιν
952 5292 1031 5362 σάρκα
1045 5290 1145 5362 μητρός.

156 5470 241 5518 anit.
251 5481 279 5517 m
294 5471 348 5515 a-
359 5467 442 5516 θΤσιο.
456 5469 486 5518 tlt
496 5469 535 5516 lth.
548 5469 565 5513 V
578 5469 606 5515 ιίε
617 5467 678 5514 itta.
688 5477 710 5515 ε.
724 5475 745 5511 ν.
757 5464 801 5522 8⁸·
817 5487 843 5500 -
855 5463 941 5509 thren.
953 5461 1013 5508 'lom
1026 5461 1055 5515 ll,
1067 5460 1204 5518 eotsmt.
