4104 6160
324 354 364 412 50
826 342 1157 414 rflssotooleottttlt
1178 347 1401 411 boemerum

325 517 500 591 honorum,
527 516 577 576 vel
594 512 752 595 ‹lignitrtis
777 517 950 596 aequalitate
981 515 1093 596 positi,
1147 520 1264 592 autem,
1281 512 1460 575 resuscitabit
1473 531 1538 574 eum
1552 530 1656 595 corpus
1668 529 1785 574 meum:
1803 530 1860 573 nee
1876 530 1916 573 ex

326 608 553 689 hypostasibus,
570 615 601 669 et
619 608 716 670 animi
737 609 889 670 sententia
907 609 1052 689 privatim
1078 626 1097 668 a
1146 624 1183 667 eo
1210 606 1429 685 colligendum,
1459 606 1591 667 alterum
1619 606 1703 666 hunc
1725 623 1742 665 a
1769 622 1824 665 sua
1851 622 1916 665 esse

327 719 360 762 se
369 708 479 762 mutuo
493 719 629 780 eousque
641 702 951 781 disjungerentur,ut
959 702 1039 761 alter
1047 700 1097 759 hie
1147 716 1250 760 earne.
1275 721 1287 757 ι
1308 700 1377 759 Νοιι
1398 698 1485 778 quasi
1506 699 1583 760 alter
1603 699 1661 775 sit,
1685 698 1838 777 inquit,a
1859 715 1917 758 sua

328 800 416 866 esset,
440 793 491 854 ille
517 794 624 855 attere
661 814 676 850 ν
710 795 802 854 Vides
833 792 1096 873 quemadmodum
1147 810 1256 867 carne3
1286 797 1317 853 et
1339 810 1405 853 non
1424 810 1550 873 prorsus
1573 797 1697 853 natura.
1726 790 1853 852 Etenim
1883 791 1917 850 in

329 885 463 963 cyrillus
475 895 600 947 διάστασιν
628 885 807 964 hujusmodi
827 891 897 965 post
914 892 1097 946 naturarum
1147 884 1284 945 tiliorum
1306 884 1461 945 binarium
1488 883 1584 945 secari
1599 902 1632 945 se
1651 889 1720 963 post
1741 883 1918 944 unitionem

329 977 555 1056 copulationem
581 981 753 1056 suspectam
766 977 922 1054 habuerit,
948 994 1012 1038 uon
1036 994 1098 1056 qua
1147 995 1213 1036 non
1226 976 1396 1057 petitum.»
1414 975 1504 1037 Unde
1511 976 1695 1057 Anonymus
1708 976 1752 1036 ita
1764 975 1915 1054 disputat:

328 1069 390 1130 illia
400 1072 541 1142 essentia,
555 1075 586 1130 et
596 1069 778 1131 definitione
792 1069 958 1131 ditterunt:
975 1069 1029 1131 sed
1038 1087 1100 1149 qua
1152 1068 1217 1129 «si
1230 1072 1337 1129 autem
1351 1069 1489 1129 Verbum
1507 1086 1571 1128 non
1585 1068 1624 1128 sit
1636 1074 1749 1129 natura
1763 1066 1919 1132 diversum

329 1161 466 1222 siueullo
476 1162 610 1222 naturali
622 1180 717 1238 nexu,
730 1163 896 1242 separatim
911 1161 1096 1223 consistunt:
1148 1176 1168 1222 a
1192 1178 1248 1222 sua
1268 1179 1371 1237 earne,
1395 1160 1514 1221 clarum
1537 1165 1582 1221 est
1595 1160 1735 1222 Verbum
1749 1165 1780 1221 et
1793 1177 1921 1221 earnem

329 1253 373 1314 ita
388 1259 422 1314 ut
431 1254 565 1315 alterum
577 1254 750 1315 etalterum
759 1254 860 1322 faciat,
872 1254 1012 1332 adeoque
1021 1253 1100 1314 filios
1149 1252 1338 1314 constituere
1347 1270 1444 1313 unam
1456 1258 1613 1313 naturam.
1629 1274 1644 1311 ν
1659 1252 1752 1331 Atqui
1767 1252 1799 1312 iu
1816 1254 1921 1313 Greco

329 1345 419 1420 duos,
435 1356 527 1425 atque
542 1346 691 1407 Christos.
1150 1345 1360 1405 nominativus
1375 1349 1421 1405 est
1443 1344 1609 1405 masculini
1622 1345 1763 1423 generis,
1779 1354 1871 1426 ἕτερος,
1885 1350 1923 1405 ut

175 1451 284 1514 ιοοοροι
371 1439 423 1500 lV.
447 1439 496 1500 Sic
510 1439 544 1498 iu
562 1438 622 1498 alio
644 1439 712 1500 loco
727 1438 865 1517 ejttsdem
890 1438 1017 1499 secundi
1029 1438 1101 1499 libri
1149 1447 1224 1516 λόγος
1237 1455 1301 1497 non
1315 1437 1354 1497 sit
1368 1436 1444 1498 atter
1457 1456 1476 1498 a
1489 1456 1544 1499 sua
1558 1455 1670 1515 carne,
1691 1438 1751 1499 hoc
1765 1443 1811 1499 est
1824 1436 1923 1499 attera

127 1554 134 1565 ·
169 1507 298 1615 bilbili„
331 1531 472 1591 adversus
501 1528 684 1598 Nestorium,
719 1532 775 1591 etsi
801 1531 932 1592 verbum
952 1541 1101 1613 διεστηκένοι
1147 1548 1378 1609 persona:eum
1392 1535 1498 1591 tamen
1511 1530 1550 1590 sit
1564 1534 1657 1610 ἕτερον,
1671 1530 1703 1590 id
1724 1536 1769 1591 est
1782 1530 1920 1605 atterum,

189 1613 283 1720 fflfl?
331 1640 387 1703 pro
408 1632 512 1702 διαφορᾷ
531 1622 679 1701 sumpsit,
700 1623 801 1683 eidem
823 1629 928 1684 tamen
950 1630 978 1683 το
1001 1626 1101 1698 διαιρεῖν
1152 1622 1215 1683 sive
1223 1620 1482 1701 ultrrt'usnoturae,
1492 1627 1522 1683 at
1535 1623 1673 1684 ementire.
1691 1623 1798 1703 ltaque
1808 1624 1923 1704 duplex

175 1719 292 1764 κοινολο-
331 1714 487 1794 opposuit,
503 1731 566 1792 quo
586 1713 682 1773 verbo
703 1713 903 1790 divisionem,
925 1734 961 1775 ac
978 1727 1100 1789 separa·
1152 1720 1197 1775 est
1209 1713 1300 1774 luctis
1313 1714 1546 1776 calumniatoris
1559 1715 1719 1797 anonymi.
1737 1716 1816 1776 Nam
1831 1721 1861 1777 et
1878 1715 1925 1776 ita

331 1806 446 1867 tionem
459 1805 622 1866 intellexit.
636 1806 740 1866 «Nam
752 1805 886 1868 alterum
900 1805 1060 1885 quiddam,
1071 1807 1102 1862 et
1151 1807 1254 1867 locum
1275 1805 1366 1867 illum
1391 1806 1511 1884 hahuit,
1533 1812 1682 1887 tanquam
1703 1814 1781 1869 esset
1795 1816 1877 1890 ἕτερον
1889 1808 1925 1869 in

332 1899 466 1960 alterum
479 1915 544 1958 esse
558 1896 697 1958 divinam
712 1904 743 1959 et
759 1899 930 1960 humanam
944 1903 1100 1973 naturam,
1152 1904 1264 1962 neutro
1281 1917 1405 1978 genere,
1423 1904 1454 1959 et
1471 1917 1535 1960 non
1550 1907 1653 1981 ἕτεροςτ
1670 1906 1738 1961 tum
1748 1900 1781 1960 in
1791 1900 1883 1961 Verbi
1894 1906 1926 1962 et

332 1992 387 2062 ait,
410 1991 488 2052 scire
507 1990 633 2070 quidem
653 1992 816 2067 convenit;
839 1990 903 2051 imo
922 2007 1043 2052 neeesse
1058 1995 1104 2049 est
1152 1989 1229 2061 λόγον
1245 1991 1365 2050 diverso
1386 2009 1500 2069 genere
1520 1991 1685 2071 sophistice
1701 1991 1784 2053 lusit.
1804 1993 1925 2073 Quippe

333 2083 537 2163 prudentibus
557 2082 642 2142 viris.
667 2083 787 2143 Distant
801 2082 885 2143 enim
905 2101 973 2143 ase
992 2087 1103 2142 mutuo
1152 2082 1227 2155 λόγος
1238 2087 1321 2159 ἕτερος
1335 2083 1438 2144 Graece
1452 2083 1622 2144 masculino
1632 2084 1665 2144 in
1674 2102 1788 2164 genere
1798 2084 1925 2162 dicitur,

332 2175 568 2254 incomparuhih
581 2174 767 2236 differentia.
783 2176 901 2235 Verum
915 2176 948 2234 iu
962 2173 1103 2234 omnium
1154 2175 1184 2229 et
1196 2169 1349 2249 significat
1368 2173 1513 2236 diuersam
1539 2175 1626 2237 Verbi
1637 2194 1805 2257 personum.
1817 2176 1926 2240 latine

334 2275 477 2329 nostrum
492 2267 651 2328 Salvatore
665 2269 683 2327 J
686 2285 740 2328 esu
753 2267 886 2340 Christo,
900 2268 966 2327 illas
977 2268 1057 2346 ipsas
1071 2266 1105 2325 in
1154 2268 1258 2323 autem
1273 2264 1399 2327 Verbum
1408 2266 1567 2345 diuersum,
1578 2268 1612 2329 in
1621 2266 1745 2347 neutro,
1757 2287 1817 2329 rem
1828 2268 1928 2331 diuer-

334 2361 509 2422 unitionem
530 2377 653 2435 veram,
676 2366 708 2420 et
725 2361 895 2420 seeundum
913 2359 1104 2438 hypostasim
1154 2373 1227 2431 sum,
1243 2356 1399 2433 exprimit.
1420 2359 1519 2432 Quem
1545 2360 1781 2440 ambiguitatem
1801 2362 1926 2443 ineptus

334 2471 458 2532 cogens,
471 2452 652 2513 divisionem
663 2450 796 2513 caretol.
814 2474 825 2508 ο
840 2450 998 2513 llaniteste
1013 2458 1103 2512 uatu-
1155 2448 1314 2509 cavillator
1348 2457 1519 2531 aucupatus
1546 2458 1603 2529 est,
1640 2460 1670 2514 et
1699 2453 1849 2533 Cyrillum
1881 2455 1927 2516 sic
2041 2476 2042 2497 ³

335 2565 385 2607 ras
404 2545 467 2605 illie
489 2565 508 2605 a
530 2560 563 2605 se
590 2550 701 2605 mutuo
725 2544 883 2605 distinctas
906 2544 940 2603 in
963 2544 1105 2604 unitione
1154 2539 1334 2619 loquentem
1374 2542 1515 2618 induxit3
1556 2564 1659 2605 enon
1693 2563 1758 2607 csse
1785 2546 1927 2608 Verbum
2041 2582 2042 2601 ν

335 2655 462 2699 manere
476 2636 645 2716 signifieat,
665 2643 695 2696 et
709 2636 793 2697 aliud
812 2642 904 2715 etque
918 2635 1003 2696 aliud
1017 2653 1102 2698 esse:
1155 2632 1311 2694 diversum
1333 2653 1351 2695 a
1370 2653 1426 2697 sua
1451 2655 1558 2708 earne,
1575 2658 1591 2694 u
1612 2637 1671 2698 hoe
1691 2641 1738 2698 est
1756 2655 1817 2699 rem
1835 2648 1926 2701 autu-

335 2731 386 2791 sed
402 2748 466 2791 non
480 2728 584 2790 dirimi
598 2746 633 2789 ae
646 2728 752 2788 dividi.
762 2728 841 2788 Nam
855 2737 884 2789 τι
899 2738 999 2809 διαιρεῖν
1011 2746 1106 2808 oppo-
1155 2744 1277 2807 remque
1289 2725 1453 2802 diversuru3
1470 2746 1542 2789 eum
1556 2730 1597 2789 ita
1608 2729 1712 2809 potius
1730 2730 1830 2791 dicat:
1848 2740 1927 2814 λόγος

334 2823 392 2899 nit,
407 2830 444 2883 ut
461 2822 541 2899 dixi,
563 2835 599 2902 τῷ
613 2829 777 2897 διεστηκέναι,
803 2826 833 2881 et
852 2831 1011 2903 τῇδιορορᾷ.
1035 2822 1104 2880 Νοιι
1154 2824 1287 2880 nonest
1320 2817 1454 2881 tiresus
1485 2840 1504 2881 a
1531 2839 1584 2881 ιιισ
1611 2839 1711 2883 earne.
1741 2822 1811 2884 Non
1839 2825 1927 2887 enim

334 2933 409 2993 ergo
433 2932 489 2994 pro
511 2914 570 2975 hae
589 2914 750 2992 usurpavit
776 2917 812 3013 ut
836 2913 997 2973 contendit
1020 2913 1105 2974 Ano·
1154 2929 1286 2990 persona
1295 2911 1414 2972 diversa
1426 2917 1490 2973 est:
1508 2931 1579 2974 eum
1592 2914 1631 2973 sit
1639 2912 1785 2976 dr'versum
1794 2915 1924 2997 aliquid.
2041 2976 2042 2979 ,

334 3025 459 3087 nymus.
1194 3004 1231 3063 V.
1254 3004 1316 3065 Nec
1351 3004 1427 3064 illud
1458 3005 1779 3084 praetermittendum,
1816 3010 1926 3072 mendi
1953 3039 2042 3084 pm,

376 3101 410 3160 ln
428 3099 490 3160 illis
511 3116 602 3179 porro
623 3096 732 3177 Cyrilli
758 3095 833 3158 locis
848 3096 1040 3170 observabis,
1057 3098 1105 3159 uti
1153 3095 1269 3175 aliquid
1284 3095 1408 3157 subesse
1415 3096 1512 3157 videri
1526 3097 1628 3159 verbis
1641 3098 1703 3159 illis
1716 3099 1820 3180 Cyrilli
1841 3110 1881 3162 καὶ
1896 3110 1927 3165 ot
1967 3094 2007 3189 ³¹¹3
2022 3096 2042 3135 't

334 3190 473 3253 Verbum
487 3198 517 3251 et
529 3193 666 3250 humana
676 3194 789 3250 natura
803 3208 868 3250 non
881 3191 941 3250 sint
956 3197 1046 3270 ἕτερος,
1062 3199 1103 3252 καὶ
1152 3200 1289 3270 κάντωςτῇ
1299 3196 1378 3268 φύσει,
1400 3208 1434 3250 ac
1458 3190 1601 3250 nonnihil
1618 3191 1732 3253 deesse.
1748 3192 1849 3263 Quare
1867 3213 1929 3257 nos
2006 3144 2042 3203 ΠΝ

334 3291 428 3364 ἕτερος,
450 3283 511 3343 sint
523 3288 628 3343 tamen
642 3290 725 3363 ἕτερον
739 3289 780 3343 καὶ
794 3289 892 3362 ἕτερον,
905 3282 965 3345 hoc
980 3288 1104 3344 estnon
1154 3281 1335 3361 abruptam,
1357 3286 1387 3342 et
1407 3283 1551 3343 mutilam
1565 3285 1749 3345 sententiam
1764 3288 1797 3345 in
1812 3287 1929 3349 Latina

335 3376 487 3450 dicantur,
517 3375 593 3436 alter
619 3383 647 3435 et
667 3374 753 3448 ulter,
778 3392 888 3435 verum
912 3374 1049 3451 ultrum,
1075 3383 1105 3436 et
1153 3379 1260 3434 nostra
1282 3373 1536 3454 interpretatione
1558 3375 1698 3436 consulto
1719 3377 1923 3441 reddidimus.

333 3468 473 3530 alterurn.
491 3467 651 3548 Siquidem
673 3486 763 3529 voces
788 3468 853 3528 istae
879 3468 913 3528 in
931 3468 1102 3529 masculino
1155 3467 1196 3526 tlt
1209 3466 1392 3546 Anonymus
1406 3467 1540 3545 vertit,et
1553 3476 1663 3531 nutura
1677 3468 1819 3547 detersus,
1834 3472 1927 3551 (prasi

233 3590 235 3594 ⁴
333 3579 446 3642 genere
461 3580 644 3641 personam3
660 3561 694 3621 in
708 3564 820 3622 neutro
835 3560 999 3621 essentiam
1012 3561 1104 3638 signi·
1153 3564 1242 3629 esset,
1255 3566 1297 3619 καλ
1310 3566 1418 3640 apptati
1433 3568 1557 3640 διάφορος,
1567 3566 1622 3621 aut
1635 3561 1786 3640 ejusmodi
1794 3562 1924 3643 aliquid,

333 3653 439 3729 ficant,
463 3658 499 3713 ut
518 3652 552 3713 in
574 3652 733 3712 Trinitatis
752 3652 900 3731 mysterio
919 3651 1100 3714 usuvenit¹:
1153 3650 1236 3731 quod
1247 3651 1582 3713 nattuaediversitatem
1590 3653 1722 3715 tolleret.
1734 3654 1790 3715 Cui
1797 3655 1928 3734 quidem

334 3745 419 3826 quod
432 3745 506 3805 alibi
525 3745 724 3806 notavimus:
747 3749 778 3804 et
797 3743 847 3804 vel
861 3744 977 3806 tirones
990 3745 1104 3806 harum
1153 3744 1300 3804 reclamat
1331 3743 1474 3819 negativa
1489 3745 1640 3824 particula
1684 3750 1788 3808 :tum
1812 3753 1927 3811 caetera

334 3836 506 3898 litterarum
520 3836 709 3915 intelligunt.
1153 3835 1282 3896 minima
1301 3835 1468 3896 cohaerent.
1487 3837 1525 3896 In
1539 3837 1673 3900 editione
1686 3839 1928 3903 Gracc-Latina

374 3930 412 3990 ln
435 3948 497 4009 quo
511 3930 591 3990 mira
604 3935 648 3990 est
668 3928 826 4009 Anonymi
845 3928 975 4005 inscitia,
997 3929 1050 4009 qui
1070 3930 1104 3990 in
1153 3928 1366 4008 scriptumest,
1382 3945 1416 3989 cr
1427 3946 1487 3989 nort
1501 3926 1575 3989 idem
1589 3939 1716 3994 nature:
1733 3932 1817 4010 quod
1830 3950 1928 3994 sensu

334 4041 371 4084 eo
385 4022 546 4104 pueriliter
556 4020 773 4099 hallucinatus,
788 4040 902 4082 novam
911 4021 1104 4082 indecalum-
1154 4019 1298 4096 congruit
1318 4037 1390 4081 cum
1403 4020 1563 4101 Anonymi
1575 4031 1756 4104 παραχαράξει.
1768 4023 1848 4084 Nam
1861 4024 1925 4106 legi

333 4116 419 4176 niem
438 4114 552 4194 Cyrillo
579 4114 678 4175 struit.
709 4113 884 4175 Adnotabat
907 4115 956 4174 hic
984 4114 1022 4174 ad
1048 4114 1101 4175 illa
1155 4112 1189 4174 in
1209 4114 1315 4175 Graeco
1338 4112 1473 4192 deberet,
1487 4120 1564 4176 celet
1578 4123 1674 4186 πάντως
1688 4123 1702 4177 ὁ
1716 4121 1925 4207 οὐτδςτρρύοει,
1971 4162 1979 4190 -,

333 4207 465 4268 loannis
478 4204 597 4274 verba¹,
617 4204 677 4282 Qui
690 4205 846 4267 mandunt
860 4224 953 4268 meum
969 4225 1097 4281 earnem,
1144 4206 1194 4266 vel
1207 4211 1304 4267 καὶούκ
1314 4211 1386 4275 οὗτος
1400 4218 1430 4286 τῇ
1444 4213 1523 4286 φύσει.
1541 4206 1629 4280 Quod
1654 4206 1679 4267 si
1707 4213 1796 4285 esset,
1811 4214 1923 4272 tamen

333 4304 361 4360 et
377 4298 449 4360 bibit
469 4317 564 4360 meum
587 4302 773 4379 subpriorem,
796 4296 881 4359 dubet
902 4297 996 4359 uitem
1016 4307 1102 4360 oeter-
1146 4315 1185 4361 ex
1200 4297 1267 4358 aliis
1280 4296 1388 4377 Cyrilli
1400 4297 1485 4372 loeis,
1502 4303 1534 4360 et
1547 4298 1750 4361 caeteraillius
1764 4300 1921 4378 doctrina,

334 4410 424 4461 nom,·
443 4401 468 4453 et
488 4409 540 4472 epo
553 4391 726 4452 resuscitabo
740 4408 807 4452 eurr
819 4390 851 4450 ia
864 4391 1021 4452 uoor'csimo
1034 4390 1101 4466 die3
1150 4408 1245 4470 quarn
1256 4406 1351 4469 supra
1362 4387 1574 4468 patefecimus,
1597 4389 1695 4452 facilis
1704 4391 1926 4471 interpretatio

333 4484 447 4546 dixisse
471 4484 647 4558 Christum
676 4502 728 4562 epo
746 4482 922 4545 reinduero
938 4501 1023 4558 eum3
1039 4501 1104 4544 non
1149 4481 1249 4556 foret3
1272 4497 1373 4542 unum
1392 4498 1464 4543 oum
1478 4498 1569 4543 carne
1582 4498 1639 4543 sua
1652 4482 1805 4561 Verbum,
1820 4502 1927 4565 neque
1980 4544 1985 4551 ,

368 4684 518 4740 ttCruttr..
534 4678 599 4737 ibid.
625 4676 801 4742 Ἀλλ’ἔνῖσοις
815 4678 883 4742 ὄντες
902 4678 1036 4752 ἀξιώμασιν
1052 4675 1102 4732 ἔσθ’
1153 4694 1187 4745 τι,
1202 4678 1243 4731 καὶ
1257 4675 1339 4751 ἕτερόν
1350 4674 1463 4745 bastire
1472 4676 1532 4743 θεία,
1547 4673 1928 4752 καλὴᾶνθρὼποοροσιςπρέποι

333 4760 384 4833 ὅτε,
400 4762 551 4832 biset-bitume
575 4762 692 4831 ἀλλήλων
713 4761 811 4834 ὑπάρξει
834 4768 905 4835 τετῇ
924 4762 965 4816 καὶ
987 4761 1040 4816 καθ’
1058 4760 1102 4815 ἕνα
1152 4762 1182 4814 ἂν
1207 4759 1306 4827 εἰδέναι,
1321 4764 1361 4813 καὶ
1383 4759 1516 4833 ἀναγκαῖον
1538 4755 1601 4814 εἶναι
1618 4780 1680 4832 φημι
1703 4764 1755 4823 τοῖς
1782 4760 1925 4834 ἀρτίρροσι.

333 4850 406 4923 φηρὶ,
418 4848 459 4902 καὶ
480 4847 564 4920 μέντοι
582 4846 611 4900 τὸ
625 4846 798 4918 bethsabeae&
813 4845 875 4900 abab
900 4848 997 4918 φρονεῖν
1010 4861 1047 4910 τε,
1062 4845 1103 4898 καὶ
1152 4844 1291 4912 διεστήκασι
1304 4843 1351 4917 γὰρ
1368 4843 1494 4915 ἀλλήλων,
1507 4845 1548 4898 καλ
1563 4843 1717 4917 ἀσυγκρίτοις
1727 4847 1864 4917 διαφοραῖς.
1882 4845 1928 4903 ἐπὶ

333 4933 403 5004 δρᾷν·
419 4928 476 4983 ἀλλ’
501 4928 568 5002 εἴπερ
582 4926 611 4996 ἦν
630 4949 666 4993 τις
687 4928 775 5002 δεσμὸς
798 4928 927 5001 ἀναγκαῖος
947 4927 979 4991 εἰς
1000 4924 1103 4997 ἑνότητα
1152 4926 1178 4981 δὲ
1190 4921 1233 4981 τοῦ
1244 4928 1342 4983 πάντων
1356 4927 1427 5000 ἡμῶν
1444 4932 1554 4999 σωτῆρος
1567 4928 1675 5001 Χριστοῦ
1692 4930 1876 5001 συνεισενεγκὼν
1891 4931 1929 4996 εἰς

333 5014 460 5086 συλλέγων
474 5012 560 5075 obrute
569 5016 612 5081 τῆς
625 5011 692 5075 ἀξίας
706 5011 829 5084 ὁτρόπος,
847 5011 954 5083 καθάπερ
966 5010 1052 5083 ἀμέλει
1061 5011 1102 5064 καὶ
1152 5009 1238 5065 traete
1249 5010 1292 5078 τὴν
1308 5010 1385 5080 ἀληθῆ
1399 5027 1436 5077 τι,
1453 5010 1494 5064 καλ
1507 5010 1560 5063 καθ’
1580 5009 1725 5075 tabescere,
1741 5005 1864 5084 παραιτοῖι
1876 5010 1928 5080 τὴν

255 5162 259 5169 ¹
334 5096 453 5168 σιἰμὸασις
466 5095 564 5169 φυσικὴ,
582 5093 627 5148 οὐκ
648 5097 677 5148 ἂν
699 5093 724 5147 ἔν
744 5092 838 5164 ἰσότητι
864 5100 954 5167 γερῶν,
981 5094 1036 5162 ἤτοι
1058 5098 1102 5162 τῆς
1152 5093 1279 5165 διαίρεσιν.

333 5178 576 5252 ἂξὶαςῦπάρχοντες,
599 5176 748 5231 ὑποστάσεσι
774 5196 811 5246 τε,
835 5177 875 5229 καὶ
896 5178 995 5249 γνώμῃ,
1019 5176 1052 5238 εἰς
1073 5175 1102 5230 τὸ
1188 5178 1331 5232 oCruttt.
1345 5174 1394 5232 lib.
1415 5176 1450 5235 lV
1472 5178 1505 5232 brt
1526 5179 1612 5232 Ιοααι.
1632 5174 1687 5250 Οὐχ
1714 5175 1748 5238 ὧς
1775 5174 1857 5248 ἔτερος
1884 5179 1927 5232 ὢν

333 5261 415 5335 ἕτερος
429 5257 500 5326 εἶναι,
512 5263 553 5314 καὶ
567 5261 659 5333 ἔτερος,
673 5259 753 5323 ἰδικῶς
768 5258 882 5327 ἀλλήλων
897 5259 1100 5330 ἇπενοσρῐζοντο.
1120 5311 1127 5327 ,
1151 5258 1218 5333 παρὰ
1232 5257 1276 5327 τὴν
1289 5258 1352 5313 ἰδίαν
1367 5260 1455 5332 σάρκα,
1471 5259 1512 5313 καὶ
1526 5258 1555 5314 ob
1565 5260 1707 5333 πάντωζτῇ
1724 5259 1803 5330 φύσει.
1820 5260 1930 5333 διατέμ-

369 5347 386 5402 b
405 5347 515 5403 Ctntm.
535 5346 559 5402 ll
582 5350 687 5401 contra
707 5347 786 5399 Neai.
805 5336 862 5397 “Ort
886 5342 929 5414 μὲν
951 5341 999 5415 γὰρ
1019 5341 1102 5415 ἕτερον
1151 5343 1233 5397 νεσθαι
1246 5342 1294 5416 γὰρ
1307 5334 1408 5405 εἰςνὶὦν
1423 5343 1500 5397 &aba
1513 5341 1784 5416 petavionensis
1796 5341 1926 5414 ἀνέχεται.

361 5514 372 5558 l
387 5514 441 5558 Vite
451 5518 468 5559 t.
482 5512 560 5566 ll,tlb.
570 5512 627 5564 llll,
637 5525 657 5556 c.
671 5523 701 5565 tx,
716 5523 791 5568 parag.
805 5510 867 5556 rt.-
880 5510 894 5554 t
907 5502 1016 5564 bubata,
1026 5511 1060 5556 bb.
1074 5566 1078 5575 .
