3936 6146
185 760 274 803 Necnon

178 814 283 867 Origenes

181 2057 279 2102 Clemens

158 2110 289 2156 Alexandri-

158 2173 301 2211 nusnoutus.

180 3932 226 3985 Sti.
243 3931 274 3973 tic

177 3990 282 4031 Passieno

181 4043 271 4085 Christe.

328 291 386 349 376

328 469 380 510 sus
402 452 515 530 tristis,
541 456 594 514 sod
619 456 776 518 voluntate
804 458 976 538 suscipiens
1004 448 1097 520 tristi·

327 543 415 619 tiam,
432 547 587 624 quomodo
602 548 761 610 voluntate
776 551 944 630 sctseipiens
959 570 1094 613 earnem.

329 636 490 709 Quomodo
509 640 667 700 voluntate
686 661 812 704 earnem
828 662 933 705 veram
948 666 955 705 :
972 646 1015 705 sie
1042 663 1096 705 vo-

328 727 447 790 luntate
460 731 615 792 tristitiam
629 753 747 795 veram.
764 758 779 793 n
793 736 944 797 Sieetiam
952 738 1099 817 Origenes

328 819 407 879 libro
434 824 569 883 seeundo
598 834 699 886 caretro
721 825 856 888 Celsum:
891 830 973 901 «Si,
1002 836 1037 890 ut
1057 832 1100 890 ait

329 913 446 987 Celsus,
476 916 589 994 inquit,
623 919 701 979 nihil
730 920 855 996 doloris,
885 940 922 981 ac.
949 921 1099 983 molestiae

328 1006 346 1066 J
349 1024 418 1065 esus
431 1009 525 1067 sensit
538 1027 592 1087 per
606 1010 682 1070 illud
695 1017 834 1091 tempus;
850 1031 987 1091 quonam
1010 1021 1099 1093 paeto

328 1099 383 1178 qni
398 1106 504 1178 postea
525 1102 619 1162 secuti
644 1109 727 1178 suut,
755 1106 861 1165 lesum
882 1107 1028 1168 adhibere
1044 1126 1099 1187 po-

328 1193 496 1252 tneruntin
510 1195 688 1274 exemplum
699 1198 834 1275 patiendi
850 1198 1002 1260 laboriosa
1012 1219 1099 1279 quaa-

328 1282 415 1357 libet,
432 1303 467 1345 ae
479 1286 608 1347 molesto
628 1300 755 1367 propter
776 1290 933 1368 pietatem,
950 1291 975 1351 si
991 1293 1101 1353 huma·

328 1394 369 1434 na
380 1395 444 1436 non
455 1384 499 1436 est
509 1381 687 1455 revera,sed
697 1381 760 1441 sola
770 1383 870 1459 speeie
884 1394 1097 1464 perpessusta

330 1468 408 1526 Vide
423 1470 650 1532 Tertullianum
678 1472 757 1533 libro
783 1475 875 1534 tertio
898 1483 1001 1536 contro
1019 1476 1103 1537 llor-

329 1559 448 1634 cc'oneue,
473 1565 572 1641 eapite
593 1571 713 1638 octavo,
739 1566 945 1646 Hieronymus
968 1568 1042 1629 item
1070 1570 1101 1632 ιἰι

329 1651 452 1713 Esaiam
462 1652 482 1727 ¹,
496 1655 555 1730 (lui
564 1655 793 1738 uereluupeores
808 1666 930 1735 uestros,
940 1671 968 1720 et
978 1670 1101 1741 peecata

324 1747 471 1823 portauit,
485 1757 511 1808 et
524 1768 580 1828 pro
602 1748 682 1809 nobis
699 1748 787 1823 dolet,
810 1770 875 1811 nou
898 1754 1049 1831 putative,
1069 1755 1102 1815 id

329 1842 513 1918 estotope'cnc,
536 1846 572 1901 ut
585 1860 677 1913 nova,
701 1848 731 1903 et
751 1848 839 1904 retus
860 1844 985 1905 haeresis
998 1847 1101 1927 suspi-

329 1933 430 2003 entur3
448 1932 500 1991 sed
514 1951 588 1994 vere
606 1934 770 1994 crucifixus
785 1942 842 2011 est,
865 1954 935 1996 rere
952 1937 1061 1998 doluit.
1082 1965 1095 1992 s

369 2022 455 2081 tut.
487 2025 567 2085 Pena
602 2025 679 2087 mihi
706 2026 845 2087 Clemens
874 2028 1102 2089 ,menandriana

329 2113 498 2191 exciderat3
511 2117 565 2183 mii
580 2118 613 2177 in
632 2124 718 2178 sexto
734 2118 913 2196 Strornateo,
930 2121 967 2181 de
981 2121 1101 2181 Christo

328 2224 392 2265 non
403 2209 476 2267 satis
490 2211 669 2288 castigatam
693 2213 878 2271 sententiam
891 2214 1055 2291 expromit,
1071 2221 1102 2275 et

329 2298 495 2359 llilariana
516 2301 560 2361 illi
584 2302 742 2362 similem:
766 2324 781 2359 a
805 2305 843 2362 In
862 2303 1030 2379 Sulcatoro,
1055 2306 1100 2366 in-

328 2391 404 2468 quit,
437 2410 560 2471 eorpus,
592 2400 742 2471 tanquam
768 2413 890 2474 eorpus,
930 2398 1101 2458 necessaria

329 2483 484 2561 postulare
500 2485 683 2559 ministeria,
705 2486 871 2548 ridiculum
894 2488 998 2548 fuerit.
1013 2491 1100 2549 blan-

328 2573 461 2635 durahat
493 2577 577 2637 onim
607 2596 671 2637 nou
698 2584 824 2657 propter
854 2597 977 2658 eorpus,
1016 2582 1100 2658 quod

327 2665 433 2726 diviua
447 2668 560 2729 rirtcite
581 2670 820 2745 sustentabatur3
837 2671 891 2731 sed
913 2689 954 2731 ne
974 2671 1021 2747 iis,
1045 2674 1099 2751 qni

327 2759 528 2821 versabantur
556 2780 627 2822 enm
652 2763 729 2841 ipso,
759 2763 790 2822 in
817 2769 953 2823 mentem
979 2765 1099 2825 reniret

327 2851 415 2911 alitor
441 2854 477 2912 do
505 2872 541 2913 eo
567 2855 691 2916 sentire.
726 2855 996 2930 Quemadmodum
1024 2875 1097 2917 sane

362 3030 381 3069 (t
401 3016 480 3069 Ouio.
500 3015 520 3070 ll
539 3022 613 3071 cotti.
639 3017 694 3074 Cel·
722 3017 797 3070 ’θλλὰ
820 3018 860 3069 καὶ
885 3016 915 3087 el,
940 3019 974 3080 ὥς
994 3019 1098 3089 pascuit

327 3098 429 3161 Κέλσος,
449 3101 506 3170 μήτ’
521 3098 632 3170 ἀλγεινόν
651 3119 683 3163 τι,
702 3100 760 3172 μήτ’
771 3099 868 3171 ἀνιαρὸν
884 3106 919 3173 τῷ
939 3095 1026 3167 'lusoir
1037 3101 1100 3155 κατὰ

326 3181 367 3233 aba
379 3181 461 3253 sarpha
476 3183 562 3235 :odron
576 3181 693 3254 ἐγίγνετο·
710 3190 762 3245 πῶς
776 3185 805 3235 ἄν
818 3182 841 3235 oi
856 3183 918 3254 μετὰ
927 3189 1004 3237 ταῦτα
1018 3204 1096 3256 παρα-

326 3266 438 3336 δείγματι
449 3270 492 3318 aab
503 3265 631 3336 ὓπομένειν
645 3265 676 3319 τὰ
690 3266 722 3319 δι’
738 3265 857 3319 εὗσέθειαν
869 3266 972 3321 ἐπίπονα
985 3266 1098 3320 ἐδύναντο

325 3349 462 3420 χρήσασθαι
478 3347 574 3416 Ἰησοῦ,
593 3349 625 3420 μὴ
641 3351 741 3403 παθόντι
756 3348 799 3421 μὲν
815 3350 845 3403 τὰ
856 3348 1004 3421 ἀνθρώπινα,
1022 3351 1097 3421 μόνον

326 3430 351 3483 δὲ
366 3430 462 3493 δόξαντι
476 3434 630 3487 πεπονθέναι.

362 3515 378 3569 b
398 3518 482 3570 Comi.
495 3517 577 3571 itinn.
593 3517 625 3571 ti
638 3517 744 3571 Sirone.
770 3515 837 3570 Ἀλλ’
853 3515 893 3570 ἐπὶ
905 3517 947 3589 μὲν
962 3522 1005 3570 τοῦ
1020 3522 1099 3586 coap-

326 3617 367 3667 ρος
381 3598 409 3650 r‘o
423 3605 495 3669 σῶρα
513 3598 635 3661 ἀπαιτεῖν,
654 3600 686 3661 ὡς
699 3606 783 3670 σῶμα,
803 3599 846 3662 τὰς
864 3599 994 3671 ἀναγκαίας
1007 3600 1096 3673 beapt-

326 3681 379 3741 olag
394 3680 426 3741 εἰς
442 3680 572 3754 διαμονὴν,
588 3683 667 3753 γέλως
682 3684 710 3734 ἂν
726 3680 773 3749 εἴη,
791 3681 878 3755 ἔφαγεν
902 3682 949 3756 γὰρ
965 3683 992 3735 οὗ
1012 3683 1052 3736 διὰ
1068 3683 1097 3736 ab

326 3826 395 3876 nobie
409 3825 484 3885 dolet,
496 3829 541 3876 ete.
556 3826 584 3877 de
598 3826 682 3877 Christi
690 3838 758 3877 earne
772 3827 817 3878 diei
831 3828 971 3888 eoncedece3
994 3833 1096 3881 tantum·

325 3915 369 3966 qne
383 3901 518 3952 contendere
535 3902 595 3966 orroei
621 3901 727 3953 subnexis
753 3907 924 3967 premonstrata
944 3904 974 3953 sit
992 3918 1097 3969 perversa

325 3991 405 4029 sorum
428 3976 598 4041 argumentandi
623 3977 689 4040 ratio,
705 3978 743 4042 qui
770 3983 891 4043 assumptae
905 3979 981 4029 earnis
998 3980 1097 4029 infirmi-

324 4058 381 4103 tates
395 4054 418 4103 iu
432 4052 498 4103 Verbi
508 4053 643 4103 assumentis
657 4052 794 4103 divinitatem
805 4054 945 4117 rejicerent?
961 4054 1097 4105 llornmdem

324 4129 462 4194 sophismata
489 4142 578 4178 rursum
600 4128 624 4177 ia
646 4129 903 4189 Psol.nxv1u,nnm.
923 4130 954 4179 12
969 4129 1003 4179 sio
1017 4135 1093 4180 notat:

324 4204 427 4255 Christos
452 4204 494 4268 flet
525 4203 658 4265 interdum,
687 4207 711 4253 et
728 4204 874 4267 inpedierit,
906 4207 929 4253 et
958 4204 1036 4254 tristis
1060 4210 1097 4255 est

324 4283 457 4348 (seeundum
471 4282 592 4331 humanam
607 4288 708 4332 naturam
719 4280 744 4346 ι)
762 4286 786 4331 et
799 4281 825 4331 ta
840 4283 922 4345 ipsum
935 4282 968 4332 ed
985 4283 1095 4346 iufirmi-

325 4360 381 4409 tatir
395 4358 510 4409 tribuitur
520 4358 661 4423 cuempiam
676 4370 755 4408 eontra
768 4356 876 4409 divinam.

357 4434 415 4494 Quia
438 4447 490 4483 roro
504 4433 519 4482 ii
535 4433 577 4498 ipsi
605 4432 785 4497 perturbationes
815 4433 924 4483 trumauas
940 4433 962 4483 in
980 4433 1095 4486 Christum

323 4524 367 4561 nou
396 4522 502 4560 secusne
516 4507 539 4557 in
569 4522 611 4558 nos
630 4507 758 4570 incidisse,
783 4508 876 4572 ejusque
894 4507 1021 4559 dominatus
1045 4523 1094 4560 esse

321 4584 470 4649 iactitebant3
483 4583 647 4634 ostendendum
662 4584 683 4634 oi
697 4582 748 4645 init,
763 4583 876 4634 Christum
885 4582 918 4633 eis
927 4596 954 4632 er
963 4598 988 4634 se
1002 4584 1094 4636 mininie

324 4660 444 4712 obnoxium
457 4659 535 4721 tuisse,
550 4673 578 4709 ae
590 4662 746 4723 susceptorum
760 4658 915 4709 infirmitatum
928 4661 1094 4725 semperexsti-

325 4737 377 4787 tisse
390 4735 515 4785 dominum.
534 4734 635 4785 Primum
649 4734 802 4799 prestetisse
816 4734 916 4799 exposita
925 4735 1019 4797 originis
1033 4735 1094 4787 illius

325 4812 451 4871 sanctitate,
467 4810 561 4859 atterum
575 4814 650 4860 antem
664 4824 691 4859 er
710 4809 791 4860 astute
805 4813 919 4874 gestorum
937 4811 1092 4871 demonstrat3

325 4888 407 4953 qnippe
424 4884 505 4949 quibus
518 4884 619 4935 Christus
630 4899 719 4935 omnem
733 4899 747 4936 a
759 4899 785 4936 ss
808 4885 959 4937 infirmitatem
973 4900 1050 4938 accere
1068 4901 1092 4937 se

325 4962 424 5028 potuisse
434 4975 478 5011 non
492 4959 587 5010 obscure
600 4960 743 5025 significarit.

358 5039 434 5101 ltaque
448 5043 471 5084 ut
484 5038 529 5085 taur
546 5035 636 5098 longam
650 5036 824 5101 disputationem
846 5037 924 5102 paneis
939 5037 1092 5102 eomprehen-

324 5114 412 5171 damus,
441 5110 539 5160 hilarius
570 5115 647 5163 contra
675 5111 794 5164 haereticos
823 5112 1005 5178 disputassem
1025 5127 1091 5163 unam

324 5188 406 5240 Christi
432 5190 610 5248 ceterorumque
624 5185 738 5237 hominurn
767 5186 790 5237 in
814 5188 918 5253 passione
939 5188 1091 5238 conditionem

322 5263 392 5314 tuisse
415 5259 549 5321 sentiebant,
573 5259 714 5312 infirmitates
739 5261 801 5313 illius
816 5277 830 5312 a
844 5263 927 5313 nostris
949 5262 1090 5328 qiiadruptiei

323 5342 409 5393 ratione
423 5338 513 5389 ‹titterre
529 5338 633 5389 ostendit.
658 5338 745 5390 Nostra
766 5340 849 5406 quippe
870 5354 921 5391 eum
935 5340 980 5391 sint
993 5346 1088 5401 coacte,

351 5482 361 5524 l
375 5478 435 5522 liter.
449 5476 471 5519 in
485 5488 533 5531 cap.
547 5488 593 5525 ιιιι,
606 5479 657 5521 Ere.
672 5489 716 5520 rer.
728 5490 758 5521 rr.

827 296 1151 360 russotoetcuattnt
1183 299 1400 364 DOGMATUM

1146 461 1252 531 postea
1272 456 1415 518 nonnulli
1433 459 1498 519 sola
1517 459 1606 520 illum
1621 464 1730 541 speeie,
1755 470 1785 524 et
1806 464 1887 543 phan-

1146 552 1275 610 tasmate
1291 552 1466 630 apparuisse
1489 559 1647 632 putarunt.
1678 555 1817 635 Alioquin
1837 558 1888 637 ipse

1146 641 1269 720 penitus
1290 648 1356 703 erat
1382 644 1535 723 passionis
1571 664 1690 726 expers,
1722 648 1772 708 eui
1803 649 1890 711 nullus
1959 724 1960 737 γ

1147 732 1310 814 obreperet
1330 737 1481 816 passionis
1499 743 1612 815 motus,
1633 758 1734 819 neque
1755 741 1889 813 voluntas,
1959 748 1960 817 i

1147 841 1247 902 neque
1265 826 1388 886 tristitia
1401 824 1425 886 l.
1443 848 1455 883 ι
1474 827 1548 900 Quae
1564 829 1668 908 opinio
1686 830 1712 889 si
1730 830 1768 890 de
1781 830 1892 911 simplici
1959 866 1960 895 i

1147 914 1323 992 affectione,
1352 918 1544 999 minimeque
1564 921 1674 981 vitiosa
1711 920 1889 1002 intelligatur.

1147 1025 1274 1087 prorsus
1297 1010 1489 1089 explodenda
1510 1017 1565 1074 est.
1593 1014 1664 1073 Non
1689 1020 1769 1074 reete
1793 1021 1890 1089 autem,
1959 1010 1960 1085 ι

1148 1117 1205 1160 nee
1214 1100 1297 1161 hono
1318 1120 1410 1164 sensu
1425 1109 1605 1183 usurpatam
1624 1123 1691 1166 esse
1704 1105 1744 1165 ab
1757 1106 1892 1168 Clemente

1148 1193 1251 1271 arguit
1265 1194 1320 1254 illa
1344 1196 1434 1268 ratio,
1451 1214 1546 1276 quam
1560 1197 1699 1275 subjicit:
1716 1198 1756 1258 ob
1770 1200 1799 1259 id
1810 1199 1892 1261 solum

1148 1284 1216 1345 cibo
1231 1304 1322 1346 usum
1338 1306 1403 1348 esse
1417 1289 1588 1363 Christum3
1612 1308 1652 1351 ne
1666 1309 1733 1351 non
1755 1310 1825 1352 aera
1839 1312 1891 1353 sus

1148 1384 1236 1458 cepta
1250 1398 1333 1455 caro,
1349 1381 1403 1442 sed
1423 1400 1585 1462 apparens,
1604 1389 1634 1443 et
1648 1383 1826 1445 adumbrata
1846 1405 1892 1465 pu·

1148 1477 1277 1531 teretur.
1307 1473 1344 1534 Id
1372 1474 1455 1534 enim
1480 1474 1592 1535 salsum
1612 1493 1678 1536 esse
1703 1477 1893 1537 demonstrant

1149 1582 1218 1644 quae
1230 1564 1380 1625 haetenus
1395 1565 1539 1627 diximus.
1564 1570 1606 1629 Ae
1630 1587 1738 1629 revera
1760 1569 1892 1630 Christum

1148 1657 1289 1732 esurisse,
1306 1657 1414 1728 sitisse,
1438 1658 1581 1733 doluisse,
1597 1666 1629 1719 et
1648 1660 1723 1720 alias
1743 1661 1893 1722 affectiones

1148 1747 1222 1809 inse
1234 1747 1394 1829 recepisse,
1413 1751 1570 1812 catholicae
1591 1751 1665 1812 fidei
1687 1753 1892 1826 decretumst,

1148 1842 1232 1920 quod
1256 1842 1343 1901 utilia
1360 1860 1418 1902 nee
1436 1844 1630 1921 auctoritate,
1645 1862 1702 1905 nee
1718 1851 1892 1924 argrrmenta·

1147 1934 1232 1994 tione
1244 1933 1398 1993 sollicitari
1413 1934 1505 1995 debet
1514 1936 1537 1995 *.

1188 2027 1302 2086 Eadem
1316 2044 1444 2087 censura
1455 2029 1629 2089 notandum
1641 2035 1697 2103 est,
1707 2031 1791 2109 qnod
1800 2030 1893 2090 Velen-

1148 2118 1232 2179 tinus
1247 2119 1627 2192 hereticusasserebatnt
1640 2140 1679 2182 ex
1693 2123 1762 2200 ejus
1778 2122 1892 2201 adaga-
1928 2116 1931 2129 '

1147 2211 1316 2289 thopodem
1338 2211 1467 2289 epistola
1484 2212 1578 2273 refert
1591 2214 1674 2274 idem
1688 2215 1894 2274 Alexandrinus
1935 2242 1941 2261 .

1147 2300 1306 2376 Clemens;
1320 2319 1418 2379 usque
1433 2320 1470 2360 eo
1485 2307 1711 2381 temperantem
1725 2304 1813 2364 inisse
1825 2304 1893 2363 Chri·
1960 2308 1961 2363 ἒ

1147 2397 1241 2465 stum,
1259 2397 1291 2451 ut
1310 2417 1323 2444 ι
1342 2393 1488 2471 peruliari
1509 2394 1643 2472 quodam
1667 2396 1761 2455 modo
1784 2395 1893 2456 mandu-
1960 2430 1961 2465 ι

1148 2490 1241 2559 caret,
1257 2502 1292 2543 ae
1306 2484 1434 2556 biberet,
1452 2503 1509 2545 noo
1522 2492 1688 2564 regeneret.
1709 2489 1807 2548 Taitta
1822 2487 1894 2547 risio

1150 2595 1186 2637 eo
1201 2575 1401 2636 continentiae
1415 2576 1485 2651 fuit,
1501 2582 1536 2636 ut
1551 2578 1584 2637 in
1605 2597 1643 2639 eo
1661 2597 1727 2639 non
1743 2597 1896 2657 eoruimpe

1148 2675 1233 2729 retur
1242 2667 1425 2728 alimentum
1438 2687 1446 2743 ;
1458 2669 1582 2747 quando
1592 2688 1650 2730 nee
1659 2671 1724 2749 ipse
1734 2670 1894 2748 corruptele

1149 2780 1243 2840 capax
1258 2766 1351 2821 erat‘.
1369 2781 1385 2816 n
1401 2760 1515 2820 Similis
1528 2760 1601 2821 huie
1615 2780 1703 2822 error
1714 2763 1748 2822 in
1758 2763 1896 2823 Theodoro

1149 2854 1312 2915 Pharanita
1330 2853 1610 2915 bionothelctarum
1633 2856 1775 2936 principe
1787 2855 1823 2915 ab
1836 2855 1897 2915 blar-
1960 2908 1961 2911 ,

1148 3024 1231 3089 σῶμα,
1247 3017 1347 3089 δυνάμει
1363 3017 1527 3090 συνεχόμενον
1541 3016 1608 3088 ἁγία,
1618 3015 1676 3070 ἀλλ’
1687 3017 1719 3080 ὡς
1730 3017 1763 3089 pi,
1775 3018 1826 3081 τινος
1834 3018 1898 3071 satir

1148 3120 1191 3164 τας
1203 3101 1286 3162 ἄλλως
1299 3102 1354 3173 περὶ
1371 3099 1443 3153 atreo
1458 3103 1554 3172 φρονεῖν
1569 3100 1716 3154 testamen.
1736 3103 1815 3172 ὥσπερ
1831 3100 1897 3171 ipris

1147 3183 1246 3257 ὕστερον
1270 3187 1367 3252 δοκήσει
1396 3183 1458 3245 τινὲς
1479 3183 1552 3237 αὑτὸν
1577 3186 1763 3255 πεφανερῶσθαι
1785 3183 1895 3237 θσὶιιίον.

1148 3266 1220 3329 abab<
1234 3268 1260 3322 δὲ
1270 3266 1418 3329 ἁπαξαπλῶς
1429 3265 1521 3333 ἀπαθὴς
1532 3264 1571 3334 ἦν·
1588 3267 1622 3329 εἰς
1629 3269 1657 3320 ὃν
1668 3267 1738 3321 etate
1751 3267 1897 3340 παρειαθθιιιι

1146 3350 1236 3422 κίνημα
1250 3351 1390 3418 παθητικὸν,
1406 3348 1461 3404 οὕτε
1475 3349 1561 3418 ἡδονὴ,
1578 3349 1635 3409 οὔτε
1647 3350 1721 3418 utar,

1183 3450 1198 3489 o·
1217 3437 1301 3489 Gutta.
1320 3435 1354 3490 ΙΙΙ
1384 3436 1526 3489 Strotttal.
1546 3431 1669 3498 '‘llotlcss,
1687 3436 1730 3486 καὶ
1747 3436 1822 3487 ἔπινεν
1836 3429 1896 3491 aba.
1961 3468 1962 3489 ι

1147 3516 1329 3580 οὖκάποδιδοὶνς
1342 3518 1373 3571 τὰ
1388 3519 1515 3590 βρώματα.
1530 3518 1637 3584 rosarias,
1653 3514 1683 3585 ἦν
1698 3517 1766 3589 αὑτῷ
1780 3517 1897 3588 ἐγκρατείας
1961 3528 1962 3571 Τ

1147 3600 1257 3672 δύναμις,
1273 3604 1337 3655 ὥστε
1358 3601 1398 3653 καὶ
1420 3600 1453 3670 μὴ
1482 3604 1599 3672 φθαρῆναι
1620 3600 1664 3668 τὴν
1687 3600 1779 3672 τρορὴν
1797 3598 1895 3669 halab·
1961 3662 1962 3665 ρ

1147 3680 1199 3737 tra
1213 3685 1241 3737 τὸ
1252 3685 1388 3757 φθείρεσθαι
1403 3683 1476 3746 ababa
1489 3682 1534 3737 ocia
1549 3677 1626 3757 εἶχεν.
1961 3678 1962 3687 ²

1146 3848 1173 3884 ex
1186 3831 1266 3883 mento
1280 3836 1357 3882 nostro
1370 3844 1412 3881 nos
1425 3829 1532 3891 afficiant,
1548 3829 1617 3880 nostri
1632 3829 1784 3889 dominentur.
1798 3827 1897 3894 neceni

1145 3922 1212 3974 qriain
1227 3907 1250 3957 in
1274 3906 1339 3958 nobis
1361 3905 1403 3968 sit,
1418 3905 1478 3971 qciott
1492 3920 1536 3956 non
1566 3904 1599 3954 eis
1622 3905 1755 3969 subjaceat,
1778 3905 1897 3956 demonstat

1145 3983 1286 4034 infirmitates
1310 3981 1391 4033 Christi
1415 3995 1464 4031 esse
1491 3980 1638 4041 uoluntarias,
1653 3986 1676 4029 et
1695 3986 1896 4046 properassent

1146 4062 1238 4125 propter
1255 4072 1279 4107 se
1293 4056 1321 4107 ab
1335 4071 1362 4108 eo
1375 4062 1502 4122 susceptas,
1517 4055 1545 4105 acl
1561 4060 1639 4105 nutum
1660 4054 1722 4105 illius
1735 4056 1896 4117 voluntatemque
1961 4070 1962 4121 γ

1146 4138 1281 4199 temperatas
1297 4146 1355 4191 eae,
1371 4146 1443 4197 neque
1467 4135 1633 4182 annotarem
1650 4145 1717 4194 quarn
1732 4136 1814 4182 aterna
1827 4128 1896 4180 utici·
1961 4130 1962 4161 ι

1146 4209 1289 4270 lambebat,
1307 4210 1346 4260 sed
1360 4221 1410 4258 eam
1424 4212 1508 4258 tantum
1532 4220 1598 4271 nciam
1614 4221 1641 4257 ex
1658 4208 1793 4272 temporaria
1805 4218 1896 4270 assum

1145 4285 1205 4335 tione
1219 4284 1327 4350 suscepit,
1342 4283 1460 4348 attingere.
1476 4281 1510 4332 tt
1524 4281 1574 4333 hee
1588 4286 1683 4347 qnduor
1697 4282 1778 4333 Christi
1795 4280 1896 4345 pantesia

1145 4361 1278 4411 uindicanda
1290 4364 1417 4421 revocatur,
1432 4356 1539 4424 quidquid
1554 4357 1653 4408 Hilarius
1668 4360 1696 4407 rte
1710 4356 1895 4409 Serratorisnostn'

1145 4437 1249 4502 passione
1263 4435 1374 4487 edisserit.
1743 4434 1767 4485 t.
1786 4436 1813 4484 Α.
1830 4433 1852 4483 Z.

1180 4510 1187 4526 ⁶
1204 4512 1259 4563 lieo
1272 4510 1394 4563 Clementis
1408 4509 1483 4575 opinio
1511 4524 1556 4560 nou
1570 4524 1583 4560 a
1597 4508 1682 4560 balteo
1698 4510 1769 4559 solnm
1789 4506 1896 4573 repimus·

1144 4586 1213 4649 ditur,
1233 4588 1273 4638 sed
1300 4585 1394 4637 etiama
1422 4585 1513 4636 Boileau
1528 4586 1592 4635 Dias.
1622 4584 1651 4635 ris
1679 4581 1895 4648 Seniauchus

1144 4675 1166 4713 e.
1182 4674 1212 4716 ιιι
1226 4667 1248 4714 et
1261 4663 1289 4713 P.
1309 4662 1396 4726 Nouus
1410 4661 1432 4711 in
1449 4676 1506 4726 epp.
1523 4661 1555 4710 acl
1568 4660 1684 4711 Bibliotb.
1700 4660 1766 4710 llas.
1781 4657 1828 4711 SS.
1849 4657 1892 4708 ΡΡ.

1143 4735 1228 4789 Carens
1242 4743 1316 4789 umen
1330 4738 1352 4788 iu
1368 4737 1413 4801 Ep.
1428 4735 1500 4802 Apol.
1516 4751 1539 4802 p.
1557 4736 1598 4787 50.
1614 4735 1701 4788 Natalis
1715 4734 1837 4786 Alexander
1847 4746 1892 4782 sae.

1143 4811 1173 4875 θ,
1188 4812 1244 4864 diss.
1259 4824 1307 4865 νιιι
1321 4817 1344 4864 et
1356 4827 1383 4862 er
1400 4812 1445 4862 illis
1459 4813 1554 4863 Zorntus
1568 4812 1591 4862 in
1611 4810 1837 4865 veneraturum
1840 4846 1891 4859 ......

1143 4890 1259 4954 oppositis
1274 4890 1331 4941 lob.
1341 4889 1435 4939 Dottcw
1445 4892 1501 4939 tom.
1519 4887 1529 4937 1
1541 4885 1629 4952 Opuso.
1640 4901 1734 4938 aaaron
1748 4902 1770 4952 p.
1786 4885 1892 4936 θθθίθεσ

1143 4968 1259 5016 excusant.
1284 4964 1379 5024 Quando
1395 4964 1454 5014 euim
1469 4962 1582 5015 Christum
1596 4964 1670 5014 omnis
1686 4962 1813 5031 κινήματος
1825 4959 1891 5024 παθη·

1141 5044 1219 5102 aizoi,
1235 5041 1364 5107 voluptatis,
1380 5044 1402 5090 et
1414 5039 1530 5091 doloribus
1543 5038 1631 5104 penitus
1649 5047 1758 5105 expertein
1767 5039 1890 5097 missetat,

1141 5120 1246 5184 inteiligit
1259 5118 1363 5170 Clemens
1385 5115 1479 5166 effeetus
1493 5113 1528 5165 rel
1542 5114 1647 5177 originali
1666 5117 1700 5165 vel
1721 5116 1797 5167 artmli
1810 5119 1890 5181 peecata

1142 5196 1314 5247 eonuminatos.
1330 5191 1412 5244 Costa
1422 5190 1523 5243 Gratiam
1538 5190 1570 5240 cui
1584 5190 1641 5241 Lao.
1662 5192 1752 5316 ars,l¹³
1775 5266 1794 5315 Α
1821 5264 1836 5313 z
