3936 6146
314 337 374 397 326
819 334 1144 399 Tunouoolaouutt
1164 332 1382 397 DOGMATUM
1941 376 1942 419 3

1941 422 1942 459 i

316 499 397 567 beat,
414 499 497 560 Deus
520 505 626 562 autem
645 498 784 563 Verbum
805 516 877 560 earo
900 499 1017 560 iactum
1032 498 1083 575 sit,
1135 499 1186 559 oui
1200 499 1351 561 Martinus
1374 496 1543 578 prefuit·
1565 498 1646 561 Nam
1665 498 1692 557 ai
1705 498 1878 578 impetamus
1941 508 1942 555 3

316 590 717 653 animatarevararationali
726 596 758 651 et
766 590 957 668 intelligente
966 591 1082 667 anima3
1135 596 1233 665 easet3
1245 592 1336 669 juxta
1350 607 1475 653 sensum
1488 591 1878 668 monadorumindiviu,

314 683 412 761 igitur
425 686 579 762 quatenus
593 683 700 758 bomo,
726 682 809 743 idem
826 682 1016 742 substantiva
1029 700 1084 742 νο·
1136 688 1166 743 et
1178 684 1318 743 humana
1330 683 1396 761 ejus
1409 681 1544 743 naturali
1567 682 1880 762 voluntataetopera·
1941 680 1942 763 ζ

314 774 399 836 leudi
413 779 594 854 potestatem
607 773 716 835 habuit
729 783 786 833 (πο
1134 775 1230 851 tione,
1246 774 1397 854 perfectus
1415 791 1480 835 uon
1503 779 1582 835 asaei
1602 775 1693 849 Deus,
1712 790 1808 852 noque
1823 792 1881 853 per·
1941 780 1942 841 ξ

357 865 408 925 Sia
421 866 456 925 in
471 865 634 927 Collatione
647 884 713 925 rum
727 861 922 943 Principibus
936 862 968 921 in
981 860 1084 922 Serre·
1134 864 1231 926 tentus
1244 866 1429 927 idembomo
1446 884 1453 927 ι
1470 865 1569 943 magis
1589 871 1694 926 autam
1712 883 1768 927 nee
1778 865 1883 945 penitus
1941 860 1942 905 t

317 957 396 1018 torio
410 956 528 1030 habita,
545 975 612 1036 qum
626 962 672 1017 est
686 957 767 1016 inter
776 952 928 1017 anuusii
943 951 1086 1013 Collecti·
1136 959 1228 1032 Deus,
1244 976 1302 1019 neo
1312 958 1409 1019 homo
1421 957 1577 1018 existerat
1593 974 1610 1015 ι

316 1067 393 1108 nea:
412 1050 499 1109 «Per
514 1054 611 1109 totam
634 1066 708 1126 ergo
727 1052 867 1107 sanctam
883 1044 1083 1123 Scripturam,
1177 1049 1257 1110 Hine
1268 1055 1350 1111 reete
1361 1049 1514 1113 Maximus
1533 1047 1737 1127 Aquileiensis
1749 1046 1781 1108 in
1792 1047 1884 1108 eadem

318 1139 418 1218 inquit
446 1140 531 1200 idem
558 1139 725 1203 Maximus.
752 1142 817 1198 tam
845 1135 959 1197 scilieet
985 1140 1084 1206 vetus,
1137 1138 1290 1219 synodo³,
1312 1140 1367 1219 qui
1387 1140 1579 1201 voluntatem
1598 1137 1884 1203 hunamnchriru
1941 1158 1942 1229 γ

318 1248 543 1308 quamnovum
564 1234 799 1304 testamentum,
815 1231 997 1305 sanctosque
1011 1226 1087 1286 doo-
1137 1231 1315 1307 detrahunt,
1335 1248 1388 1292 eoa
1407 1231 1540 1293 affirmat
1553 1237 1719 1293 «sanatam
1740 1229 1884 1294 insieme
1941 1234 1942 1325 γ

318 1329 412 1397 tores,
435 1340 471 1382 aa
495 1323 641 1401 synodos,
662 1321 829 1381 edocemur
855 1316 1034 1391 voluntatis,
1057 1322 1088 1379 et
1137 1341 1267 1385 oensem
1278 1340 1423 1402 respuere
1431 1324 1596 1403 synodum,
1605 1326 1885 1401 omnesquesanetos
1941 1330 1942 1403 γ

319 1413 624 1497 operationistamin
638 1412 811 1484 divinitate,
825 1408 967 1488 quamin
976 1408 1087 1470 buma-
1138 1415 1378 1476 advenerabiles
1403 1416 1505 1477 Patres
1521 1435 1560 1477 :a
1591 1414 1706 1494 quippe
1726 1414 1765 1474 da
1785 1412 1885 1475 Christo
1941 1418 1942 1499 γ

319 1506 430 1581 nitate,
446 1505 642 1569 incarnatum
666 1506 765 1564 Deum
785 1519 851 1562 esse
874 1518 1028 1580 rapacem.
1053 1502 1088 1565 111
1138 1505 1180 1569 ita
1194 1506 1335 1567 statuisse
1349 1506 1507 1586 synodum
1527 1506 1625 1576 illam,
1646 1522 1711 1565 sex
1725 1503 1838 1564 duabus
1848 1502 1885 1581 ip·
1941 1512 1942 1599 γ

319 1597 406 1658 nullo
419 1596 635 1672 enimeorum,
651 1595 763 1674 quibus
777 1598 812 1653 ut
830 1593 1026 1669 Deussoitur,
1040 1592 1090 1655 vel
1139 1615 1210 1657 sum
1223 1596 1352 1665 naturis,
1377 1597 1443 1657 sine
1462 1596 1526 1657 ulla
1547 1596 1708 1671 divisione,
1730 1595 1780 1659 vei
1797 1593 1886 1655 aoniu-
1941 1602 1942 1659 i

319 1706 439 1764 eorum,
456 1689 615 1767 quibusut
629 1687 722 1749 homo
738 1685 942 1761 cognoscitur,
963 1693 1089 1764 excepto
1139 1688 1225 1772 aione
1260 1694 1414 1766 donatam,
1450 1694 1557 1768 utpote
1589 1704 1662 1749 aum
1696 1686 1783 1747 nullo
1811 1685 1886 1745 modo

320 1780 473 1841 duntaxat
489 1784 624 1857 peceato,
640 1785 686 1839 eat
707 1776 916 1857 imperfectus.
932 1777 965 1837 Si
985 1782 1090 1839 autem
1139 1786 1323 1843 naturarum
1339 1779 1532 1843 differentia
1569 1783 1695 1859 propter
1734 1777 1888 1841 unitionem

320 1873 475 1952 perfectus
499 1878 544 1932 est
568 1871 601 1931 in
630 1875 771 1948 utroque,
788 1868 866 1929 siout
887 1868 921 1926 iu
946 1867 1033 1928 nullo
1052 1885 1091 1931 ex
1140 1876 1339 1954 amputatum
1371 1873 1426 1933 sed
1458 1873 1560 1951 potius
1593 1872 1756 1950 utriusqus
1788 1873 1888 1929 natura

320 1963 472 2025 ambobus
499 1968 545 2024 ast
574 1963 766 2036 minoratus3
800 1958 961 2023 manifeste
987 1963 1090 2020 totum
1142 1963 1313 2044 proprietas
1325 1962 1514 2025 servaturi.»
1532 1964 1651 2041 Exquo
1664 1962 1889 2041 aequitureeon·

319 2056 416 2136 ipsius
428 2055 582 2117 adulterat
593 2059 819 2115 sacramentum
833 2097 841 2120 ,
855 2051 986 2130 quinon
997 2051 1091 2111 eonfi-
1143 2056 1249 2131 trario,
1264 2057 1291 2117 si
1304 2055 1476 2136 proprietas
1487 2061 1607 2115 naturae
1626 2054 1755 2129 tollitur,
1767 2059 1889 2113 naturam

319 2154 403 2208 tetur
425 2166 498 2209 eum
521 2165 597 2219 esse,
613 2147 696 2225 quod
715 2151 771 2217 est,
797 2160 870 2204 oum
892 2142 1090 2205 existentibus
1142 2149 1241 2228 ipsam
1254 2166 1318 2209 nou
1333 2146 1466 2226 amplius
1478 2147 1618 2213 exuere.

322 2239 381 2299 sibi
395 2239 540 2299 omnibus
553 2234 1092 2325 naturalibusidiomatibus,exqui·
1183 2239 1406 2303 Couatantinus
1428 2238 1504 2299 item
1526 2238 1696 2316 imperator
1723 2236 1758 2297 iu
1784 2232 1888 2305 Edicto,

321 2330 391 2406 bus,
407 2331 485 2391 etin
499 2331 669 2410 quibus,et
686 2347 757 2408 quae
772 2344 836 2387 esse
849 2325 1036 2403 probatura
1142 2331 1225 2411 quod
1249 2336 1334 2395 sexta
1355 2329 1494 2409 synodus
1516 2329 1709 2408 approbavit,
1733 2345 1773 2388 ax
1791 2325 1890 2387 duabus

362 2423 426 2483 ΧΠ.
450 2424 497 2483 lta
507 2422 658 2484 Martinus
669 2422 751 2500 Papa
769 2422 803 2481 in
817 2419 946 2501 epistola
964 2416 1004 2477 od
1016 2417 1091 2480 Cou-
1143 2422 1273 2495 naturis,
1289 2426 1320 2483 et
1332 2439 1441 2483 aarum
1455 2421 1640 2497 integritate,
1659 2437 1696 2479 aa
1711 2418 1889 2498 perieotione,

322 2518 448 2575 stantem
469 2512 684 2593 Imperatorem
697 2510 883 2586 ¹,doaeteos
904 2527 1021 2582 omnes,
1039 2509 1092 2588 qui
1144 2532 1208 2576 non
1234 2532 1321 2575 saeua
1347 2515 1425 2575 duas
1453 2514 1553 2574 inesse
1579 2504 1757 2573 voluntates
1783 2508 1888 2586 oolliqit.

323 2622 420 2665 unam
442 2611 565 2667 tantum
587 2604 779 2665 voluntatem
798 2603 919 2663 Christo
938 2599 1091 2675 tribuunt,
1147 2608 1329 2667 «Humanae
1340 2605 1548 2687 perfeetionis,
1560 2604 1674 2684 inquit,
1690 2603 1835 2665 indicium
1845 2604 1890 2671 ast,

328 2719 343 2754 u
357 2698 499 2759 omnium
512 2702 581 2758 tum
595 2702 772 2757 sanatorum
783 2696 995 2769 Petronium
1004 2711 1092 2753 oeou-
1143 2717 1243 2773 mans‚
1258 2716 1320 2776 qua
1333 2704 1365 2758 at
1376 2697 1533 2773 volumus,
1548 2703 1578 2757 at
1589 2696 1819 2767 ratiocinamur,
1828 2688 1891 2753 etab

325 2789 519 2850 meniaorum
540 2788 678 2868 quinque
702 2786 906 2848 coneiliorum
934 2784 1092 2846 delinitio·
1143 2791 1263 2851 ratione
1276 2789 1453 2851 ementibus
1471 2787 1683 2851 animantibus
1696 2786 1890 2847 dissernimus.

323 2898 379 2941 nes
410 2886 564 2953 evertere,
590 2898 660 2959 quaa
696 2898 751 2959 per
785 2877 890 2941 omnia
924 2875 1093 2955 perfeetum
1142 2882 1227 2942 Nihil
1248 2883 1334 2943 enim
1352 2880 1467 2942 mentis
1490 2898 1598 2957 expers
1621 2879 1749 2940 volendi
1768 2875 1892 2938 iaeultata

323 2972 470 3033 eumdem
483 2971 700 3046 indivinitate,
716 2968 792 3031 etin
811 2967 1005 3029 humanitate
1018 2986 1092 3047 per·
1142 2974 1307 3054 proeditum
1318 2979 1374 3035 eat.
1390 2972 1543 3050 Quidquid
1558 2976 1664 3035 autem
1683 2969 1805 3030 volendi
1817 2965 1893 3031 faru-

323 3060 1092 3143 ieotumpredicaverunt,tantrsmabsquepe'eoato.
1144 3072 1237 3131 tarem
1246 3066 1350 3138 habet,
1366 3064 1460 3127 etiam
1479 3064 1574 3127 habet
1586 3062 1791 3138 intelligendi.
1809 3061 1893 3132 Quare

323 3158 403 3217 Nam
413 3156 446 3215 iu
455 3160 581 3235 peceato
594 3161 716 3215 naturae
740 3152 886 3234 perieetio
899 3169 963 3211 non
974 3150 1094 3230 eonspi·
1144 3159 1170 3219 ai
1184 3158 1336 3237 perfectus
1346 3157 1441 3221 homo
1452 3154 1670 3229 subsilenter,
1681 3154 1715 3213 in
1728 3151 1893 3232 patierisne

323 3248 425 3322 aitur3
441 3248 494 3307 sed
517 3246 629 3307 vitium
654 3244 831 3324 agnoscitur
854 3248 967 3303 nostrae
991 3248 1091 3305 traua*
1143 3251 1247 3315 divina
1262 3265 1473 3329 perseverans,
1487 3264 1590 3326 neque
1613 3250 1732 3319 mente,
1748 3258 1894 3322 οοιγοονο

322 3339 502 3418 gressionis.
517 3338 607 3405 Quod
621 3339 644 3396 si
656 3336 809 3417 perfectus
818 3340 875 3407 est,
895 3334 1094 3399 estvidelioet
1143 3343 1262 3405 luntaie
1276 3340 1397 3402 samita
1414 3358 1430 3397 ο

322 3430 476 3510 perfectus
490 3429 662 3493 seeundum
683 3428 822 3489 divinam
844 3427 1047 3503 voluntatem,
1063 3430 1094 3491 et

323 3523 550 3603 operationem
566 3519 831 3600 quemadmodum
845 3523 877 3578 et
894 3518 985 3596 juxta
1005 3522 1094 3581 natu·

324 3632 392 3675 ram
404 3613 545 3693 principii
560 3617 738 3691 expertem,
756 3617 848 3690 atque
861 3610 1094 3671 increatamret
1675 3650 1681 3657 .

325 3701 1092 3782 seeundumhumanamquoquetumvoluutatem,

325 3804 394 3859 tum
409 3796 620 3876 operationem
634 3816 642 3869 ;
658 3798 695 3855 ut
712 3799 743 3854 et
765 3792 935 3855 meandum
949 3798 1094 3859 naturam

325 3893 472 3965 creatam,
488 3893 519 3947 et
530 3905 601 3966 quse
614 3885 804 3966 principium
818 3884 936 3945 habuit.
949 3884 1008 3957 Qui
1021 3898 1094 3943 vero

324 3980 358 4040 in
381 3980 485 4061 aliquo
510 3996 584 4041 eum
610 3978 779 4052 imminuit,
798 3976 961 4036 manifeste
985 3975 1095 4037 evertit

325 4071 452 4152 persenti
471 4072 635 4146 rationem,
655 4088 725 4130 eam
745 4067 880 4147 aonspiei
900 4066 1094 4128 nullomodo
1941 4066 1942 4071 ’

324 4164 518 4245 permittens,
534 4167 662 4243 propter
676 4161 753 4239 ejus,
777 4158 862 4238 quod
881 4163 1000 4223 naturae
1017 4176 1094 4221 eon*

324 4256 411 4317 venit
425 4255 617 4317 deiectumo

365 4347 481 4410 Eodem
504 4350 689 4427 argumento
709 4342 933 4406 Monotheletas
954 4341 1092 4405 confutat

325 4439 502 4517 Stephanus
515 4438 658 4505 Dareusia
681 4436 714 4506 in
727 4434 924 4503 Lateranenai
934 4432 1089 4506 eoncilio',
1941 4498 1942 4523 γ

361 4658 383 4698 ιι
402 4642 505 4701 Mauras.
521 4640 551 4695 Ei
564 4633 606 4692 obe
620 4637 885 4710 ιατλρόοινπρόοτοτι
898 4639 950 4700 τοῖς
968 4596 1091 4707 νοιροῑςὴ
1142 4639 1192 4688 τῶν
1206 4634 1429 4705 ρόοιοινδιαρορᾶς
1438 4632 1599 4705 ἀνῃρημένης,
1613 4629 1818 4700 beidaima·
1831 4626 1896 4687 sui*
1941 4624 1942 4685 i

326 4725 477 4787 αιίτιξοόοιος
490 4724 593 4793 κίνησις,
602 4722 650 4794 ἄρα
660 4724 708 4775 πᾶν
722 4721 819 4790 νοερόν,
829 4720 869 4772 καὶ
880 4719 947 4791 φύσει
956 4719 1091 4786 ότλητικόν,
1145 4718 1218 4788 μένης
1229 4716 1255 4770 δὲ
1270 4717 1366 4788 μᾶλλον
1377 4720 1420 4782 τῆς
1435 4714 1556 4782 ἰδιότητος
1569 4713 1684 4785 ἑκατέρας
1694 4714 1798 4784 piosque.

324 4808 420 4875 θέλησιν
435 4807 483 4879 γὰρ
496 4808 526 4860 τό
537 4804 690 4867 αὖτεξοόοιον
705 4804 719 4857 ό
735 4803 853 4875 μαιόριος
863 4801 1005 4874 Διαδοχοςό
1018 4819 1093 4871 ρωτι·
1179 4816 1194 4855 c
1212 4801 1364 4857 Censetur.
1380 4799 1410 4856 in
1435 4804 1491 4857 aot.
1512 4812 1580 4855 xvul
1600 4812 1661 4853 sex.
1682 4796 1782 4867 synod.
1805 4792 1895 4863 ‘iupa

324 4893 371 4961 γῆς
385 4888 494 4959 όνρίοοιτο
504 4883 576 4941 εἶναι.
592 4886 614 4941 εἰ
627 4886 654 4940 bi
667 4890 715 4940 πᾶν
727 4885 811 4958 νοερόν
824 4885 865 4937 κοιλ
879 4884 947 4956 pieri
956 4884 1091 4952 θελητικόν.
1142 4883 1211 4950 πίνης
1227 4882 1253 4936 δὲ
1267 4884 1420 4950 τελειότητος
1441 4879 1538 4943 ἔνδειξις
1558 4886 1624 4949 νοῦς,
1640 4879 1694 4933 καθ’
1707 4880 1736 4935 όν
1750 4878 1791 4931 καλ
1809 4872 1894 4945 sumu

324 4972 410 5042 γέγονε
419 4970 469 5023 bib
483 4971 534 5033 θεός
544 4971 620 5042 λόγος
629 4968 698 5042 σὰρξ,
710 4967 807 5037 ἀληθῶς
817 4968 923 5040 λογικῶς
933 4984 970 5032 τε,
984 4965 1026 5018 aab
1040 4984 1094 5018 νοε-
1143 4984 1179 5029 τε,
1193 4965 1234 5018 uni
1246 4965 1404 5039 λογιζόμεθα,
1419 4963 1458 5017 καὶ
1472 4970 1522 5017 τῶν
1539 4963 1636 5035 ἀλόγων
1649 4962 1720 5025 ζώων
1731 4956 1893 5033 sineretque·

324 5059 373 5124 ριῖις
387 5051 542 5125 ἔψυγωμένη,
559 5052 606 5125 ἄρα
626 5053 667 5105 καὶ
681 5048 735 5103 καθ’
754 5050 768 5104 ό
783 5049 917 5123 ἅνθρωπος,
939 5048 1065 5109 eboraici<
1079 5047 1093 5100 ό
1143 5046 1198 5101 obet
1210 5047 1257 5119 γὰρ
1268 5047 1341 5100 ἄνουν
1355 5046 1494 5115 θελητιιόνὶ
1502 5050 1551 5100 πᾶν
1565 5046 1591 5099 δὲ
1605 5044 1731 5113 θελητιιιόν
1746 5043 1837 5115 νοερόν.
1846 5040 1895 5091 tae

324 5135 397 5197 οὗτος
410 5133 440 5204 ἦν
454 5135 588 5202 ότλητοιός,
1142 5129 1190 5204 γὰρ
1204 5135 1269 5196 νοῦς,
1280 5127 1333 5183 ixei
1342 5131 1433 5191 πόντος
1446 5129 1487 5182 κοιλ
1504 5129 1609 5196 θέληοις.
1622 5124 1644 5180 si
1653 5120 1696 5180 oin
1711 5126 1802 5185 τέλειος
1810 5122 1894 5193 γέγονε*

361 5218 377 5273 ὁ
397 5218 527 5274 Cilaloed.
544 5217 644 5274 concil.
660 5223 715 5272 aei.
732 5232 759 5271 v.
784 5214 832 5269 Ἐκ
852 5216 895 5268 oto
908 5215 1002 5286 ρόοεων
1019 5212 1093 5285 ἆοογ-
1143 5212 1274 5285 όοωτὴρ,
1296 5210 1320 5264 ἔν
1337 5216 1368 5286 τῇ
1384 5212 1519 5282 τελειότιγτι
1541 5210 1668 5285 uslausei,
1688 5209 1772 5281 όεῖιιῇ,
1784 5203 1836 5258 οὔτε
1851 5200 1895 5254 iii·

323 5302 415 5373 χότως,
439 5299 572 5373 ἀτρέπτως,
602 5300 752 5372 όδιοιιρέτως,
777 5300 955 5371 χωριζόμενον·
984 5296 1092 5369 οὐδαμοῦ
1143 5296 1218 5363 λητος
1232 5292 1272 5363 ἦν.

1941 5854 1942 5899 i

1941 6062 1942 6111 i

351 5470 359 5514 t
375 5469 436 5514 burt.
450 5468 516 5523 rupa.
530 5478 566 5519 ru,
578 5467 628 5511 sido
638 5472 659 5512 at
669 5465 691 5509 tu
703 5464 802 5511 Lataran.
814 5475 876 5513 οοοο,
886 5470 963 5509 seems
976 5475 992 5508 ι.
1002 5462 1053 5507 -i
1067 5463 1140 5507 Later.
1155 5464 1206 5518 syo.
1219 5467 1296 5507 sacret,
1309 5472 1334 5506 ιι.
1346 5483 1374 5494 -
1384 5460 1487 5507 saura.
1502 5472 1517 5503 ι.
