3936 6152
328 322 388 382 490

329 488 481 552 excitavit.
498 491 613 552 Eodem
625 493 720 554 modo
732 493 956 564 Theodorctus,
972 501 1003 556 et
1016 496 1094 556 Pho·

328 582 390 641 tius
403 582 486 661 apud
501 583 735 657 OEcumeuium,
751 587 1014 667 Theophylactus,
1030 588 1095 648 alil·

329 692 390 754 que
412 676 596 755 complures,
619 678 758 757 Apostoli
781 680 884 740 locum
905 680 994 740 illum
1015 680 1093 741 acet-

328 768 429 847 piunt.

370 859 424 919 Ill.
447 860 501 918 Est
511 864 617 920 autem
632 859 665 921 in
677 863 796 939 Greco,
812 863 918 942 etjam
931 864 1006 939 dixi,
1023 882 1094 942 par-

330 951 470 1029 ticipium
484 959 633 1030 ὁρισθέντος.
646 953 707 1015 Sed
724 955 890 1017 verisimile
914 963 960 1016 est
971 958 1004 1016 in
1025 956 1095 1034 qui·

329 1043 461 1104 busdam
481 1044 711 1123 exemplaribus
732 1047 806 1107 olim
833 1048 981 1127 scriptum
1004 1048 1097 1110 hrissa

329 1143 526 1215 προορισθὸνιος.
553 1137 641 1198 Certe
666 1138 774 1199 trenaet
796 1141 921 1200 Latinius
945 1141 1098 1219 interpres

330 1229 372 1288 ita
380 1228 489 1305 legisse
499 1229 531 1288 in
543 1231 650 1289 Graeco
663 1232 771 1292 lrenvei
782 1231 803 1306 Ι;
817 1232 932 1311 quippe
945 1231 1099 1313 predesti-

331 1331 434 1380 natam
458 1320 501 1380 ibi
532 1322 645 1401 posuit.
673 1324 710 1385 Et
734 1325 895 1386 Marcellus
917 1327 1099 1404 Ancyranus

331 1422 517 1494 προοριοθὸνιος
529 1414 669 1475 similiter
681 1416 846 1495 expressit;
862 1434 957 1495 quam
972 1417 1012 1476 ob
1026 1436 1099 1477 rau·

332 1524 398 1567 sam
412 1506 452 1567 ab
467 1506 599 1567 Eusebio
610 1509 746 1587 vapulat,
763 1510 982 1569 etadulteratae
997 1510 1098 1590 Scrip-

331 1605 410 1659 turae
432 1600 548 1659 crimen
572 1600 601 1659 ei
624 1600 786 1679 objicitur3
808 1601 891 1680 quod
913 1620 950 1662 eo
972 1601 1098 1661 consilio

331 1692 443 1752 factum
454 1692 493 1750 ab
504 1710 540 1751 eo
548 1698 690 1752 causatur
699 1693 860 1767 Eusebius,
872 1714 887 1750 ιι
893 1693 937 1753 uti
943 1691 1099 1753 Christum

331 1783 472 1845 similiter
486 1803 522 1844 ac
534 1785 679 1844 mortales
692 1790 818 1845 caeteros
831 1786 1006 1845 ostenderet
1020 1803 1098 1864 prae·

332 1873 460 1934 solantia
486 1873 579 1934 tuisse
606 1874 918 1952 praedestinatum»
944 1874 1038 1951 Cujus
1055 1874 1100 1933 rei

332 1967 426 2028 {idem
460 1965 561 2027 lacere
593 1972 681 2044 putat
713 1966 765 2026 iila
805 1967 941 2027 Marcelli
974 1966 1099 2026 verba:

336 2058 634 2131 «Quemadmodum
653 2058 821 2117 Ecclesiam
848 2057 925 2118 olim
945 2058 1099 2135 praedesti·

333 2152 419 2211 navit
433 2151 630 2230 omnipotens
641 2152 721 2212 Dens
738 2170 745 2210 :
760 2152 803 2210 ita
817 2157 848 2211 et
856 2150 966 2211 Christi
976 2151 1099 2229 dispen-

332 2244 484 2305 sationem
501 2244 535 2304 in
549 2262 641 2304 carne
657 2264 665 2304 ι
683 2261 845 2324 perquem
859 2243 982 2322 piorum
997 2243 1100 2303 homi·

333 2354 411 2397 num
425 2354 524 2415 genus
538 2337 575 2397 ad
592 2337 790 2415 adoptionem
803 2352 913 2395 vocare
923 2335 1097 2411 destinavit,

334 2447 407 2490 eum
420 2430 479 2488 hoc
494 2428 579 2507 prius
592 2428 625 2489 in
638 2434 742 2487 mente
753 2446 810 2488 sua
820 2425 1007 2487 fundassetl.
1023 2448 1037 2484 ιι

374 2521 564 2600 Epiphanius
598 2533 748 2599 preterea
780 2520 824 2580 sic
853 2519 928 2597 legit
955 2519 1100 2580 eumdem

334 2616 437 2676 locum
466 2613 576 2673 heresi
603 2628 665 2687 ιιν,
691 2613 825 2673 sectione
849 2627 893 2672 vr.
917 2612 954 2670 Et
974 2612 1101 2672 Latinos

334 2711 462 2788 apparet
475 2706 618 2766 eamdem
631 2706 665 2766 in
678 2705 843 2765 lectionem
852 2703 1102 2778 incidisse3velut

334 2800 489 2860 Hilarium
502 2800 535 2858 iu
551 2799 630 2858 libro
654 2799 796 2877 septimo.
821 2796 968 2874 Origenes
980 2797 1054 2856 item
1068 2796 1102 2856 in

333 2892 556 2953 commentario
571 2892 609 2950 ad
631 2891 791 2970 epistolam
811 2887 852 2949 ad
871 2888 1025 2963 Romanos,
1041 2894 1101 2949 tes·

838 322 1162 391 THEOLOGIGORUM
1183 326 1401 390 oouuavtul

1144 493 1346 575 definitionem
1371 492 1581 571 intelligamus
1605 490 1770 571 ejusmodit
1793 490 1894 551 meu<

1145 605 1219 657 nean,
1233 606 1300 667 ραιο
1313 584 1385 667 qua
1398 585 1435 646 sit
1451 604 1496 646 res
1509 583 1651 664 explicat.

1186 680 1243 738 IV.
1266 678 1474 752 Quamobrem
1496 676 1611 756 duplex
1624 680 1680 751 est,
1696 681 1728 736 ct
1748 672 1895 752 probabilis
1934 687 1960 744 ιι

1146 776 1290 850 utraque,
1314 770 1373 830 loci
1394 770 1479 830 illius
1499 767 1666 848 Apostollci
1689 768 1786 828 ratio:
1814 766 1895 828 altera
1922 738 1960 845 ,ἵ

1146 865 1335 935 Graecorum,
1356 863 1536 924 Latinorum
1549 861 1806 921 alterareteram.
1822 859 1895 938 [Nan
1922 857 1960 941 Ξ

1146 956 1333 1021 recentiores
1348 955 1523 1033 complures
1539 955 1573 1014 in
1596 953 1682 1013 illam
1699 953 1897 1032 propensiores
1914 962 1960 1047 Ἠ

1148 1047 1314 1127 videntur.)
1329 1047 1417 1107 Prior
1431 1046 1535 1122 habet,
1548 1047 1656 1106 lesum
1671 1045 1835 1117 Christum,
1846 1047 1897 1107 sive

1146 1140 1309 1201 hominem
1322 1139 1424 1215 illum,
1443 1138 1499 1217 qui
1521 1155 1559 1199 ex
1583 1137 1706 1198 [invidia
1725 1138 1816 1217 stirpe
1839 1154 1899 1217 pre

1148 1234 1267 1294 creatus
1276 1232 1402 1307 exstitit,
1427 1231 1840 1309 designatum,notatum,ac
1858 1233 1899 1294 de·

1148 1329 1357 1385 monstratum
1385 1341 1460 1390 ease,
1491 1329 1521 1384 et
1548 1323 1636 1401 quast
1663 1322 1897 1398 determinatum,

1149 1422 1242 1496 atque
1258 1422 1345 1477 extra
1370 1416 1595 1476 dubitationem
1614 1415 1763 1494 positum,
1779 1420 1809 1476 et
1828 1418 1900 1494 agni

1148 1514 1217 1569 tum
1232 1527 1377 1588 provere
1399 1514 1430 1569 et
1443 1525 1593 1585 germano
1607 1507 1662 1567 Dei
1679 1506 1755 1567 illio.
1772 1507 1816 1567 lta
1828 1524 1899 1587 pror·

1149 1620 1201 1662 aus
1212 1602 1431 1680 Paraphrastes
1447 1602 1566 1679 Syrus:
1582 1599 1607 1661 C
1607 1599 1726 1679 οριιίιιιο
1737 1605 1789 1671 est,
1802 1600 1896 1679 iuquit

1149 1693 1207 1755 Dei
1220 1692 1303 1772 filius
1313 1692 1339 1751 t.
1356 1693 1453 1753 Arabs
1476 1710 1561 1767 vero,
1577 1692 1737 1770 vulgatam
1752 1692 1784 1750 in
1797 1693 1896 1765 Gracc,

1150 1785 1283 1846 dictione
1304 1785 1397 1845 simili
1421 1786 1655 1865 representavit
1678 1802 1756 1859 ram
1777 1803 1842 1863 qua
1863 1792 1898 1844 cst

1149 1884 1249 1955 ὁρίζειν,
1266 1876 1473 1951 determinare,
1497 1878 1562 1938 Hoc
1583 1877 1677 1937 modo
1702 1876 1853 1937 Christum
1865 1877 1899 1935 ait

1150 1970 1313 2047 Apostolus
1343 1970 1438 2029 variis
1457 1970 1577 2029 indiciis
1597 1976 1628 2030 et
1648 1969 1835 2043 argumentis
1858 1969 1899 2028 de-

1149 2059 1310 2135 claratum,
1325 2080 1361 2121 ac
1376 2062 1572 2140 designatum
1584 2080 1660 2137 esse,
1676 2062 1722 2121 uti
1741 2061 1831 2140 paulo
1843 2067 1899 2120 ante

1151 2171 1190 2212 ex
1204 2153 1422 2231 chrysostomo
1437 2153 1582 2213 diximus.

1192 2243 1295 2304 Altera
1318 2245 1502 2304 Latinorum
1522 2251 1567 2305 est
1589 2243 1751 2323 expositio,
1765 2245 1817 2323 qui
1833 2258 1900 2324 pre-

1151 2333 1332 2396 destinatum
1345 2337 1473 2414 legunt:
1494 2337 1553 2397 hoc
1567 2341 1623 2412 est,
1643 2336 1702 2395 Dei
1722 2335 1855 2410 consilio,
1872 2355 1899 2396 οι

1152 2427 1274 2488 decreto
1288 2428 1478 2489 destinatum
1496 2429 1551 2488 liei
1565 2428 1676 2489 fllium.
1703 2428 1735 2487 ld
1749 2446 1810 2488 vox
1827 2435 1899 2507 ὁρίζειν

1151 2520 1276 2598 proprie
1285 2520 1437 2599 siguificat
1449 2540 1455 2581 :
1468 2525 1504 2580 ut
1515 2521 1588 2581 alibi
1600 2520 1747 2580 adnotare
1760 2518 1898 2591 memini‘,

1152 2628 1224 2671 curn
1239 2613 1277 2672 de
1288 2613 1558 2691 predestinatione
1572 2630 1709 2691 agerem.
1721 2613 1773 2673 Sic
1797 2621 1899 2691 ὁριριινρ

1154 2712 1229 2782 βουλὴ
1250 2702 1401 2763 consilium
1411 2703 1434 2776 ⁸,
1451 2723 1487 2764 ae
1499 2704 1686 2786 propositum
1696 2720 1708 2771 ,⁶
1718 2710 1774 2763 aut
1787 2702 1900 2763 οοίιιιιθοι

1151 2793 1228 2875 fico,
1244 2803 1275 2855 et
1289 2792 1615 2857 deterruiuotodicitur.
1632 2798 1671 2855 Et
1700 2795 1899 2856 «filiushomi
1959 2842 1960 2853 ,

1152 2889 1232 2959 nis⁸,
1257 2888 1415 2948 secuudum
1442 2887 1521 2968 quod
1545 2886 1705 2967 definitum
1728 2892 1786 2962 est,
1814 2884 1897 2948 cadit:
1959 2920 1960 2937 ι

1151 2987 1214 3041 κατὰ
1237 2989 1267 3041 ab
1281 2988 1455 3060 ὡρισμένονν
1475 2981 1553 3040 Hinc
1568 2981 1661 3040 eiiam
1683 2988 1739 3059 ὅρος
1763 2987 1900 3055 stasim
1959 2948 1960 3037 ί

1152 3071 1186 3130 iu
1197 3072 1335 3131 conciliis
1343 3078 1390 3132 est
1396 3073 1585 3144 constitutio,
1594 3073 1657 3132 sive
1667 3077 1745 3145 rata,
1754 3077 1796 3145 et,
1804 3070 1899 3131 delibe-

331 2991 415 3046 tatur
433 2987 465 3045 tn
480 2983 594 3044 Latinis
612 2981 838 3061 exemplaribus
854 2977 1101 3060 predestinatum

332 3095 477 3139 inveniri.

373 3171 472 3249 Igitur
485 3169 583 3229 Greci
604 3176 741 3248 ὁρισθέντος
748 3160 934 3224 vocabulum
943 3164 986 3224 sic
999 3164 1101 3242 expli·
1152 3163 1273 3223 ratione
1286 3163 1404 3231 habita,
1420 3164 1544 3225 decreta
1557 3163 1630 3224 fidei
1642 3162 1788 3224 formula.
1800 3162 1899 3223 lbiden

333 3271 413 3335 caut,
431 3268 466 3321 ut
477 3262 613 3321 Christus
627 3259 717 3320 certis
729 3258 813 3318 velut
823 3257 915 3330 notis,
929 3260 960 3315 et
973 3255 1101 3333 insigni·
1153 3273 1277 3334 quoque
1289 3256 1467 3316 notavimus
1479 3264 1580 3336 ὁρίζειν,
1600 3260 1633 3316 et
1646 3265 1785 3336 apeoptcsa
1807 3256 1837 3315 in
1852 3254 1898 3314 ha·

332 3356 391 3417 bus
404 3352 573 3434 patefactus
592 3369 657 3412 ease
671 3351 802 3424 dicatur,
818 3366 854 3409 ac
876 3366 933 3428 pro
954 3347 1012 3408 Dei
1038 3347 1103 3408 tilio
1148 3346 1287 3426 jusmodi
1300 3364 1358 3427 pro
1373 3349 1483 3409 eodem
1497 3349 1657 3426 usurpart3
1673 3348 1752 3408 sieut
1768 3348 1844 3428 apud
1855 3349 1899 3407 La

332 3448 485 3527 cognitus,
502 3452 533 3507 et
546 3445 634 3525 quasi
646 3444 879 3511 determinatus,
896 3459 932 3515 ac
944 3439 1101 3500 definitus.
1152 3438 1236 3498 tinos
1273 3436 1428 3511 destituare,
1452 3446 1483 3501 et
1513 3437 1736 3519 predestiuare.
1762 3441 1899 3520 Siquidem

333 3543 414 3603 Sane
427 3540 558 3600 Photius
577 3555 615 3597 ax
637 3538 693 3596 hac
717 3534 854 3595 nominis
874 3542 932 3611 ὁροο
947 3531 1101 3610 significa·
1153 3541 1254 3613 ὁρίζειν,
1271 3531 1303 3590 id
1331 3538 1375 3591 est
1395 3530 1548 3606 destinare,
1568 3536 1604 3593 ee
1631 3530 1786 3593 decermre
1805 3532 1900 3611 ahquid

333 3636 430 3709 tione,
446 3650 516 3711 quiae
529 3631 602 3691 trita
623 3634 669 3690 est
694 3627 778 3705 apud
798 3624 1007 3705 philosophos,
1033 3642 1103 3685 sen·
1152 3621 1340 3699 faciendum,
1369 3623 1418 3683 vel
1443 3624 1581 3683 dandum
1618 3623 1718 3696 alteri,
1746 3625 1900 3704 adjunctam

334 3726 465 3787 tentiam
487 3724 572 3783 illam
599 3721 723 3797 exponit
746 3720 808 3779 ita:
837 3718 915 3777 Cum
939 3717 1025 3776 anim
1047 3724 1103 3795 ὁρος
1153 3715 1247 3776 habet
1274 3715 1306 3774 in
1331 3733 1387 3775 sua
1420 3716 1547 3776 notione
1574 3717 1825 3793 antecessionem,
1857 3716 1900 3776 etsi

334 3815 473 3898 definitio
490 3815 540 3889 sit,
556 3829 718 3892 queram,
735 3829 771 3871 ac
785 3809 830 3870 rei
848 3814 993 3869 naturam
1005 3806 1102 3885 expli·
1153 3807 1254 3886 reipsa
1273 3824 1338 3866 non
1355 3808 1559 3886 exprimitur,
1576 3807 1661 3886 quod
1675 3808 1710 3868 fit
1728 3809 1828 3869 addita
1844 3824 1899 3887 par·

335 3915 395 3982 eat,
409 3914 440 3968 et
453 3907 492 3967 ab
507 3905 640 3980 infinita,
661 3920 802 3982 vagaque
823 3901 962 3975 notione,
985 3899 1024 3960 ad
1038 3916 1103 3959 cer·
1153 3898 1249 3959 lierda
1262 3905 1340 3968 onte,
1355 3898 1405 3958 vel
1424 3916 1504 3979 pree.
1520 3900 1567 3959 lta
1585 3896 1773 3960 Prudentius
1791 3916 1854 3961 cum
1875 3898 1900 3957 ln

334 4006 412 4073 tam,
432 4018 467 4060 ac
481 3997 717 4060 determinatam
733 3995 854 4072 redigit,
868 3993 979 4053 merito
993 3989 1104 4051 dixisse
1154 3993 1274 4070 hymno
1286 3990 1469 4050 duodecimo
1491 3990 1728 4069 Cathemerinon,
1753 3991 1804 4072 qui
1821 3996 1860 4052 est
1874 3986 1901 4047 de

336 4094 404 4154 νιιίθ
417 4091 611 4172 Apostolum,
622 4097 747 4169 ὁρισθῆναι
759 4087 813 4147 Dei
825 4086 936 4145 Filium
945 4083 1105 4147 homiuem
1154 4081 1345 4163 Epiphania,
1360 4082 1453 4142 dicit:

336 4187 447 4260 illum,
464 4186 523 4246 boc
536 4190 582 4244 est
607 4200 673 4256 sua,
693 4187 724 4241 et
745 4177 892 4260 peculiari
907 4176 1103 4256 proprietate,

338 4298 374 4340 ac
388 4277 567 4339 definitione
589 4274 768 4333 distinctum
791 4269 960 4348 areliquis.
990 4287 1005 4324 ιι
1020 4265 1108 4326 Sole·

339 4389 409 4431 mus
422 4369 516 4440 enim,
530 4368 583 4441 ait,
604 4364 790 4444 quibusdam
809 4359 1043 4422 definitionibus
1057 4356 1105 4417 in·

339 4469 511 4523 ternosoere
521 4479 529 4535 ;
538 4476 609 4538 qirae
621 4462 716 4530 certo,
726 4460 757 4515 et
770 4454 836 4514 sine
849 4452 901 4512 illa
915 4450 1107 4511 dubitatione

339 4556 485 4616 scimust.
501 4573 516 4610 a
550 4552 624 4624 Quae
647 4545 859 4627 interpretatio
884 4541 1108 4604 recentioribus

340 4647 468 4728 probata
490 4642 656 4722 plerisque,
679 4657 745 4700 non
769 4637 842 4698 satis
863 4635 940 4696 mibi
963 4633 1054 4713 sapit,
1082 4634 1105 4693 si

1238 4288 1250 4323 ν
1276 4265 1417 4344 Agnosce
1429 4264 1512 4325 clera
1525 4266 1658 4345 insignia

1238 4356 1379 4432 Virtutis,
1394 4376 1430 4417 ac
1443 4357 1533 4435 regni
1546 4358 1604 4430 tui,

1237 4451 1322 4509 Puer
1334 4467 1364 4523 0,
1376 4448 1423 4509 cui
1438 4450 1555 4512 trinam
1565 4451 1654 4510 Pater

1240 4541 1476 4602 Praedestinavit
1489 4541 1637 4619 indolem;
1656 4565 1669 4602 ν

378 4839 399 4879 α
417 4823 516 4878 Euaza.
530 4826 595 4875 torn.
615 4818 650 4883 ΙΙ,
666 4814 712 4871 lib.
730 4815 751 4869 Ιί
769 4818 874 4868 mirera
895 4813 989 4866 Marc.
1005 4823 1064 4878 oap-
1079 4821 1107 4861 lt.
1160 4808 1238 4878 σάρκα
1251 4811 1296 4861 τοῦ
1311 4808 1419 4879 Χριστοῦ
1435 4807 1586 4881 οἰκονομίαν·
1599 4809 1633 4863 δι’
1646 4805 1676 4864 οὗ
1694 4811 1722 4865 rb
1735 4818 1784 4866 τῶν
1802 4808 1900 4866 tao&

347 4906 380 4961 ‘0
393 4905 431 4971 at,
446 4903 491 4957 οὖα
511 4896 568 4955 olba
589 4901 649 4971 ποίᾳ
667 4897 763 4967 διανοίᾳ
773 4894 896 4949 κάνταῦθα
915 4891 1051 4962 διαστρέφει
1066 4887 1109 4956 τὴν
1158 4890 1229 4961 γίνος
1240 4888 1274 4951 είς
1288 4889 1409 4944 υἱοθεσίαν
1427 4891 1530 4946 καλέσαι
1542 4893 1706 4965 προωρίσατο,
1723 4893 1900 4967 πρόπρονθιρν·

347 4984 526 5052 ‘Anemoleia
540 4982 615 5046 λέξιν,
631 4982 685 5036 ἀντὶ
699 4984 742 5034 τοῦ
755 4978 905 5051 ὁρισθέντος,
919 4975 1024 5042 ποιήσας
1035 4990 1111 5043 προο·
1158 4972 1251 5033 λιιίιοας
1263 4970 1287 5024 ἐν
1297 4978 1329 5041 πῆ
1343 4969 1417 5026 αὐτοῦ
1430 4973 1536 5045 διανοίᾳ.

344 5072 475 5145 praeturae,
499 5066 534 5120 tv·
553 5064 569 5140 ᾖ
588 5067 681 5139 ὁμοίως
700 5066 751 5125 τοῖς
771 5061 834 5114 κατὰ
854 5061 992 5132 πρόγνωσιν
1012 5073 1111 5127 προορι·
1196 5053 1312 5109 oPnor.
1338 5054 1462 5128 Εἶιίιθαμεν
1476 5056 1525 5129 γὰρ
1539 5058 1571 5110 δι’
1596 5058 1703 5131 ὁρισμῶν
1718 5065 1790 5113 τινῶν
1808 5056 1898 5128 inp*

343 5158 444 5209 σθεῖσιρ,
1160 5155 1225 5190 σαειν
1240 5137 1256 5189 ἅ
1271 5138 1382 5207 βεὸαίιος,
1398 5139 1438 5191 καί
1452 5139 1497 5192 οὒκ
1511 5137 1672 5214 ἔνδισταρμῷ
1685 5140 1833 5214 inruente

381 5238 505 5294 ίιίίίθθθ.
536 5232 573 5289 ίί).
595 5230 690 5303 Ὥσπερ
718 5224 759 5282 οὖν
783 5226 826 5295 τὴν
859 5224 1012 5299 Ἐκκλησίαν
1035 5221 1112 5274 πάλαι
1196 5228 1433 5289 άςρρρρρρρρ,
1621 5220 1737 5298 'natm
1750 5240 1897 5300 mm„
1955 5292 1956 5295 Ἴ

344 5320 501 5393 προωρίσατο
523 5317 537 5370 ὁ
559 5315 733 5386 παντοκράτωρ
747 5311 813 5378 θεὸς,
835 5310 900 5364 οίίτω
921 5308 963 5362 καί
989 5304 1033 5373 τὴν
1050 5300 1113 5356 κατὰ
1955 5326 1956 5393 ἢ

374 5488 454 5532 ΙΙιοο.
466 5485 504 5529 lib.
517 5483 555 5533 tlt.
570 5494 619 5537 οορ.
633 5479 758 5523 arare-‘i
769 5476 828 5521 lom.
841 5476 856 5527 l,
869 5475 910 5519 tib.
922 5474 958 5525 lll,
971 5483 1019 5527 cap.
1032 5483 1076 5513 ι.-
1086 5468 1154 5513 exet.
1163 5462 1231 5515 tuit.
1242 5485 1264 5497 -
1279 5463 1354 5509 llaec.
1369 5476 1422 5516 1111.
1437 5466 1470 5510 tt.
1532 5454 1542 5470 ’
