3936 6146
318 364 377 426 :tta
821 362 1148 431 danamarchorum
1169 362 1390 434 DOGMATUM
1465 384 1478 403 ’
1957 290 1958 349 ί

319 532 441 612 inqua
473 533 560 594 nulla
587 533 755 595 voluntatis
790 535 870 596 inest
898 534 1084 612 differentia,
1138 534 1256 595 litatem
1269 530 1883 617 alt:inposterlcre,spiritusalacritatcm,

319 630 447 704 propter
457 631 577 686 natura
592 627 861 689 communionem.
878 648 893 686 ν
1138 644 1204 687 uon
1215 628 1312 689 divini
1330 631 1448 708 utique,
1464 628 1518 690 sed
1530 625 1662 688 humani
1677 643 1685 685 z
1700 640 1792 703 quam
1804 618 1885 702 potio

163 730 283 789 Asparem
360 718 398 776 V.
412 717 1088 799 Nuncdavoluntatumipsarnmtvasnopautp
1138 736 1216 796 rem,
1234 725 1265 780 et
1278 722 1470 800 superiorem
1484 720 1596 781 animm
1608 722 1728 798 partem
1742 714 1886 775 nominare

162 786 285 885 ww*
322 810 469 881 dicamus,
485 809 524 869 de
538 828 600 888 qua
612 811 690 871 illud
712 810 865 891 imprimis
878 831 934 891 pro
949 818 1043 879 certo,
1057 817 1088 872 et
1139 810 1261 872 selenc.
1272 813 1390 892 Quippe
1405 814 1436 873 iu
1447 812 1576 874 academ
1584 807 1777 871 humanitate
1785 810 1887 866 utrum-

162 917 288 974 expiratur
323 900 481 980 explorato
508 902 679 962 tenesmum
703 909 759 978 est,
776 922 840 965 non
863 905 956 965 fuisse
980 922 1088 964 revera
1140 920 1201 981 que
1215 903 1415 966 declarasses
1433 904 1591 965 Christum
1612 900 1721 962 asserit
1734 918 1743 960 r
1757 897 1833 978 quod
1845 915 1888 958 ex·

150 980 291 1071 ,ζηξξῖξῗὲξι
324 994 493 1054 contrarias
507 993 588 1055 iuter
601 1001 763 1056 sanatura
776 996 1090 1076 utriusquevclunta-
1140 994 1377 1072 positasanobis
1391 1014 1483 1076 supra
1492 993 1652 1057 sententiae
1665 995 1888 1053 consentaneam

152 1078 299 1127 ⁶⁰¹¹ffll¹⁰²¹⁰
323 1091 381 1155 tes,
397 1085 451 1146 sed
464 1084 597 1165 perfecte
612 1089 848 1163 consentientes,
862 1095 893 1150 et
911 1088 1087 1150 concordes.
1139 1091 1195 1147 ast.
1211 1087 1305 1148 Addit
1327 1093 1473 1169 preterca
1486 1087 1687 1168 posteriorem
1699 1082 1889 1163 precationem

327 1199 343 1235 a
356 1179 435 1239 Nam
448 1178 527 1238 velle
540 1178 676 1239 hominis
689 1181 838 1259 assumpti
852 1200 871 1242 a
883 1183 945 1243 coo
959 1180 1091 1241 conlisit
1140 1178 1257 1256 maJ'ore
1267 1180 1456 1242 oumaffectu
1468 1180 1785 1258 animidepromptam
1792 1171 1888 1248 rideri,

231 1286 235 1292 ·
323 1270 514 1330 scunarium
528 1272 601 1346 Deo,
616 1275 724 1351 utpote
743 1277 845 1334 totum
868 1273 1086 1335 deificatumssa
1140 1274 1247 1349 utpote
1260 1272 1441 1353 impensius,
1465 1291 1501 1334 ac
1514 1271 1656 1351 pluribus
1671 1267 1773 1329 verbis
1785 1282 1891 1345 expres·

326 1357 381 1439 tait
394 1359 557 1437 Gregorius
580 1360 799 1439 Nazianzenus,
823 1362 910 1440 cujus
927 1361 1091 1424 sententio·
1140 1380 1218 1423 sam.
1233 1365 1315 1443 Ergo
1327 1371 1363 1425 ut
1375 1364 1562 1427 imbecillam
1576 1383 1608 1425 se
1630 1362 1746 1422 habere
1767 1374 1888 1432 carnem

324 1468 393 1511 sum
408 1450 467 1512 hoc
479 1451 595 1513 dictum
609 1454 722 1531 passim
736 1454 769 1514 in
782 1454 935 1516 conciliis¹
951 1461 981 1517 et
992 1460 1092 1536 postc-
1140 1461 1171 1514 ct
1184 1456 1345 1534 patibilem
1358 1458 1543 1528 ostenderet,
1559 1457 1601 1517 ita
1612 1454 1787 1516 estlccutus
1798 1471 1807 1525 ;
1819 1447 1890 1528 quod

324 1543 444 1603 riorum
457 1544 578 1623 seriptis
587 1546 730 1625 usurpari
738 1545 866 1627 videas).
885 1548 971 1621 Quod
985 1556 1091 1609 autem
1140 1553 1212 1608 anta
1225 1547 1366 1610 lustinus
1383 1548 1416 1610 iu
1432 1550 1553 1629 dialogo
1576 1566 1642 1609 cum
1669 1542 1822 1625 Tryphone
1843 1559 1890 1601 no·

324 1635 359 1696 in
371 1653 493 1696 summa
506 1635 558 1696 illa
573 1639 829 1716 consternatione,
841 1658 1007 1719 pugnaque
1022 1658 1092 1701 oar·
1140 1643 1287 1700 saerata

325 1727 384 1801 nis,
397 1732 427 1788 et
442 1729 579 1807 spiritus,
601 1747 695 1807 quam
709 1731 743 1789 iu
756 1731 848 1792 horto
862 1732 990 1812 pertulit
1005 1732 1092 1793 Chri·
1182 1732 1366 1793 Athanasius
1375 1731 1408 1792 in
1430 1731 1570 1792 oratione
1581 1732 1622 1792 ad
1635 1730 1687 1791 illa
1698 1727 1803 1801 rerba,
1819 1724 1892 1787 Nau

325 1821 548 1898 stus,p1imum
563 1836 698 1882 mortem
711 1823 880 1897 exhorruit,
892 1842 928 1885 cc
946 1825 1091 1904 defugere
1141 1822 1243 1885 ocimu
1267 1843 1332 1884 mec
1346 1823 1462 1884 turbato
1475 1828 1528 1899 cst,
1543 1823 1625 1884 hane
1644 1823 1678 1882 in
1700 1820 1819 1881 Christo
1834 1833 1892 1876 sen·

325 1916 373 1972 est
392 1913 475 1972 visus
500 1932 507 1971 :
531 1919 646 1992 postea,
671 1915 757 1975 velut
783 1917 949 1996 resumptis
968 1917 1090 1993 animis,
1141 1933 1245 1992 suum,
1267 1922 1298 1976 et
1319 1917 1485 1977 affectuum
1505 1913 1745 1976 vicissitudinem
1766 1908 1894 1973 accidat

326 2005 471 2065 audacter
485 2023 553 2067 eam
563 2007 705 2086 suscepit,
721 2025 758 2068 ac
772 2009 905 2086 priorem
921 2011 1092 2070 orationem
1142 2008 1226 2084 dicit,
1254 2009 1444 2069 «divinitate
1468 2008 1604 2084 cedente,
1632 2008 1811 2084 insurgente
1832 2018 1893 2061 aero

326 2096 461 2172 rescidit,
475 2098 559 2157 varie
584 2097 616 2158 id
634 2099 712 2159 solet
723 2099 762 2160 ab
786 2100 921 2180 antiquis
944 2100 1093 2177 theologis
1142 2116 1233 2161 came
1250 2118 1343 2161 :curn
1358 2101 1486 2180 quidem
1505 2100 1717 2161 turbationem
1735 2098 1823 2157 istam
1834 2110 1894 2173 pro

327 2188 482 2267 explicari.
499 2190 680 2250 Communis
691 2209 728 2251 ea
737 2193 873 2253 maxime
886 2198 933 2253 est
945 2193 1094 2273 interpra·
1144 2192 1252 2253 hibere
1276 2193 1328 2253 illa
1354 2193 1460 2272 possit,
1476 2193 1529 2253 scd
1555 2193 1626 2253 ideo
1638 2192 1745 2266 nollet,
1763 2209 1803 2251 ne
1815 2202 1896 2269 qaam

326 2280 413 2340 tandi
440 2282 536 2357 ratio;
562 2282 715 2344 Christum
741 2285 919 2357 Dominum,
943 2287 982 2346 ad
999 2286 1093 2346 fidam
1145 2284 1306 2345 nobiscum
1332 2284 1465 2345 habebat
1498 2284 1733 2345 similitudinem
1764 2281 1896 2341 dissolve

326 2391 409 2434 verae
436 2379 601 2453 assumpta
623 2375 756 2435 hominis
768 2383 887 2436 naturae
909 2376 1089 2453 faciendam,
1143 2374 1216 2435 ret‘.
1231 2397 1247 2434 ο
1260 2378 1332 2437 Mox
1345 2377 1575 2439 accommodata
1582 2375 1784 2436 similitudine
1798 2372 1897 2434 remia

326 2464 421 2544 hujus
447 2465 623 2526 affectiones
643 2467 783 2545 proprias
810 2468 843 2526 in
869 2485 902 2528 se
922 2470 1090 2548 recepisse;
1144 2467 1303 2529 declarat:
1325 2471 1366 2530 Ut
1393 2470 1419 2529 si
1446 2487 1535 2548 aquas
1560 2469 1622 2530 mel
1638 2468 1897 2541 admisceatru,et

328 2574 394 2616 nou
407 2557 1092 2637 mrporistantumutlassitudinem,iamem,
1144 2559 1302 2621 interdum
1327 2560 1427 2622 mellis
1451 2560 1552 2639 copia;
1576 2561 1735 2621 interdum
1752 2576 1839 2639 aque
1854 2574 1897 2616 su-

328 2650 423 2725 silim,
439 2649 595 2724 dolorem,
619 2651 801 2727 cruciatum,
820 2658 1001 2713 acmortem
1017 2673 1024 2714 ε
1041 2654 1094 2715 sed
1146 2660 1243 2730 peret.
1260 2652 1348 2713 Prius
1367 2653 1451 2713 enim
1474 2652 1572 2713 simile
1586 2670 1652 2713 esse
1669 2652 1715 2712 illi
1736 2654 1770 2712 ln
1791 2650 1898 2711 Christo

328 2742 423 2803 etiam
445 2743 570 2817 animae,
596 2748 633 2802 ut
656 2742 822 2818 tristitiam,
848 2744 1003 2821 timorem,
1019 2764 1095 2823 gari·
1145 2744 1248 2816 statui,
1277 2744 1311 2804 in
1341 2761 1404 2823 quo
1431 2744 1536 2804 divina
1563 2745 1706 2804 voluntas
1724 2739 1897 2823 prevaluit:

329 2831 428 2907 dium,
444 2836 476 2892 et
489 2832 550 2892 alia
558 2831 590 2891 id
603 2850 702 2910 genus
721 2832 884 2905 imbecilla,
896 2840 927 2894 et
940 2835 1069 2897 molesta
1085 2854 1092 2897 r
1146 2835 1300 2914 posterius
1308 2836 1348 2909 el,
1364 2836 1398 2896 in
1412 2855 1476 2916 quo
1489 2837 1615 2897 cedente
1630 2836 1801 2910 divinitate,
1812 2833 1899 2895 carnis

329 2942 399 3002 quae
413 2923 649 3003 quidemculpae
670 2924 819 2986 dedecore
834 2932 984 2995 carerent,
1002 2933 1096 3007 atqua
1144 2923 1273 2985 affectus
1306 2929 1337 2985 ct
1358 2924 1525 2986 commotio
1558 2926 1712 3005 impetum
1743 2923 1899 3004 quemdam

329 3017 375 3075 uti
388 3017 489 3095 reipsa
499 3017 567 3078 haec
585 3016 620 3077 in
645 3035 688 3090 se,
704 3035 769 3077 non
790 3017 871 3095 ficte,
894 3018 1096 3099 simulataque
1145 3016 1263 3077 habuit.
1281 3019 1354 3077 Hac
1376 3016 1575 3092 Athanasius,
1591 3017 1645 3095 qui
1659 3025 1690 3078 et
1702 3017 1784 3077 libro
1803 3020 1900 3096 quam

330 3108 499 3183 sentiebam
517 3108 559 3169 sic
572 3108 720 3188 impulsos
738 3109 777 3169 ab
795 3110 844 3187 iis,
864 3116 1095 3191 summotasque
1145 3114 1249 3170 contra
1275 3109 1402 3171 Arianos
1429 3109 1636 3181 demonstrat,
1661 3126 1753 3170 voces
1777 3109 1846 3168 istas
1869 3120 1901 3164 er

330 3217 438 3260 sensus
456 3219 528 3261 suos
540 3200 709 3262 declarasse
723 3200 865 3263 dicendo.
1146 3201 1275 3262 diversis
1298 3218 1438 3262 manasse
1452 3201 1563 3273 carnis,
1579 3206 1611 3261 et
1628 3201 1757 3279 spiritus
1779 3198 1901 3261 allecha-

370 3293 474 3354 Testes
490 3300 563 3354 sunt
575 3293 669 3372 hujus
683 3293 729 3354 rei
743 3311 822 3372 pene
843 3312 952 3355 omnes
965 3296 1095 3375 antiqui,
1146 3293 1258 3367 nibus;
1275 3299 1310 3356 ut
1332 3310 1424 3354 verus
1446 3293 1540 3353 homo
1561 3292 1595 3352 in
1618 3292 1671 3354 illo
1691 3292 1785 3354 luisse
1803 3290 1901 3372 proha·

330 3385 439 3461 Grasci,
460 3384 623 3464 Latinique
642 3384 758 3461 Patres,
774 3403 909 3465 quorum
922 3388 1007 3448 haud
1019 3406 1096 3468 pau-
1145 3390 1242 3446 retur.

330 3495 382 3539 cos
395 3477 487 3555 hoc',
516 3483 548 3540 at
573 3478 772 3540 antecedente
799 3478 879 3539 libro
901 3480 1094 3554 citavimus⁸‚
1186 3476 1379 3557 Epiphanius
1392 3475 1540 3537 adversus
1553 3477 1903 3538 aosdamArianosrocas

330 3570 492 3633 eumduas
509 3571 714 3650 operationes,
730 3588 766 3631 ao
784 3571 960 3632 voluntates
983 3572 1097 3633 Christi
1146 3568 1214 3629 illas
1239 3569 1280 3628 ad
1314 3567 1495 3628 elevandam
1520 3584 1603 3629 verre
1627 3570 1799 3631 divinitatis
1822 3568 1903 3629 lidan
1957 3584 1958 3647 q

330 3663 641 3724 auctoritateillorum
650 3662 870 3724 adstruximus.
880 3664 1097 3726 Nunccorum·
1147 3658 1333 3739 objicientes,
1358 3660 1485 3738 perinde
1507 3660 1689 3723 contendit:
1710 3660 1904 3722 comninista
1957 3650 1958 3663 ¹

331 3755 414 3830 dom,
431 3755 606 3816 stallorum
620 3773 718 3834 pauca
737 3754 885 3815 cumistis
902 3757 1096 3817 consentien-
1147 3752 1196 3813 uti
1208 3753 1304 3812 vitam
1317 3758 1454 3812 noemam
1466 3754 1677 3829 praemuniret,
1688 3753 1904 3833 dispensatione

331 3843 385 3919 tia,
399 3855 453 3905 aut
472 3844 634 3923 paululum
656 3844 750 3905 etiarn
776 3844 895 3905 diversa
923 3846 1098 3907 testimonia
1148 3844 1283 3923 quadam
1307 3844 1486 3923 suscepisse,
1516 3850 1548 3905 et
1574 3863 1612 3906 ex
1640 3845 1783 3906 humano
1807 3844 1904 3906 affectu

331 3935 498 4016 proferam,
514 3955 584 4016 quaa
605 3937 644 3997 ad
669 3937 861 4016 propositam
884 3936 1098 3999 illustrandam
1147 3954 1305 3998 sermones
1319 3936 1387 3996 illos
1405 3937 1584 4015 expressisc,
1607 3955 1672 3998 non
1693 3938 1848 4012 simrrlate,
1860 3934 1905 3996 sed

332 4030 534 4107 questionem
544 4028 694 4090 momenti
702 4027 1097 4107 aliquidofferrcrddentur.
1148 4028 1230 4090 hona
1247 4027 1308 4089 fide
1333 4028 1497 4088 dicantem.
1530 4028 1601 4089 lton
1624 4047 1688 4090 mco
1710 4028 1905 4103 colummis
1957 4044 1958 4133 p

371 4122 426 4183 Vl.
450 4122 571 4185 Primus
584 4122 644 4182 erit
655 4123 802 4200 Origenes
821 4119 855 4180 in
869 4120 949 4183 libro
964 4121 1099 4183 secundo
1149 4121 1250 4181 carnis
1275 4137 1380 4180 veram
1403 4120 1587 4180 exstantiam
1609 4120 1808 4201 approbaret,
1826 4127 1906 4198 atque

331 4219 432 4274 contra
457 4212 576 4275 Celsum
590 4232 602 4274 .·
616 4213 670 4273 ubi
688 4213 722 4273 in
738 4212 835 4292 priori
861 4211 1016 4288 oratione,
1038 4232 1100 4292 qua
1149 4218 1185 4273 ut
1198 4229 1250 4273 eos
1265 4211 1471 4286 convinceret,
1480 4212 1533 4290 qui
1546 4212 1717 4274 humanam
1729 4213 1822 4275 illum
1834 4229 1906 4273 meu·

334 4308 458 4369 Patrem
471 4305 602 4384 rogavit,
624 4310 661 4366 ut
673 4304 699 4365 si
714 4305 777 4365 lieri
795 4309 909 4384 posset,
924 4304 1100 4366 transireta
1149 4309 1213 4364 tem
1227 4309 1378 4382 negarent
1389 4302 1544 4380 hahuisse,
1553 4310 1608 4364 aut
1619 4304 1673 4384 qui
1685 4304 1906 4368 earnemeidem

332 4418 365 4462 se
378 4399 539 4475 calixhtc,
553 4396 737 4477 descriptam
758 4414 824 4460 essa
845 4396 947 4457 caruis
960 4395 1101 4459 imbecil-
1150 4395 1408 4459 enumerante·
1437 4396 1493 4456 ilio
1505 4403 1639 4459 ὑπόστασιν
1653 4406 1742 4478 σιμὸς
1769 4416 1862 4460 ceron
1883 4402 1907 4454 el

368 4621 389 4661 a
407 4605 534 4662 Nasum.
550 4607 725 4659 crotxrrrr.
745 4595 1102 4671 θογὰρίνείνοοθίλεινοθθὲ
1188 4597 1332 4653 elstram.
1348 4596 1396 4652 cit.
1408 4601 1463 4651 sot.
1475 4608 1529 4659 xix,
1545 4610 1608 4666 syn.
1623 4610 1658 4651 u.
1671 4597 1750 4651 Τοῦτο
1765 4596 1814 4673 γὰρ
1824 4596 1908 4669 ecel

332 4689 474 4745 ὑπεναντίον
484 4689 543 4760 θεῷ,
558 4686 644 4742 θυωθὲν
658 4685 729 4739 θλον.
1152 4684 1196 4748 τῆς
1218 4679 1262 4752 pla
1276 4680 1390 4748 θεότητος
1410 4677 1529 4746 tinctam,
1548 4682 1592 4745 τῆς
1605 4677 1633 4732 δὲ
1653 4681 1742 4751 σαρκὸς
1757 4679 1908 4753 {puppimq-

368 4774 385 4830 θ
403 4775 481 4830 Oula.
494 4773 515 4828 tl
532 4777 608 4828 soce.
626 4767 700 4825 Cels.
720 4767 768 4823 ίίαί
782 4765 959 4821 tristaremur
977 4764 1102 4835 διαγράφει
1151 4762 1253 4819 δυνατὸν
1275 4763 1350 4835 hasii
1368 4762 1463 4829 θεότητι
1483 4761 1590 4816 salicas
1612 4761 1658 4829 τὴν
1677 4763 1803 4836 ταραχὴν,
1821 4758 1910 4816 wat

334 4856 358 4911 ἔν
373 4864 409 4929 τῷ
425 4855 570 4929 ἀνθρωπίνῳ
585 4853 670 4917 αὐτοῦ,
692 4850 733 4903 καὶ
745 4851 775 4904 πθ
797 4854 840 4917 τῆς
854 4847 1003 4920 ἀνθρωπίνης
1016 4846 1103 4917 σαρκὸς
1153 4846 1303 4918 βουλομένης
1318 4844 1403 4913 αὐτῆς,
1417 4844 1507 4918 ἵναμὴ
1528 4844 1572 4913 τὴν
1588 4845 1709 4917 ὁμοίωσιν
1723 4844 1768 4914 τὴν
1786 4847 1845 4920 πρὸς
1857 4844 1911 4917 θροις

334 4939 439 5011 ἀσθενὲς,
454 4941 495 4994 καί
508 4938 537 4992 τὸ
547 4932 591 4992 τοῖν
604 4936 741 5008 πνεύματος
754 4933 889 5007 πρόθυμον·
898 4931 927 4983 τὸ
943 4928 986 5001 μὲν
997 4928 1101 4995 ἀσθενὲς,
1152 4927 1265 5000 tacito-p.

335 5020 359 5077 ίν
374 5030 421 5087 τῶ,
436 5021 525 5095 πατὴρ,
542 5021 563 5074 εί
576 5021 678 5074 θονατθν
700 5016 762 5081 ἔστι,
776 5012 916 5089 παρελθέτω
930 5011 973 5066 ἀπ’
995 5010 1054 5083 ἐμοῦ
1074 5011 1103 5066 τί)
1190 5027 1204 5066 e
1222 5010 1318 5066 Esica.
1332 5006 1399 5067 haer.
1413 5011 1507 5083 ΠΜ
1520 5010 1565 5066 59.
1585 5010 1703 5065 lassati
1714 5012 1807 5079 cirta,
1816 5009 1911 5081 temp*

334 5078 450 5178 scriptor
465 5111 548 5159 τοῦτο·
564 5105 593 5158 τί
609 5103 635 5157 ct
647 5103 772 5175 πρόθυμον
794 5104 837 5154 τοῦ
857 5096 995 5171 πνεύματος
1013 5092 1037 5147 ἔν
1054 5098 1101 5167 τῷ,
1154 5093 1282 5166 λιζόρενος
1298 5091 1369 5165 ἡμῶν
1384 5092 1428 5161 τὴν
1443 5088 1518 5161 ζωὴν,
1533 5092 1565 5147 τὰ
1588 5093 1635 5146 cta
1655 5088 1787 5156 tactem
1800 5094 1912 5165 οίιονορί·
1957 5128 1958 5203 ρ

334 5189 398 5258 πλὴν
411 5189 460 5262 οὐχ
468 5189 502 5251 ὡς
516 5187 564 5261 ἐγὼ
574 5188 647 5249 θέλω,
660 5182 717 5238 ἀλλ’
731 5185 764 5246 ὡς
778 5183 816 5237 σθ.
1153 5181 1213 5240 πῶς,
1233 5175 1410 5251 ἀνθρωποποιθῆ
1424 5194 1480 5229 τινα
1496 5176 1635 5247 διηγήματα
1652 5175 1730 5250 ἔχων,
1745 5176 1791 5231 οὖν
1804 5174 1910 5250 chamle,
1957 5208 1958 5215 ο

371 5289 386 5329 t
403 5274 506 5328 lusum.
527 5272 615 5339 Δηλῶν
630 5269 671 5324 διὰ
691 5268 795 5333 τούτων,
816 5267 854 5319 ὅτι
878 5263 975 5331 ἀληθῶς
996 5258 1102 5328 παθητθς
1154 5256 1210 5310 ἀλλ’
1225 5254 1334 5329 ἀληθείᾳ,
1345 5258 1374 5312 τί)
1388 5258 1432 5312 oia
1442 5256 1501 5329 ἔρθν
1515 5258 1618 5329 θέλημα’
1633 5258 1676 5311 ἵνα
1689 5261 1753 5332 δείξῃ
1770 5258 1913 5333 οαριθςθπί

335 5357 461 5429 ἄνθρωπος
473 5355 612 5428 γεγένηται.
1154 5360 1238 5395 οταοιν
1255 5341 1382 5410 ἀληθινὴν,
1401 5342 1442 5394 καί
1452 5341 1495 5394 ἵνα
1509 5339 1592 5414 ἐλέγξῃ
1612 5342 1669 5404 τοὺς
1690 5343 1807 5414 λέγοντας
1819 5337 1910 5411 compi

1957 5440 1958 5481 l

362 5538 373 5581 t
387 5536 416 5582 cr
426 5535 449 5580 ln
462 5546 492 5587 rr,
507 5535 558 5590 syc.
567 5531 594 5576 alr
605 5528 729 5585 Agathone,
740 5533 782 5572 act.
790 5532 842 5569 rvat
856 5529 897 5569 aot.
909 5533 956 5574 vrrs,
967 5525 988 5563 st
997 5526 1039 5564 art.
1057 5528 1120 5568 ινιιι,
1133 5516 1208 5563 const.
1216 5515 1273 5573 lup.
1286 5528 1299 5562 υ
1311 5516 1399 5563 ttaxim.
1407 5490 1496 5565 ata-s
1505 5516 1559 5573 Gap.
1569 5527 1592 5563 rr
1603 5522 1626 5562 ct
1635 5527 1704 5565 νιπ-
1714 5518 1910 5574 scansurus

1957 5640 1958 5685 l
