3990 6130
486 313 538 374 DE
557 309 861 385 lacessantibus,
883 308 958 370 LIB.
979 308 1046 382 Vll,
1069 308 1152 370 CAP.
1173 309 1230 370 111.
1591 311 1648 371 rso

80 485 241 566 pirameo,
266 488 295 541 et
318 477 439 543 Clarum
464 476 706 541 Alexandrinum
722 495 732 536 .·
751 497 767 535 a
785 477 829 538 De
877 473 1060 551 humanam,
1086 479 1213 555 propter
1235 483 1427 554 prostratura
1450 479 1539 552 esset,
1563 476 1646 538 arbi-
1697 485 1791 540 Duces.

81 574 284 650 hamtone,
300 573 354 645 ait,
370 570 477 648 Verbi,
492 576 524 632 et
536 571 608 644 fide,
624 570 780 632 credimus
796 569 829 629 in
878 567 951 628 trati
960 572 1044 628 sunt.
1056 568 1205 641 Quocirca
1214 567 1240 627 si
1254 567 1383 646 perinde
1396 566 1547 643 filietates,
1557 572 1592 628 ut
1605 568 1649 630 sic

81 669 232 730 hominm
243 671 387 727 nostrum
400 665 509 726 desum
523 663 700 736 Christum,
717 661 772 742 qui
793 677 831 721 cx
879 657 999 738 loquer,
1014 665 1163 740 tanquam
1177 659 1285 720 formas
1294 660 1364 720 duae
1373 665 1447 721 sunt
1460 660 1493 721 in
1509 660 1645 737 Christ03

82 760 190 839 Virgine
200 758 295 819 Maria
308 757 431 837 genitus
442 762 503 832 est;
519 767 612 835 atque
631 756 716 816 hunc
727 754 831 834 ipsum
879 751 1015 830 oportuit
1028 751 1184 832 duplicem
1197 770 1321 831 quoque
1334 750 1481 829 filium,id
1489 758 1535 813 est
1545 761 1648 814 διπλοῦν

83 852 128 913 hei
146 868 205 913 esse
226 850 340 926 lilium,
355 855 508 912 aternum
529 847 690 923 Verbum;
713 852 745 908 et
766 863 831 906 non
879 848 932 903 otoo
947 843 1072 905 eosdem
1086 843 1155 904 illos
1164 861 1341 924 agnoscere,
1363 861 1399 906 ac
1421 843 1524 921 palam
1546 845 1648 906 confi-

82 943 331 1004 hominemalieo
344 947 549 1020 assumptum,
570 945 607 1001 ut
633 940 772 1001 diversus
793 938 832 999 sit
880 934 949 994 teri.
972 935 1061 1008 Quod
1084 935 1188 1015 ipsum
1212 942 1318 998 tanim
1345 942 1521 998 constanter
1540 954 1650 998 omnes

82 1035 182 1096 abillo.
199 1034 268 1095 Non
290 1033 376 1095 enim
403 1032 565 1094 bominem
591 1030 757 1111 assumpsit
777 1028 832 1092 Dei
880 1024 1007 1087 inficiati
1020 1033 1105 1104 sunt,
1120 1046 1222 1089 unum
1235 1033 1267 1090 et
1289 1029 1435 1090 eumdem
1448 1029 1650 1108 predicantes

82 1126 159 1200 ilius,
172 1130 206 1186 ut
219 1125 260 1186 sit
272 1124 312 1186 ab
326 1126 394 1205 ipso
412 1124 550 1186 dromus
567 1142 575 1183 τ
590 1124 737 1184 scdDeus
760 1139 831 1201 pcr-
880 1134 945 1179 esse
980 1118 1035 1179 Dei
1068 1118 1264 1199 hominisque
1297 1121 1416 1198 tilium,
1448 1126 1479 1182 et
1512 1121 1649 1183 utriusre

81 1216 282 1289 hctus,lsctns
296 1216 447 1279 estsimul
463 1214 831 1295 homoperiectusincar·
880 1226 1002 1285 verum,
1030 1213 1203 1291 proprium,
1226 1231 1262 1273 ae
1284 1212 1468 1281 naturalem.
1494 1231 1649 1294 nusquam

81 1316 158 1371 natus
168 1328 204 1372 ex
216 1308 348 1389 Virgine
357 1319 383 1369 ⁸.
400 1329 416 1366 ν
880 1302 935 1363 Dei
949 1302 1049 1364 filium
1074 1304 1230 1384 duplicem
1244 1323 1255 1365 .·
1269 1322 1372 1385 neque
1390 1305 1544 1386 triplicem
1558 1307 1646 1383 adeo,

44 1425 49 1435 ·
113 1404 160 1465 IV.
200 1403 397 1482 Quapropter
434 1401 547 1462 merito
581 1399 753 1480 gravissimi
787 1399 833 1461 illi
881 1395 966 1472 quod
979 1395 1117 1457 indidem
1126 1397 1400 1470 efficitur‚titulum
1408 1397 1476 1458 filii.
1489 1399 1648 1477 Siquidem

82 1495 207 1573 theologi,
219 1492 276 1574 qui
289 1499 357 1554 tam
370 1493 517 1554 adversus
541 1493 729 1568 Nestorium,
737 1509 831 1571 quam
880 1492 992 1566 prester
1015 1488 1195 1568 adoptivum
1218 1507 1320 1550 unum
1338 1490 1404 1565 Dei,
1420 1490 1569 1551 naturalis
1591 1490 1648 1551 filii

82 1591 170 1648 mrim
191 1586 335 1658 Felicem,
361 1590 392 1646 et
417 1584 616 1665 Elipandum,
642 1584 832 1664 singularem
880 1578 959 1639 ratio
988 1579 1129 1641 bifariam
1163 1582 1323 1662 scinditur,
1352 1586 1388 1642 ut
1414 1588 1446 1644 et
1470 1583 1592 1661 Deum,
1617 1586 1649 1644 et

82 1696 134 1740 eae
148 1678 315 1739 bettilinm
331 1676 463 1756 probare
483 1677 697 1752 instituerunt,
721 1675 756 1735 in
776 1674 831 1736 illo
880 1670 1041 1733 hominem
1064 1673 1216 1753 respiciat.
1298 1714 1300 1717 -

82 1768 146 1837 loeo,
164 1787 198 1831 ac
208 1787 326 1850 genere
349 1768 625 1848 argumentationis
638 1766 829 1844 habitarunt,
922 1765 1072 1827 Praeterea
1086 1786 1157 1828 cum
1171 1772 1292 1828 naturae
1305 1772 1429 1844 create,
1444 1767 1476 1829 id
1487 1767 1649 1831 esthuma·

82 1869 110 1923 ut
131 1879 221 1922 unum
246 1861 467 1922 tantummodo
494 1859 743 1920 demonstrarent
766 1876 833 1921 esse
882 1872 944 1924 naa,
958 1858 1140 1937 proprietas,
1157 1860 1298 1939 quamvis
1313 1878 1332 1921 a
1345 1860 1400 1920 Dei
1413 1867 1525 1921 natura
1536 1865 1567 1923 et
1578 1881 1649 1942 pro-

82 1953 165 2015 ilium
186 1954 239 2016 liei
271 1953 429 2014 Christum
457 1950 636 2025 Dominum,
652 1957 683 2013 et
705 1950 831 2031 quidem
882 1948 1110 2027 prietatetanto
1124 1949 1285 2013 intervallo
1301 1951 1401 2031 distet,
1414 1952 1646 2033 nonimpediet,

81 2064 185 2121 rerum,
209 2045 400 2121 naturalem,
419 2049 450 2105 et
473 2045 598 2123 proprie
622 2043 751 2105 dictum.
767 2044 833 2106 Hoc
883 2041 960 2120 quin
977 2042 1118 2103 Christus
1129 2044 1222 2105 etiam
1236 2043 1269 2104 in
1283 2044 1341 2104 ista
1353 2045 1420 2124 ipsa
1432 2051 1554 2120 natura,
1570 2052 1601 2106 et
1614 2051 1650 2107 ut

82 2138 311 2211 manconlecto,
327 2136 833 2216 necessariosequiriderunt,non
882 2132 977 2194 homo
996 2139 1052 2211 est,
1073 2136 1226 2204 eamdem,
1242 2154 1337 2215 quem
1360 2153 1398 2198 ex
1423 2137 1529 2198 divino
1554 2155 1649 2199 censu

82 2229 233 2308 praedia,
248 2248 286 2291 ac
307 2227 424 2291 censeri
450 2228 641 2308 adoptivum,
656 2246 692 2289 aa
714 2244 833 2289 nuncu·
881 2223 1001 2300 hahuit,
1030 2228 1096 2288 reri
1123 2231 1154 2289 et
1179 2228 1328 2289 naturalis
1352 2228 1408 2289 filii
1441 2230 1650 2292 conditionem

81 2322 200 2401 patirum
207 2323 322 2399 filium,
337 2339 410 2383 cum
421 2326 585 2399 utramque
599 2327 745 2382 naturam
753 2320 832 2397 reri,
881 2317 1023 2393 retineat,
1038 2337 1074 2380 ec
1087 2319 1127 2379 sit
1137 2320 1260 2400 proprie
1283 2320 1382 2381 dictus
1396 2320 1450 2382 Dei
1464 2322 1577 2397 Filius3
1592 2341 1651 2384 nec

83 2416 249 2493 etgcrmani
274 2415 447 2495 proprietas
471 2413 637 2494 occuparit.
674 2414 741 2487 Quo
768 2429 832 2474 uno
882 2410 922 2469 ob
949 2410 1092 2472 eamdem
1117 2411 1201 2473 illam
1223 2413 1386 2492 imparem,
1411 2413 1650 2494 inferioremque

82 2505 323 2584 argumentatore
348 2505 494 2567 Paulinus
507 2510 573 2567 toto
588 2505 623 2566 in
636 2502 740 2584 primo
753 2504 833 2565 libro
881 2507 1038 2576 naturam,
1055 2503 1217 2584 adoptivus
1237 2510 1400 2567 censeatur
1424 2510 1529 2567 :certe
1551 2507 1650 2585 putris

82 2597 318 2659 conhal'elicem
330 2596 440 2658 utitur.
881 2593 1158 2673 ipsasanctificoos,
1174 2601 1205 2656 et
1221 2596 1341 2676 justitia
1362 2614 1424 2677 qua
1442 2597 1525 2658 illius
1546 2597 1652 2658 animo

112 2689 190 2752 Dicat
203 2689 329 2770 uliquis,
345 2707 384 2752 eo
397 2687 553 2769 pertinere
567 2684 673 2749 omnis
685 2687 833 2749 illatesti·
880 2685 1004 2765 perlusa
1018 2692 1075 2765 est,
1085 2703 1159 2748 cum
1168 2687 1208 2748 ad
1214 2686 1407 2750 divinitatem
1417 2688 1651 2769 participatione

82 2781 179 2857 monia,
199 2789 235 2843 ut
258 2781 352 2843 lateri
377 2798 535 2861 cogamur,
559 2780 646 2841 hunc
672 2779 833 2841 hominem
881 2778 1016 2856 quadam
1033 2778 1304 2859 propiusuccedat,
1321 2797 1416 2859 quam
1436 2786 1548 2842 natura
1573 2781 1649 2842 sim·

83 2872 217 2935 ὒὶιήνὶιιω
237 2891 305 2936 esse
322 2872 409 2934 hunc
429 2873 541 2948 Deum,
555 2870 587 2933 id
609 2877 656 2933 cst
679 2872 831 2948 Verbum,
882 2868 964 2948 pler,
981 2875 1013 2930 et
1024 2870 1205 2946 substantia,
1218 2889 1283 2931 non
1294 2871 1421 2932 obsistet
1429 2872 1648 2952 veri,proprii-

81 2978 233 3046 rerumque
262 2966 321 3027 Dei
351 2963 452 3025 filium
473 2983 480 3024 :
505 2963 588 3043 quod
615 2980 681 3023 non
700 2962 835 3042 negabat
882 2979 943 3040 que
953 2960 1009 3021 filii
1020 2961 1172 3041 dignitati,
1187 2980 1289 3042 neque
1302 2981 1431 3041 novum,
1450 2970 1482 3026 et
1503 2964 1542 3025 ab
1558 2972 1648 3026 natu-

83 3053 161 3132 rua,
176 3077 231 3120 nec
243 3056 436 3139 Elipundus;
460 3056 512 3117 sed
527 3054 733 3117 nibilominus
747 3072 835 3116 eum·
881 3050 941 3113 reli
960 3053 1117 3115 diversum
1135 3053 1284 3131 filietatis,
1300 3061 1336 3116 ut
1349 3056 1393 3117 sic
1406 3055 1527 3136 loquar,
1550 3074 1649 3135 genus

82 3146 141 3209 den
159 3150 333 3226 hominem,
353 3152 480 3229 propter
506 3147 659 3209 unitatem
675 3164 828 3226 personae,
882 3144 1017 3208 inducet.

83 3241 235 3304 munem
248 3239 719 3320 esseilliumzquatenusautem
727 3238 834 3299 anima
922 3238 960 3299 V.
983 3236 1069 3299 Alter
1081 3237 1178 3312 locus,
1195 3257 1234 3300 er
1248 3258 1311 3319 quo
1331 3240 1537 3304 demonstrari
1549 3249 1649 3323 potest
1673 3265 1818 3310 simma.

82 3330 149 3393 illim
160 3334 269 3413 gaha,
285 3340 319 3396 et
333 3332 483 3393 charitate
496 3331 618 3393 imbuta
640 3337 696 3405 est,
712 3331 834 3411 adopti·
882 3328 1063 3409 adoptivum
1077 3331 1132 3391 Dei
1145 3330 1247 3392 filium
1267 3350 1332 3394 non
1346 3351 1411 3395 esse
1426 3334 1594 3410 Christum,
1610 3354 1649 3397 ex
1673 3326 1819 3426 ξωρξῗζξῇ

83 3439 145 3486 vum
174 3425 301 3488 censeri.
333 3424 451 3485 Verum
477 3422 647 3484 excludunt
679 3440 745 3483 sese
777 3424 833 3483 ista
881 3439 1022 3501 personae
1045 3422 1163 3483 unitate
1180 3424 1312 3485 ducitur.
1338 3424 1462 3484 Etenim
1487 3424 1543 3485 filii
1556 3426 1647 3502 ratio,
1699 3424 1792 3470 unae

82 3522 186 3595 numo,
197 3537 255 3580 nec
265 3517 300 3579 in
314 3515 462 3578 eumdem
475 3515 587 3577 cadere
598 3519 738 3594 possunt,
752 3520 788 3573 ut
794 3513 835 3575 sit
882 3513 946 3574 sive
959 3513 1076 3590 filietas,
1095 3532 1134 3575 ex
1147 3533 1279 3595 persona
1292 3516 1377 3593 ipsa,
1394 3519 1477 3576 etex
1494 3516 1649 3595 personali

82 3606 184 3671 rhenus
207 3610 337 3691 pariter,
372 3613 403 3669 et
431 3607 579 3669 naturalis
609 3606 704 3667 filius.
739 3605 834 3686 Atqui
883 3605 1081 3685 proprietate,
1097 3624 1162 3667 non
1176 3624 1214 3667 ex
1237 3612 1348 3667 natura
1361 3606 1488 3686 praecise
1508 3608 1648 3669 conside·

83 3699 170 3764 Patres
189 3719 299 3764 omnes
321 3718 387 3761 uno
410 3716 463 3761 ore
483 3696 654 3780 praedicant
679 3715 745 3758 non
767 3714 834 3760 esse
882 3702 948 3758 reta
968 3698 1116 3779 sequitur.
1139 3699 1205 3759 Hoc
1218 3703 1404 3778 argumento
1425 3699 1524 3760 utitur
1537 3700 1649 3761 Paulus

83 3791 420 3866 duosintlhristotllios
436 3791 489 3853 sed
503 3807 605 3852 unum
613 3790 783 3867 duntaxat3
798 3795 835 3851 ut
882 3791 1052 3853 Emesenus
1081 3790 1115 3852 in
1150 3789 1347 3854 Cmciuncula
1381 3792 1526 3871 quedam,
1554 3809 1650 3873 quam

83 3892 316 3960 namurcum
335 3901 479 3961 numero,
495 3883 552 3944 filii
572 3883 664 3961 ratio,
679 3888 710 3945 ct
730 3881 836 3963 appel·
882 3882 1077 3945 Alexandriae
1103 3900 1208 3944 coram
1235 3882 1351 3963 Cyrillo
1385 3883 1505 3958 habuit,
1531 3885 1564 3944 in
1589 3903 1651 3964 qua

82 3971 353 4059 lstiomultiplicari
366 3994 431 4038 non
448 3975 571 4037 debeat.
881 3974 977 4036 rerba
1001 3974 1054 4036 illa
1071 3976 1151 4036 Petri
1177 3974 1316 4054 Apostoli
1342 3974 1500 4037 declarans
1524 3996 1531 4037 :
1558 3976 1602 4038 Tu
1622 3994 1651 4037 es

113 4069 184 4131 Sene
195 4072 249 4151 qni
258 4070 408 4132 adversus
414 4068 508 4129 unius
515 4071 637 4129 naturae
646 4065 832 4141 defensores,
886 4065 1021 4129 curatas
1036 4065 1130 4128 Filius
1143 4066 1202 4128 Dei
1215 4066 1291 4142 orbi,
1311 4067 1356 4128 ite
1371 4067 1510 4147 loquitur
1526 4088 1533 4128 :
1552 4069 1649 4129 «Non

82 4160 379 4244 qumlloroplpsitas
390 4163 513 4233 vocent,
525 4158 836 4238 catholicumdogrna
883 4158 971 4236 dixit,
986 4157 1064 4240 Μὴ
1078 4158 1143 4234 sed,
1165 4157 1261 4220 Filiae
1274 4156 1333 4221 Dei
1351 4159 1422 4221 uiui.
1439 4159 1574 4238 Agnovit
1585 4160 1649 4220 sin-

81 4260 312 4333 propugnarunt,
339 4269 412 4314 cum
438 4251 578 4332 plerique
605 4249 760 4310 Christum
795 4267 834 4311 er
883 4251 1023 4330 gulmem
1035 4249 1225 4330 personaml.
1238 4270 1254 4309 ν
1269 4250 1320 4311 Sic
1334 4250 1511 4313 Arelatense
1525 4257 1649 4314 sextum

82 4339 184 4406 duabus
195 4345 319 4407 naturis
328 4344 351 4417 ¹,
364 4349 397 4407 et
407 4344 442 4404 in
455 4342 576 4404 duobus
590 4359 656 4403 csse
670 4341 835 4404 contende·
883 4349 1023 4423 tempore
1035 4342 1134 4403 Caroli
1144 4344 1189 4402 M.
1198 4342 1351 4419 habitum,
1365 4361 1448 4404 anno
1458 4346 1529 4417 843,
1550 4345 1650 4422 capite

82 4442 248 4519 restatque
261 4440 305 4499 ita
318 4433 556 4517 compositum¹,
576 4439 608 4496 et
627 4432 784 4512 duplicem
802 4432 836 4494 in
883 4436 997 4516 primo.
1017 4435 1114 4496 «Non
1138 4433 1222 4494 eninr
1236 4434 1299 4495 duo
1320 4434 1388 4507 filii,
1405 4440 1437 4495 et
1448 4435 1491 4496 dii
1509 4434 1582 4509 duo,
1596 4435 1651 4497 sed

82 4530 182 4591 saturis
193 4531 435 4603 constituerent3
451 4545 516 4587 non
537 4527 580 4587 sic
603 4524 834 4603 intellexerunt,
883 4527 967 4587 idem
986 4545 1051 4586 una
1070 4542 1202 4605 persona
1225 4525 1259 4586 in
1280 4530 1412 4606 utraque
1432 4531 1585 4587 natura.»
1612 4528 1652 4588 Et

81 4622 200 4683 uiduus
222 4623 327 4684 inesse
360 4617 582 4695 subshtentias,
606 4617 656 4677 vel
689 4634 837 4697 personas
884 4617 1064 4696 Fulgentius
1085 4617 1120 4677 in
1141 4616 1221 4677 libro
1235 4616 1270 4678 dc
1293 4617 1449 4697 Baptismo
1475 4615 1649 4697 AEtlu'opis,

80 4718 229 4790 putarem:
246 4713 303 4777 sed
316 4731 383 4775 esse
399 4712 514 4774 formas
535 4710 624 4787 dues,
639 4707 789 4788 divinam,
804 4714 836 4771 ct
884 4709 982 4790 capite
995 4709 1096 4779 tertio,
1114 4730 1130 4768 a
1146 4709 1274 4770 AEterne
1292 4708 1447 4786 divinitas,
1467 4709 1580 4789 inquit,
1594 4708 1650 4772 filli

110 4919 128 4959 o
143 4904 224 4961 l'rsrx
238 4903 310 4962 ibid.
321 4903 381 4976 Περὶ
394 4901 422 4958 δὲ
431 4902 577 4974 σαρκώσεως
586 4903 630 4954 τοῦ
643 4900 731 4971 λόγου,
745 4897 836 4965 καὶτῆς
883 4896 937 4961 θεὸς
945 4898 981 4951 ὢν
995 4898 1096 4967 τέλειος,
1106 4897 1206 4970 γίγονιν
1220 4897 1271 4969 ipa
1281 4896 1323 4951 eal
1337 4896 1427 4962 τέλειος
1438 4898 1573 4973 ἅνθρωπος,
1590 4919 1650 4974 cap·

80 4985 169 5050 ἄπιος
180 4985 370 5059 πνσπύομινείς
376 4983 587 5057 τδνιόριονὴμῶν
606 4980 706 5050 Ἰησοῦν
716 4979 834 5051 Χριστὸν,
883 4980 968 5042 sodale
980 4979 1006 5034 ἔκ
1016 4981 1143 5053 παρθένου.

81 5066 117 5121 ria
128 5067 152 5122 ta
162 5075 206 5138 τῆς
217 5069 341 5142 neptim
353 5068 451 5140 Μαρίας
464 5066 617 5141 γεννηθέντα·
634 5065 673 5118 ὅτι
685 5061 757 5125 ὠτός
770 5059 835 5117 sees
920 5064 937 5120 d
955 5062 1037 5119 Paua.
1054 5064 1136 5120 Eure.
1153 5062 1184 5119 in
1197 5061 1267 5134 spu.
1290 5078 1369 5120 conc.
1384 5079 1443 5135 prr.
1468 5064 1515 5119 ΙΙΙ.
1540 5065 1588 5118 liat
1608 5063 1652 5118 aba

12 5184 13 5203 ν
80 5147 202 5208 torono
215 5153 281 5216 atla,
294 5147 571 5221 &paupertatatis
584 5144 834 5219 ἅνθρωποςῦπδθιοῦ
883 5140 960 5211 dra,
980 5146 1003 5199 ol
1019 5144 1078 5200 slot.
1094 5144 1179 5200 bt’t
1199 5147 1250 5209 υἱὸς
1270 5152 1315 5202 τοῦ
1329 5150 1431 5210 ζῶντος.
1453 5145 1546 5219 ἐπέγνω
1568 5148 1652 5202 καὶτὸ

12 5236 13 5263 ³
80 5229 216 5306 ltsqutelg,
229 5236 266 5288 ἵν’
281 5234 364 5306 ἔτερος
375 5230 392 5306 ᾖ
402 5231 459 5304 παρ’
469 5230 571 5285 ἐκεῖνον.
582 5229 637 5284 atet
645 5227 693 5302 γὰρ
706 5228 833 5299 ἄνθρωπον
884 5230 1013 5302 mastradi
1026 5231 1167 5302 πρόσωπον.

12 5290 14 5323 l
80 5311 179 5372 bosa
193 5318 266 5374 drot
280 5307 834 5388 θνοῦυὶδς,ἵναῇἕτιροςπαράὗτ6ν·ἀλλὰ

13 5440 16 5479 ¹*
100 5456 633 5518 smmptlrtevf-slsarrrum.
