3936 6146
1553 280 1644 399 'aar

485 339 535 400 DE
555 332 853 412 INCARNATIONE,
876 338 948 400 LlB.
971 338 1023 416 lX,
1046 338 1127 401 CAP.
1152 338 1207 401 III.

71 514 97 568 et
106 504 292 567 efficientiam
304 504 464 585 propriam
488 505 614 567 Parenti
630 504 732 585 primo
746 504 823 565 divi·
870 505 951 566 libro
966 506 1100 566 secuudo
1116 504 1243 585 epistola
1258 523 1331 567 xrx.
1356 502 1583 565 Nibilenimad
1597 503 1640 577 id,

70 597 325 659 nitnsinditamsio
334 597 487 658 describit¹
500 597 721 673 3ontfacnltas,
730 602 822 677 atque
872 597 956 676 quod
970 598 1063 658 modo
1077 598 1191 678 agitur,
1200 597 1472 672 accommodatius,
1485 602 1515 657 et
1528 613 1639 675 oppor-

69 697 160 751 motus
179 688 284 750 inditae
303 689 464 763 libertatis,
482 690 508 751 si
522 690 685 768 juvantem
709 708 740 750 se
751 708 822 768 gra·
872 690 978 750 iunius
992 689 1096 750 afferri
1110 695 1219 770 potest.
1231 691 1309 750 Nam
1332 688 1478 750 eumdem
1491 687 1592 764 illum,
1608 687 1642 746 in

70 782 134 842 tiam
148 781 200 841 Dei
212 800 279 842 non
293 782 458 855 desereret,
471 782 635 861 praemium
649 782 722 842 vitae
737 787 825 842 aster·
871 800 933 861 quo
960 782 1148 843 confutando
1175 782 1365 857 laboramus,
1387 798 1526 841 errorem
1541 780 1643 856 impu-

70 893 112 934 ne
123 872 266 935 tribueret
286 874 346 934 Dei
371 873 492 934 bouitas
514 874 637 935 bomini
653 895 660 934 :
677 874 702 934 si
717 880 824 935 autem
872 880 947 950 gnat
959 874 1097 935 hominis
1108 874 1280 953 cujusdam,
1296 896 1312 932 a
1326 873 1489 934 asserentis
1507 872 1544 933 de
1560 871 1642 932 arhi-

67 965 202 1044 jastitiam
216 964 356 1026 divinam
370 971 582 1039 contemnens,
599 967 731 1045 agretia
744 965 822 1027 cxci·
871 968 925 1027 trii
941 966 1082 1028 libertate
1106 967 1243 1028 hominis
1258 967 1292 1027 in
1312 984 1377 1027 una
1397 971 1521 1025 tantum
1545 970 1644 1044 parte,

70 1058 156 1133 disset,
179 1057 335 1136 supplicia
357 1058 543 1119 retribueret
566 1058 690 1136 justitia
713 1077 820 1137 perca·
871 1076 941 1138 quae
957 1058 1092 1120 deterior
1108 1064 1164 1136 est,
1181 1058 1315 1138 eligendi
1337 1058 1443 1118 datam
1460 1074 1525 1118 esse
1546 1056 1641 1117 lieen-

69 1149 153 1210 lori.»
170 1150 233 1228 Hoc
256 1168 333 1211 vero
355 1150 438 1211 idem
463 1150 628 1211 arbitrium
641 1151 775 1212 liberum
790 1151 823 1211 in
872 1151 962 1213 tiam.
990 1171 1007 1208 a
1036 1151 1104 1217 Quo
1131 1151 1164 1211 in
1191 1150 1359 1212 refellendo
1393 1166 1508 1223 errore,
1535 1148 1644 1209 eadem

70 1241 179 1302 bomine
192 1247 264 1321 post
273 1242 406 1321 lapsum,
421 1260 486 1302 non
500 1243 657 1322 perditum
670 1249 701 1304 et
711 1244 823 1304 exstin-

70 1340 141 1393 ctum
157 1333 277 1406 luisse,
301 1335 355 1394 scd
377 1335 541 1410 vitiatum,
566 1341 597 1396 et
617 1335 821 1409 infirmatum,

70 1431 146 1504 atquc
158 1425 275 1487 idcirco
293 1425 376 1486 dono
390 1426 580 1488 medicinalis
589 1427 702 1489 Christi
717 1429 822 1502 gratiae

71 1522 206 1592 auratum,
223 1524 258 1577 et
280 1517 433 1596 adjutum,
448 1537 514 1580 non
534 1525 639 1581 atatem
664 1520 822 1580 sublatum

71 1627 132 1679 ease,
155 1610 187 1669 in
200 1610 405 1689 sequentibus
430 1616 592 1673 amaverat.
609 1612 702 1673 Velut
723 1615 821 1692 rapite

69 1701 137 1762 ω’.
158 1703 230 1761 «Ex
249 1721 314 1781 quo
340 1703 433 1771 enim,
456 1704 570 1783 inquit,
587 1705 707 1784 primus
729 1704 823 1765 bomo

69 1799 193 1855 natamm
208 1812 300 1855 suam
314 1795 488 1856 voluntarie
506 1797 638 1872 vitiavit,
655 1803 748 1876 atque
766 1813 822 1876 op·

70 1888 162 1965 pressit
173 1886 352 1964 iufirmitas,
368 1887 428 1947 nisi
441 1888 554 1949 divinae
567 1889 675 1967 gratiae
689 1888 822 1949 medica-

70 1984 159 2039 mento
181 1985 379 2058 praeventum
412 1980 446 2040 in
476 1999 665 2060 unoquoque
694 1981 821 2042 bomine

70 2077 187 2143 sanetur,
204 2076 301 2150 atque
314 2072 480 2149 adjuvetur
494 2072 630 2134 liberum
643 2073 823 2135 indesinen-

70 2168 112 2223 tur
133 2163 305 2237 arbitrium,
339 2171 385 2224 est
412 2165 539 2243 quidem
574 2165 724 2243 liberum,
757 2185 823 2227 nou

69 2260 157 2315 amen
169 2255 311 2316 bonum:
332 2261 378 2316 est
392 2256 536 2333 liberum,
559 2275 623 2317 uon
637 2263 742 2318 tamen
760 2277 824 2319 rec·

70 2351 144 2419 tum;
164 2352 206 2408 est
228 2347 376 2422 bberum,
397 2366 461 2408 non
489 2354 595 2409 tamen
620 2368 748 2426 sanum3
777 2355 825 2412 est

71 2438 198 2515 liberum
211 2458 279 2500 non
287 2444 394 2500 lamen
404 2440 535 2518 justum.
552 2462 568 2499 a

103 2532 135 2592 Et
152 2532 250 2612 capite
272 2533 435 2611 sequenti:
452 2554 467 2590 o
494 2534 560 2607 Qira
575 2533 684 2612 gratia,
708 2534 819 2614 inquit,

71 2622 227 2684 muranum
251 2643 316 2684 non
341 2624 499 2698 aufertur,
522 2626 575 2686 sed
597 2632 724 2687 sanatur
738 2647 745 2687 ε
760 2646 825 2688 nou

72 2715 212 2785 adimitur,
225 2717 280 2777 sed
293 2717 459 2795 corrigitur
471 2737 480 2792 ;
495 2735 559 2777 non
573 2724 762 2790 removetur,
770 2720 823 2781 scd

71 2806 267 2885 illuminatum
289 2827 354 2869 non
375 2815 558 2886 evacuatur,
574 2812 627 2871 sed
647 2811 823 2889 adjuvatur,

73 2906 150 2979 atqm
161 2907 302 2962 servatur
314 2900 478 2962 arbitrium
495 2923 503 2977 ;
519 2908 555 2962 ut
568 2903 602 2962 in
616 2922 679 2983 quo
693 2903 827 2964 infirmi·

72 2997 151 3053 tatem
173 2993 270 3055 homo
294 2993 416 3069 habuit,
442 2995 477 3055 in
504 3013 540 3055 eo
562 2995 677 3057 babere
702 2996 829 3076 incipiat

873 1243 1015 1319 omnino,
1030 1242 1141 1322 quibus
1155 1243 1203 1303 usi
1216 1243 1365 1304 hactenus
1375 1259 1494 1316 sumus,
1504 1245 1534 1301 et
1548 1245 1644 1299 utun·

873 1339 924 1395 tur
938 1335 1032 1413 vulgo
1053 1340 1160 1395 contra
1177 1336 1380 1407 Lutberanos,
1403 1339 1434 1394 et
1453 1332 1643 1405 Calvinistas,

873 1445 908 1488 ac
918 1432 1043 1487 caeteros
1054 1428 1214 1488 baereticos
1228 1426 1388 1503 Catholici,
1404 1425 1529 1486 adhibet
1542 1426 1646 1485 Enno-

872 1519 941 1580 dius
959 1524 1154 1597 argumenta,
1173 1525 1204 1579 et
1217 1518 1394 1580 testimonia
1408 1518 1584 1596 Scriptura.
1597 1518 1644 1577 Ito

873 1630 947 1690 ergo
962 1612 1100 1690 primum
1115 1611 1149 1670 iu
1163 1611 1249 1672 illam
1261 1611 1442 1691 opinionem
1455 1610 1616 1671 invehitur
1633 1630 1640 1671 :

877 1725 893 1761 a
907 1705 931 1765 O
945 1702 1169 1764 schismaticam
1184 1704 1441 1783 propositionem,
1464 1720 1534 1782 quae
1554 1702 1644 1781 juxta

874 1795 1104 1874 Apocalypsim,
1128 1795 1257 1874 scriptas
1279 1796 1375 1856 babet
1388 1795 1421 1855 iu
1445 1794 1545 1856 fronte
1566 1794 1647 1855 blas·

873 1886 1030 1967 phemiasl
1044 1887 1118 1959 Quae
1130 1888 1188 1948 ista
1208 1887 1336 1947 libertas
1350 1890 1408 1960 est,
1425 1885 1450 1948 si
1462 1887 1555 1959 valet,
1570 1886 1647 1947 edis-

874 1984 964 2052 serat,
974 1978 1027 2039 ubi
1040 1978 1207 2039 bocsolum
1221 1980 1313 2039 datur
1322 1979 1411 2053 velle,
1420 1979 1503 2058 quod
1513 1979 1622 2057 puniat
1635 1998 1642 2039 :

875 2077 929 2133 aut
956 2088 1052 2149 quare
1076 2069 1260 2131 electionem
1287 2072 1438 2148 nominet,
1467 2070 1522 2131 uhi
1548 2089 1644 2131 unam

873 2168 998 2225 tantum
1016 2165 1138 2242 partem
1154 2151 1268 2223 'asserit
1288 2163 1380 2224 luisse
1402 2163 1603 2224 concessam?
1624 2185 1639 2222 a

875 2258 918 2319 Ac
937 2255 1068 2316 subinde
1082 2275 1088 2314 :
1108 2277 1123 2313 a
1137 2257 1219 2329 Ergo
1231 2253 1391 2329 debemus,
1404 2256 1516 2335 iuquit,
1525 2257 1643 2335 gratiae,

874 2349 957 2429 quod
971 2365 1120 2409 vocamur
1136 2367 1143 2407 :
1161 2348 1310 2409 dehemus
1320 2348 1438 2427 gratiae,
1450 2348 1533 2427 quod
1546 2350 1645 2410 oacrrl-

874 2445 912 2503 tis
935 2439 1110 2515 itineribus,
1133 2439 1193 2500 nisi
1216 2441 1406 2512 resistamus,
1433 2459 1525 2520 sapor
1552 2442 1645 2502 uobis

875 2533 978 2595 vitalis
1002 2531 1177 2592 infunditur
1200 2551 1207 2591 :
1229 2537 1341 2593 nostrae
1360 2539 1464 2594 tamen
1489 2533 1646 2595 electionis

874 2632 932 2699 est,
947 2624 1031 2705 qnod
1052 2623 1203 2685 beneficia
1217 2623 1602 2687 demonstratasectamun
1626 2648 1641 2684 a

875 2719 960 2779 ldem
983 2716 1059 2776 illud
1075 2722 1182 2777 contra
1203 2716 1348 2777 eumdem
1369 2716 1458 2778 affert
1485 2736 1523 2778 cx
1537 2716 1612 2778 Erat
1628 2752 1642 2765 -

875 2808 990 2870 aiostr‘co
1019 2808 1132 2887 passim
1167 2808 1319 2868 haereticis
1353 2811 1468 2888 opponi
1496 2810 1643 2871 solitum:

875 2901 953 2962 Ecce
976 2919 1096 2981 aquarn,
1126 2907 1152 2960 et
1177 2900 1295 2980 ipnenar
1319 2898 1359 2960 od
1382 2899 1505 2981 quodvis
1523 2901 1647 2982 porrl'pe

875 3013 995 3053 anonam
1012 3012 1022 3052 .·
1040 3012 1056 3050 a
1068 2993 1141 3071 quid
1163 2991 1233 3064 alia,
1255 3011 1325 3072 quae
1345 2992 1496 3073 copiosius
1514 3002 1646 3054 assertor

72 3084 227 3147 sanitatem.
246 3106 261 3142 a
279 3087 317 3146 Et
330 3086 362 3146 in
377 3086 456 3147 libro
473 3084 509 3147 de
522 3087 826 3168 remissionepeccato-
875 3086 940 3166 ipse
956 3085 1137 3164 replicasti?
1152 3085 1251 3146 Credo
1265 3102 1352 3147 more
1366 3086 1480 3166 aspidis
1490 3084 1647 3161 clausa‚ut

73 3177 248 3257 aaar‚capite
260 3195 320 3239 mu
336 3176 358 3240 ³.
377 3203 391 3231 ι
403 3179 481 3239 Cum
494 3179 572 3258 ipsa,
588 3177 701 3258 inquit,
716 3179 825 3240 remis·
876 3178 976 3250 ailant,
993 3195 1068 3237 aure
1085 3177 1236 3238 transivit.
1255 3200 1270 3235 »

73 3269 307 3348 sopeeoatomm
322 3289 386 3331 non
400 3271 460 3331 nisi
473 3271 505 3331 in
519 3273 720 3332 conversione
728 3273 827 3333 cordis
915 3269 1048 3329 Accedat
1056 3269 1105 3328 bis
1119 3269 1258 3348 Aponius
1272 3269 1303 3330 in
1315 3268 1468 3337 Canetco‘,
1479 3271 1533 3351 qui
1545 3271 1645 3334 dallei

73 3362 202 3423 sortiatur
229 3363 372 3423 effectum
402 3362 467 3423 :iu
494 3362 554 3422 illis
583 3363 744 3439 duntaxat,
773 3365 834 3449 qni·
876 3362 1031 3422 mandatis
1042 3362 1197 3440 agens,sic
1210 3362 1367 3440 loquitur;
1382 3384 1397 3421 a
1408 3363 1482 3436 Quae
1489 3367 1644 3444 pracepit,

72 3455 190 3534 propriae
219 3454 388 3515 voluntatis
412 3460 533 3516 utentes
561 3455 700 3527 arbitrio,
729 3456 827 3523 divini
876 3453 989 3532 inquit,
1010 3453 1043 3512 in
1071 3459 1176 3513 nostra
1202 3454 1305 3533 posuit
1323 3460 1484 3535 potestate,
1508 3461 1544 3516 ut
1561 3457 1646 3535 justo

73 3547 195 3608 manens
218 3546 423 3625 opitulatione
458 3547 619 3623 conversi,
647 3552 766 3609 mutata
792 3551 827 3608 iu
872 3546 991 3625 judicio
1019 3551 1073 3607 aut
1104 3545 1348 3606 custodientibus
1379 3548 1469 3627 regni
1496 3548 1645 3609 coelorum

74 3638 255 3717 meliusvita,
271 3657 336 3700 non
359 3638 511 3699 desistunt
525 3638 763 3717 adposcendam
777 3658 825 3701 re·
877 3644 1063 3718 perpetuum
1087 3638 1236 3716 gaudium
1260 3637 1399 3714 tribuat3
1430 3644 1485 3699 aut
1508 3645 1645 3701 contem-

73 3731 237 3793 missionem
256 3737 454 3810 peecatorum
473 3748 621 3791 currere:
638 3732 826 3810 adquorum
876 3730 1022 3792 uentibus
1036 3735 1170 3791 aeternus
1183 3728 1642 3811 luctusproveniatgeliennee.a

73 3822 319 3901 perpetrationem
348 3823 411 3883 sive
447 3823 618 3883 nescientes
652 3823 826 3901 ignorantia
916 3823 952 3882 X.
976 3822 1091 3883 Auctor
1104 3821 1231 3900 insuper
1247 3822 1318 3881 libri
1338 3823 1531 3901 quaestionum
1545 3824 1647 3887 aerea
1671 3854 1816 3900 puppup„

72 3909 194 3990 impulit,
207 3929 273 3981 sen,
284 3911 368 3990 qnod
383 3916 428 3972 est
448 3911 594 3986 deterius,
609 3911 738 3973 scientes
750 3930 825 3973 con-
876 3921 904 3974 et
919 3914 988 3974 aovi
1001 3913 1184 3987 Testamenti,
1202 3913 1254 3992 qni
1269 3913 1352 3975 iuter
1365 3917 1533 3995 Augustini
1553 3937 1646 3998 opera
1672 3910 1819 3963 ΜΝ

72 4003 191 4063 nuncia
205 4003 375 4064 voluntatis
387 4002 527 4063 illexit.»
877 4006 978 4067 editus
1004 4011 1062 4082 est,
1078 4009 1109 4066 et
1127 4005 1187 4066 hoc
1205 4005 1300 4066 etiam
1319 4008 1478 4086 antiquior
1500 4010 1644 4084 habetur,
1672 3962 1813 4061 norma-

106 4096 140 4155 lit
160 4095 289 4156 subinde
314 4095 413 4174 capite
441 4113 509 4155 xrv.
535 4117 550 4152 a
567 4096 602 4155 ln
630 4096 716 4156 omni
739 4114 825 4175 ergo,

877 4106 969 4177 atque
996 4103 1032 4157 ut
1051 4098 1211 4158 nonnullis
1239 4098 1349 4178 placet,
1378 4099 1461 4160 idem
1495 4108 1542 4162 est
1574 4121 1646 4164 cunr

73 4186 130 4262 ait,
157 4191 314 4266 peccatore
346 4187 400 4266 qiri
438 4186 566 4247 arbitrio
600 4186 667 4265 jam
693 4189 825 4267 propriae
877 4191 1025 4268 scriptore
1051 4188 1116 4263 illo,
1142 4189 1196 4268 qui
1223 4192 1483 4253 commentarium
1503 4192 1537 4252 in
1560 4194 1646 4256 Pauli

877 4281 1020 4361 epistolas
1039 4280 1242 4357 elucubravit,
1257 4281 1333 4341 falso
1347 4282 1501 4344 Ambrosii
1515 4285 1645 4369 inarip-

73 4367 244 4432 beneficium
270 4372 367 4432 divini
388 4371 526 4432 muneris
550 4369 755 4431 inchoaturo
777 4373 829 4433 Est
876 4379 944 4433 tum
958 4373 1095 4434 nominc.
1110 4372 1166 4433 Ille
1180 4373 1276 4450 igitur
1289 4374 1322 4433 in
1338 4376 1509 4453 quaestione
1529 4378 1640 4457 prima,

73 4469 166 4523 antem
180 4482 252 4524 rasus
264 4463 384 4524 arbitrii
393 4464 525 4543 propriae
538 4480 573 4523 ac
590 4462 697 4523 liberm
715 4464 826 4523 volun·
876 4466 914 4526 de
929 4465 1018 4526 liberi
1031 4465 1151 4526 arbitrii
1163 4465 1342 4526 conditione
1358 4468 1480 4547 egregie
1493 4470 1598 4529 scribit
1612 4472 1644 4530 in

73 4557 150 4629 tatis,
172 4557 205 4617 in
223 4556 372 4618 electione
398 4557 535 4635 positus,
561 4573 622 4634 qua
646 4572 685 4615 ox
706 4555 828 4616 duobus
875 4557 960 4618 hunc
994 4559 1135 4633 modum,
1168 4574 1239 4617 cum
1275 4557 1421 4620 adversus
1455 4560 1644 4621 Manichacus

72 4650 329 4728 propositisuuum
339 4648 427 4708 alteri
437 4648 612 4709 voluntarie
621 4647 826 4727 purissimae,
875 4648 991 4709 nullam
1004 4657 1142 4711 naturam
1163 4667 1219 4708 esse
1241 4647 1352 4708 maium
1374 4648 1484 4727 probat
1500 4647 1535 4710 ⁸:
1558 4651 1644 4711 «Nn-

1 4750 53 4797 tnn.
73 4758 133 4818 quta
147 4742 292 4802 estliberi
304 4739 433 4815 arbitrii,
450 4747 572 4817 οὖσιώδης
587 4745 618 4800 et
638 4739 829 4819 inseparabi-
876 4748 945 4803 tura
970 4742 1066 4820 igitur
1095 4739 1261 4800 bominum
1288 4740 1413 4819 proprio
1441 4739 1569 4801 arbitrio
1599 4761 1645 4804 rc-

72 4830 104 4892 lis
117 4835 291 4913 propbetas.
876 4833 988 4909 missa,
1015 4838 1046 4892 et
1069 4831 1195 4893 dimissa
1217 4836 1317 4906 est,ut
1331 4831 1427 4908 possit
1448 4830 1547 4893 lacere
1562 4834 1646 4913 quad

108 4926 154 4986 lX.
181 4926 261 4987 Vixit
287 4925 408 5001 eadem,
434 4943 497 5003 qaia
522 4923 713 5000 Fulgentius,
738 4929 827 4985 aetate
875 4925 952 4996 vult,
979 4924 1063 4984 atsi
1089 4923 1209 4982 bonum
1235 4926 1355 4981 naturae
1380 4940 1443 4981 suro
1470 4926 1645 4988 exercitatio

72 5017 219 5079 Ennomus
230 5017 408 5079 Ticinensis.
433 5017 528 5095 Cujus
548 5016 587 5076 de
606 5015 725 5076 arbitrii
738 5015 828 5077 liberi
875 5017 1027 5091 mcliorcl,
1043 5013 1254 5075 honorabilior
1268 5013 1307 5072 sit
1326 5031 1333 5071 t
1351 5014 1376 5074 si
1392 5020 1494 5075 aulem
1509 5016 1646 5080 infirmet

71 5114 195 5185 natura,
217 5117 246 5172 et
271 5108 462 5171 indifferenti
492 5113 641 5187 potestate
669 5108 827 5185 singulare
874 5110 1014 5188 vigorem
1029 5124 1132 5180 suarm,
1154 5105 1341 5166 corrtumelia
1360 5106 1473 5186 dignus
1494 5108 1645 5171 habeatur

71 5202 268 5265 testimonium
281 5203 393 5265 merito
405 5200 714 5263 commemorandum
727 5206 772 5262 est
788 5219 827 5262 er
874 5199 1064 5279 hujusmodi.
1090 5198 1174 5259 Facit
1197 5196 1281 5270 euim
1305 5198 1390 5278 quod
1411 5202 1520 5260 contra
1543 5219 1575 5263 sc
1592 5203 1641 5287 sit.

1690 3281 1798 3339 Aponius.

72 4278 208 4340 libertatis
226 4279 346 4353 utitur,
373 4297 429 4358 per
459 4279 693 4339 couversionem
727 4279 827 4340 cordis

94 5431 214 5485 tralato
231 5436 318 5479 haara
333 5433 500 5489 maxa-s
521 5433 585 5488 sula.
600 5431 630 5476 lb.
652 5440 700 5486 cap.
721 5444 764 5479 nx.
781 5433 833 5477 -a
847 5433 915 5480 idem.
932 5432 970 5478 lib.
986 5431 1013 5477 de
1036 5431 1283 5487 embasicoetan.
1308 5442 1398 5479 rm.-
1415 5428 1503 5475 tlon.
1522 5428 1640 5476 latit.-

69 5492 114 5536 tln
125 5497 215 5549 append.
224 5504 275 5543 mro.
288 5498 324 5547 lt,
334 5498 429 5553 August.
