3936 6146
488 313 539 378 DE
559 307 858 378 thannathsare,
880 308 954 375 HR.
977 310 1033 388 tx.
1061 310 1146 377 GAP.
1168 311 1221 378 v1.
1587 312 1647 379 828

87 474 197 537 citrium
219 472 356 537 invenies
383 491 391 536 ι
415 472 469 555 qui
491 474 526 537 in
551 472 830 538 commoveretis
883 490 943 552 qua
958 473 1107 551 Verbum,
1131 490 1166 535 ao
1180 476 1261 536 Deus
1274 479 1331 551 est,
1346 480 1480 537 mortem
1495 494 1503 536 r
1519 474 1572 537 sed
1585 476 1648 538 dis·

87 562 242 626 llotttreum
262 565 340 626 mihi
359 585 424 627 non
447 566 591 642 occurrit,
606 566 640 625 in
659 584 695 626 ea
717 562 831 624 seilicet
881 563 1092 641 pensationem
1116 567 1155 624 ad
1177 565 1273 626 finem
1287 584 1384 643 usque
1405 566 1566 627 festinabat
1576 582 1647 644 per·

86 654 205 725 homilia,
219 660 251 717 in
274 676 335 737 qua
353 657 490 718 Matthaei
503 659 599 718 verba
614 657 666 717 illa
682 656 830 735 Chryses·
882 654 1004 722 ducere.
1038 657 1110 716 Haeo
1145 657 1229 717 enim
1262 657 1404 717 voluntas
1437 662 1504 719 erat
1535 658 1646 719 Patris.

86 753 173 808 tomus
181 748 327 828 explieat3
344 761 471 828 qoaeest
484 748 782 828 octogesima-tertia.
884 742 984 805 Habet
1022 753 1127 807 autem
1151 753 1188 807 ut
1212 748 1293 808 mori
1320 748 1408 822 nolit,
1444 768 1484 809 ex
1506 750 1648 829 eoquod

117 834 202 899 Testis
213 836 348 917 ejusdem
367 846 413 901 est
434 841 630 902 voluntatum
648 838 832 901 discriminis
882 854 953 897 earo
967 843 1100 898 mortem
1115 839 1296 899 naturaliter
1308 840 1458 901 recusetl.
1469 862 1485 899 r

86 927 112 988 in
124 929 232 990 Christo
246 931 378 1010 Cyrillus
391 932 621 993 Alexandrinus
633 951 641 993 ι
653 931 741 1010 eujus
755 949 832 1010 prae·
923 928 999 987 Vide
1014 930 1179 1007 Epiphanii
1190 930 1303 1008 lorum,
1318 933 1351 992 in
1363 951 1424 1010 quo
1435 933 1582 993 humanas
1595 951 1648 994 na·

85 1020 194 1099 clarum,
213 1042 247 1083 ao
259 1023 327 1084 fuse
345 1029 391 1085 est
410 1024 596 1104 explicatum
616 1023 832 1084 testimonium
882 1024 962 1079 ture
976 1020 1100 1099 proprio
1111 1022 1255 1082 voluntas
1266 1028 1372 1101 aperte
1390 1024 1590 1103 significatur.
1615 1025 1648 1085 in

84 1112 213 1191 inquarlo
232 1115 527 1177 commentariorum
535 1116 566 1176 ιή
575 1114 832 1193 Joamrem,capite
883 1111 962 1170 libio
980 1117 1087 1172 Octavo
1106 1113 1183 1173 lomi
1201 1114 1294 1192 hujus
1318 1116 1415 1194 capite
1437 1115 1579 1192 ociaV0⁸‚
1594 1117 1649 1177 ubl

85 1204 180 1283 primo,
193 1202 231 1265 ad
258 1202 325 1267 haee
349 1201 445 1269 verba
473 1207 611 1269 Christi:
635 1205 776 1268 Descendi
798 1205 833 1267 de
884 1204 1061 1263 Graoorum
1078 1204 1203 1264 Patrum
1223 1206 1261 1266 de
1283 1207 1403 1267 duabus
1417 1208 1648 1287 operationibus

84 1293 142 1355 colo
152 1290 172 1373 ¹,
187 1314 242 1357 non
270 1302 304 1357 ut
327 1298 438 1377 soriam
452 1287 634 1361 volunlatem
660 1317 766 1367 meam,
785 1296 835 1358 sed
883 1294 1043 1373 complura
1071 1297 1245 1357 testimonia
1270 1297 1489 1375 proferuntur,
1516 1319 1585 1379 quoa
1609 1300 1649 1360 ad

86 1385 241 1449 οοίοαοσίσοι
257 1393 333 1467 ejus,
356 1390 411 1471 qui
432 1386 516 1452 misit
533 1409 590 1451 mr.
611 1391 654 1451 lbi
674 1401 778 1454 θάνατον
791 1390 834 1450 ait
883 1388 1067 1461 voluntates,
1091 1393 1126 1448 ut
1143 1388 1209 1466 jam
1232 1387 1306 1464 dini,
1332 1393 1559 1452 aooommodari
1579 1411 1650 1471 pos·

84 1485 206 1556 orthem
220 1479 326 1554 simul,
352 1487 382 1542 et
405 1491 506 1558 θελητσν
528 1481 620 1543 fuisse
644 1483 777 1556 Christo,
800 1483 832 1542 id
883 1486 966 1539 sunt.

84 1574 242 1631 &mortem
257 1591 317 1633 nort
332 1573 546 1649 volontarium,
563 1579 594 1635 et
607 1573 833 1634 voluntarium:
924 1570 993 1630 Vll.
1017 1570 1071 1630 His
1094 1589 1208 1649 paucos
1231 1589 1270 1632 ex
1293 1573 1411 1633 Latinis
1433 1574 1647 1652 adjungamus,

84 1652 395 1741 idqueprobotexilla
415 1656 640 1744 orationeque
658 1667 781 1727 Patrem
799 1666 832 1726 in
884 1663 938 1742 qui
964 1663 1136 1723 voluntates
1172 1664 1248 1723 duas
1273 1665 1458 1742 nominatim
1481 1666 1647 1727 declarant.

84 1750 158 1814 horto
168 1761 307 1834 precatus
321 1763 376 1817 est.
396 1757 501 1817 uNam
512 1776 574 1836 qua
583 1759 664 1818 Deus
679 1763 746 1818 orat
758 1759 833 1819 Ver·
885 1754 1069 1815 Ambrosius
1092 1754 1126 1813 in
1146 1754 1226 1815 libro
1246 1757 1381 1817 seeundo
1401 1754 1436 1818 de
1451 1756 1535 1832 Fide,
1552 1759 1650 1838 eapite

84 1840 154 1917 bum,
176 1844 361 1909 immortalis
385 1862 416 1909 ot
437 1848 646 1929 incorruptus,
671 1868 733 1909 non
759 1867 832 1911 eum
883 1847 987 1921 terim,
1018 1852 1180 1925 postquam
1206 1846 1321 1917 docuit,
1344 1849 1496 1921 eamdem,
1525 1868 1593 1929 quae
1616 1851 1651 1910 iu

83 1934 218 2016 expetisse
242 1945 397 2014 mortem,
422 1945 498 2020 puto
522 1940 667 2001 omnibus
693 1941 833 2021 apprime
885 1940 973 1999 Patre
987 1937 1077 2013 inest,
1093 1936 1287 1999 voluntatem
1302 1941 1335 2000 in
1349 1941 1470 2002 Christo
1489 1960 1554 2002 esso
1575 1941 1651 2002 divi-

83 2029 259 2109 perspieuum
270 2048 350 2091 esse.
366 2028 494 2103 Verum,
513 2038 662 2111 tanquam
675 2038 834 2112 assumpta
884 2049 959 2090 nam
976 2049 983 2090 :
999 2030 1057 2089 ista
1081 2029 1240 2090 subtexits
1278 2052 1293 2088 u
1306 2032 1374 2092 Una
1398 2051 1471 2111 ergo
1494 2033 1648 2101 voluntas,

83 2139 167 2195 runs,
181 2120 253 2181 huie
268 2122 335 2202 pati
351 2118 476 2203 propria
494 2123 654 2203 permittit,
677 2130 707 2184 et
725 2124 833 2185 immi·
885 2121 939 2181 uhi
963 2140 1027 2181 una
1051 2122 1199 2200 operatio.
1215 2122 1251 2180 ln
1279 2124 1344 2182 Deo
1373 2123 1457 2184 enim
1483 2124 1651 2187 voluntatis

84 2218 189 2273 uenum
203 2214 286 2275 uelut
301 2233 358 2294 pro
371 2210 488 2275 loribus
499 2220 633 2276 mortem
642 2216 715 2276 sinit
724 2217 835 2277 exhor·
885 2212 988 2291 series,
1003 2211 1190 2291 operationis
1213 2212 1339 2273 effeetus
1357 2222 1414 2274 est.
1439 2214 1499 2275 Sed
1521 2216 1581 2276 alia
1600 2236 1653 2277 νο·

83 2322 201 2380 resrem3
215 2310 250 2365 ut
263 2324 378 2366 rerum
400 2323 432 2367 se
445 2306 605 2368 hominem
621 2307 830 2387 probaretur
885 2300 988 2365 luntas
1013 2296 1160 2379 hominis,
1181 2303 1241 2364 alia
1268 2306 1334 2366 llei.
1360 2306 1498 2385 Denique
1520 2313 1556 2368 ut
1577 2309 1654 2369 scias

84 2392 148 2474 Ergo
159 2396 224 2457 duas
234 2400 266 2457 in
279 2394 335 2457 illo
342 2397 514 2459 voluntates
523 2399 709 2460 exstiterunt
717 2421 726 2476 ;
739 2400 835 2462 alteru
885 2396 981 2458 vitam
995 2397 1028 2455 in
1051 2394 1208 2455 voluntate
1222 2414 1287 2456 esse
1311 2397 1461 2474 hominis,
1475 2399 1548 2477 quia
1568 2417 1652 2460 mor-

84 2483 180 2561 dimna,
190 2486 313 2546 timoris
334 2505 464 2566 expers3
487 2487 583 2549 altera
601 2489 747 2562 hnmana,
764 2508 835 2569 quar
885 2493 950 2549 tem
973 2488 1136 2561 timemus;
1162 2487 1337 2566 passionem
1358 2495 1464 2549 autem
1484 2490 1597 2551 Christi
1620 2492 1652 2552 iu

85 2583 199 2637 mortem
212 2577 463 2657 pertimescebat.
886 2579 1045 2640 voluntate
1072 2578 1186 2647 diuina,
1215 2583 1252 2639 ut
1276 2585 1435 2657 pateretur
1459 2601 1516 2660 pro
1543 2583 1652 2658 nohis3

116 2668 199 2730 Paulo
211 2666 287 2730 item
298 2674 416 2749 postea,
428 2664 540 2730 Filium
550 2669 669 2743 asserit,
684 2677 836 2750 quatenus
887 2688 958 2731 oum
972 2668 1079 2730 Petrus
1093 2670 1260 2730 Dominum
1273 2671 1366 2732 vellet
1378 2690 1396 2731 a
1410 2674 1552 2750 passione
1565 2692 1654 2735 revo-

85 2760 213 2837 lleusest,
233 2779 310 2822 enm
325 2758 414 2821 Patre
436 2758 577 2822 eamdem
594 2758 708 2822 habere
728 2762 836 2822 volun·
886 2781 967 2835 rare,
988 2758 1137 2823 Dominus
1164 2761 1217 2837 ait,
1247 2760 1315 2822 Non
1337 2762 1494 2842 sopirent,
1511 2784 1577 2845 qooe
1599 2765 1657 2826 liei

84 2854 162 2911 tatem
178 2872 185 2912 :
202 2859 236 2913 ut
249 2859 359 2915 autem
374 2858 422 2913 est
433 2853 540 2928 homo,
556 2872 668 2914 ‹rasua
679 2852 836 2915 voluntate
886 2862 964 2931 sunt,
979 2852 1030 2914 sod
1051 2871 1118 2934 puro
1146 2861 1213 2913 sunt
1234 2848 1396 2913 lominum.
1418 2855 1559 2934 Suseepit
1582 2875 1656 2935 orgo

84 2944 268 3019 recedentem,
285 2948 449 3025 paternam
466 2940 623 3025 impleret.
639 2966 654 3002 ο
887 2946 1080 3006 voluntatem
1094 2961 1214 3019 meam3
1229 2945 1360 3025 suscepit
1376 2946 1531 3005 tristitiam
1541 2965 1655 3008 meam.

116 3034 162 3096 His
182 3056 335 3116 germana
357 3043 441 3113 sunt,
458 3055 528 3116 quae
551 3055 590 3098 ex
612 3030 836 3098 commentario
888 3036 1085 3099 confidenter
1098 3034 1254 3096 tristitiam
1277 3037 1419 3110 nomino,
1440 3040 1513 3115 quia
1534 3057 1658 3100 orueem

85 3122 109 3183 ιί
120 3122 288 3189 staturum
303 3126 442 3206 ejusdem
456 3124 564 3208 cyrilli
577 3127 703 3189 recitata
715 3134 789 3188 sunt
803 3126 837 3188 in
888 3129 1033 3211 praedico.
1049 3128 1117 3190 hloa
1128 3133 1174 3188 est
1187 3128 1341 3203 voluntas,
1357 3147 1451 3207 quam
1465 3146 1554 3190 suam
1567 3130 1656 3207 diuit5

85 3222 154 3279 sexu
167 3220 321 3299 synodo²‚
337 3226 431 3300 atque
447 3214 528 3281 inter
542 3220 602 3280 alia
615 3218 702 3280 loeus
716 3238 837 3299 expres
888 3221 961 3301 quia
974 3225 1009 3281 ut
1032 3219 1128 3280 homo
1153 3221 1285 3300 suscepit
1305 3221 1460 3281 tristitiam
1480 3240 1604 3297 meam3
1624 3230 1659 3283 ut

84 3308 202 3371 sissimus
211 3319 257 3373 est
272 3313 315 3372 ex
328 3317 414 3371 tomo
428 3309 610 3372 duodecimo
624 3331 631 3371 :
648 3306 756 3390 inquo
771 3330 838 3371 ora·
888 3314 981 3372 homo
1002 3312 1152 3390 loquutus
1174 3317 1230 3373 ost.
1255 3308 1325 3372 Ideo
1349 3312 1402 3387 ait,
1433 3331 1490 3373 reon
1504 3314 1581 3374 siout
1608 3334 1658 3394 opo

85 3400 184 3463 tionem
207 3398 297 3465 illam
324 3400 358 3463 in
382 3402 473 3464 horto
498 3404 599 3464 lusam
626 3398 666 3463 ad
692 3405 835 3473 Patrem,
889 3396 963 3478 uolo,
980 3396 1028 3464 sori
1039 3403 1117 3463 sieut
1132 3407 1165 3462 tu
1178 3403 1230 3462 ois.
1246 3423 1262 3461 r

84 3500 287 3571 argumentum
319 3494 364 3556 ait
393 3495 541 3556 humanae
567 3494 661 3556 luisse
690 3500 811 3555 naturae
826 3513 838 3556 .·
929 3490 1018 3554 ldem
1030 3494 1064 3554 in
1077 3494 1157 3553 libro
1177 3492 1298 3554 decimo
1312 3495 1608 3556 commentariorum
1629 3496 1660 3556 in

88 3606 98 3637 ι
118 3587 366 3667 quandoquidem
393 3591 548 3667 quatenus
576 3591 621 3647 esi
646 3584 745 3663 Deus,
774 3605 839 3646 non
889 3582 1021 3647 terrant
1035 3604 1047 3647 .·
1066 3607 1078 3642 ο
1096 3584 1184 3657 Quod
1197 3585 1368 3660 antemisit,
1382 3584 1451 3646 Non
1464 3604 1528 3647 roeo
1559 3585 1661 3649 volun·

85 3672 203 3738 abscedit
221 3678 419 3739 avolantate
440 3675 547 3752 Patris,
570 3679 634 3738 sive
648 3677 753 3758 potius
774 3676 839 3758 ipse
891 3684 946 3750 ius,
979 3674 1028 3737 sod
1045 3685 1095 3737 ura
1122 3675 1187 3756 piot.
1200 3677 1313 3754 inquit,
1329 3695 1418 3737 suom
1441 3678 1480 3738 ad
1499 3678 1662 3740 hominem

86 3767 210 3830 uoluntas
223 3770 280 3831 Dei
295 3774 353 3841 est,
372 3776 402 3830 et
412 3770 516 3831 Patris
526 3776 549 3830 ⁰.
568 3790 580 3826 ν
890 3768 1006 3841 retulit,
1022 3768 1120 3828 Patris
1139 3768 1179 3828 ad
1192 3767 1397 3830 divinitatem.
1414 3770 1566 3830 Voluntas
1577 3772 1663 3833 enim

118 3858 164 3921 sio
189 3860 221 3921 in
249 3858 334 3922 libro
362 3858 463 3922 XXIV
492 3858 718 3936 rtesanrorum,
746 3850 839 3921 utin
890 3858 1045 3931 hominis,
1080 3860 1273 3939 temporahs;
1296 3860 1442 3922 voluntas
1482 3862 1662 3941 divinitatis,

85 3950 178 4011 eadem
200 3950 316 4014 citatur
341 3952 461 4033 synodo
489 3956 585 4027 sexta,
604 3952 722 4013 melum
751 3951 839 4012 illurn
891 3956 1019 4012 aeterna.
1036 3952 1105 4010 Non
1127 3950 1188 4011 alia
1205 3950 1349 4011 voluntas
1364 3951 1474 4027 Patris,
1498 3954 1559 4014 alin
1572 3955 1640 4015 Filii
1652 3974 1661 4030 ;

86 4043 194 4121 mortis,
219 4044 251 4104 et
275 4045 461 4120 horrorem,
486 4048 516 4104 et
542 4044 751 4111 voluntatem,
779 4061 841 4122 qua
892 4062 955 4103 una
967 4042 1051 4103 enim
1064 4042 1220 4111 voluntas,
1232 4038 1287 4102 ubi
1299 4061 1362 4103 una
1375 4043 1529 4105 divinitas.
1544 4066 1560 4102 ο

85 4128 839 4212 illamdetrectahat,nondivinaraitossenaturae‚
933 4136 1055 4194 Rursus
1077 4133 1111 4194 in
1133 4133 1329 4195 enarratione
1341 4131 1459 4195 Psalmi
1475 4153 1612 4212 xxxvm,
1626 4138 1665 4199 de

84 4223 128 4284 sod
147 4225 306 4290 humanm.
336 4226 442 4290 «son
465 4220 605 4303 timebat,
627 4227 739 4307 inquit,
760 4220 838 4306 ipse,
894 4222 1003 4287 iisdem
1031 4222 1144 4286 Christi
1164 4225 1267 4287 verbis
1287 4243 1401 4304 agens3
1427 4225 1521 4287 Pater
1541 4228 1575 4301 si=
1589 4246 1665 4307 pos·

84 4422 148 4492 lile,
160 4424 217 4482 ἀλλ’
233 4427 269 4492 ὣς
287 4426 329 4482 σί.
343 4424 384 4480 καί
398 4426 462 4481 ίδιον
485 4426 528 4500 μὲν
547 4428 642 4500 θέλημα
656 4427 720 4501 ἔχειν
735 4424 845 4499 ἐναργῶς
932 4427 949 4482 b
968 4424 1038 4482 loto.
1058 4427 1113 4479 Τῶν
1133 4424 1176 4498 μὲν
1200 4424 1296 4479 οἰκείων
1318 4425 1412 4495 ἀπέστη
1434 4427 1589 4500 triunitas,
1613 4428 1663 4483 ἀπο

85 4509 211 4579 παρίστησι·
225 4510 352 4584 προκρίνει
366 4510 392 4564 hl
405 4514 532 4584 πανταχαῦ
546 4514 591 4565 ταῦ
611 4510 672 4563 iilos
687 4510 715 4565 τί)
728 4510 844 4583 πατρικὸν
894 4510 989 4581 πληροῖ
1000 4508 1026 4562 δὲ
1039 4509 1069 4561 τί)
1082 4512 1126 4562 τοῦ
1137 4510 1238 4581 πατρός.

85 4589 176 4664 iiluna.
930 4591 996 4646 cln
1012 4591 1119 4660 Vlsyn.
1146 4589 1220 4643 Ἐπεί
1237 4590 1300 4644 κατὰ
1315 4593 1345 4645 τί)
1359 4585 1487 4655 είναιθεδς
1502 4591 1546 4645 oda
1559 4592 1668 4654 ἕξωτῶν

115 4689 134 4728 α
150 4676 260 4731 clatet.
278 4674 315 4732 ll‘
326 4679 359 4731 in
376 4670 461 4732 Idan.
481 4672 539 4729 Ὅτι
554 4674 599 4746 μὲν
617 4674 665 4747 γὰρ
688 4671 703 4748 ᾖ
725 4674 777 4737 θεὸς
787 4670 816 4742 ἢν
832 4672 846 4728 d
896 4679 939 4727 τοῦ
951 4674 1042 4745 πατρὸς
1054 4670 1199 4744 θελημσίτισν
1214 4672 1276 4726 ἐστί.
1294 4675 1390 4745 μᾶλλον
1405 4672 1432 4726 δὲ
1446 4671 1520 4736 αίιτός
1534 4675 1599 4729 ἐστιν
1611 4672 1667 4747 βοί-

86 4754 158 4829 ldm,
172 4759 294 4821 Μνασός
307 4772 346 4823 τε,
357 4760 398 4811 καὶ
412 4758 566 4830 ἇόιίρίορος,
580 4759 620 4811 καί
637 4757 697 4811 αὐτὸ
705 4756 767 4811 κατὰ
777 4758 846 4828 φύσιν
896 4756 966 4824 ληοις
978 4762 1021 4810 τοῦ
1031 4754 1096 4821 θεοῦ,
1111 4757 1151 4809 καὶ
1163 4757 1265 4827 πατρὸς.

86 4840 392 4908 ίῡὴ,ιατασήοσιινσίκ
412 4841 662 4913 perstridere,
684 4843 759 4894 πᾶσιν
777 4834 848 4912 οἶμαι
933 4837 1082 4895 chtnltt.
1100 4838 1150 4892 llb.
1175 4836 1259 4894 xxiv
1279 4835 1359 4892 erds.
1389 4836 1436 4893 ull.
1465 4838 1496 4895 in
1521 4850 1580 4896 sex.
1604 4856 1667 4912 syn.

86 4923 275 4990 ησὴλόσαοσν.
291 4922 412 4994 ίπισρίπιι
429 4942 459 4995 γε
480 4923 537 4995 μὴν,
558 4924 594 4986 ὣς
608 4922 848 4995 ίνσαρκίγσγονὼς,
898 4920 954 4978 ooli
969 4934 998 4976 xa
1017 4919 1193 4988 Οὗκίφοᾶιιτο
1217 4918 1261 4991 μὲν
1281 4918 1343 4990 γὰρ,
1368 4920 1429 4973 καθὸ
1453 4922 1529 4993 λόγος
1552 4923 1615 4987 ἐστὶ,
1629 4923 1670 4976 καί

87 5000 205 5076 benhur
228 5005 262 5059 τὰ
278 5004 330 5059 ἴδια
351 5009 382 5077 τῇ
408 5006 497 5077 σαρκί,
520 5008 560 5059 καί
573 5006 791 5079 moritoilensem
810 5003 849 5058 ίπί
898 5004 963 5069 θοὸς,
977 5004 1020 5056 τὸν
1033 5003 1137 5055 θάνατον
1156 5001 1237 5063 αὐτός.
1258 5000 1315 5055 ἀλλ’
1334 5001 1368 5064 είς
1389 5003 1460 5065 τέλος
1480 5003 1598 5076 διεξάγειν
1626 5005 1670 5072 τὴν

87 5084 159 5157 lipare
171 5086 339 5155 ίπσκπήσσειν
361 5086 391 5159 ίᾷ
408 5086 451 5143 τίν
471 5088 586 5160 θάνατον,
606 5088 648 5141 ἵνα
661 5088 773 5159 φαίνηται
787 5086 850 5145 κατὰ
899 5085 1040 5157 οἰκονομίαν
1052 5084 1176 5155 ἠπείγετο.
1185 5089 1259 5137 τοῦτο
1268 5083 1316 5156 γὰρ
1329 5081 1359 5153 ἢν
1369 5085 1398 5138 τὸ
1412 5086 1508 5158 θέλημα
1516 5093 1560 5141 τοῦ
1568 5088 1669 5159 πατρὸς.

90 5165 194 5236 &hidem
208 5170 346 5242 ἅνθρωπος,
899 5168 953 5242 ἔχει
965 5168 991 5221 δὲ
1005 5168 1034 5222 τί)
1049 5166 1081 5239 μὴ
1098 5167 1174 5220 θέλειν
1190 5166 1332 5234 ἀποθανεῖν,
1346 5168 1386 5222 διὰ
1402 5169 1432 5223 τὸ
1444 5170 1612 5242 παραιτεῖσθαί
1625 5169 1669 5235 τὴν

900 5252 978 5323 σάρκα
989 5250 1030 5303 τον
1044 5251 1148 5303 θάνατον
1162 5256 1278 5321 φυσικῶς.

113 5436 123 5478 ¹
134 5439 212 5483 Ισσσνα.
225 5451 256 5491 n,
266 5440 299 5485 tt.
312 5459 338 5474 -·
353 5441 429 5486 thot.
441 5452 461 5485 ι.
473 5460 500 5474 -
513 5441 527 5484 ³
538 5437 615 5495 lorea.
625 5440 646 5483 ¹1.
658 5438 706 5483 -t
716 5440 767 5484 lot.
778 5448 823 5483 m.
834 5459 862 5472 -
873 5438 887 5483 5
899 5436 961 5482 hmlr.
973 5436 996 5481 ln
1006 5446 1053 5493 ονρ.
1064 5446 1119 5488 ssu,
1132 5436 1182 5480 tuo.

1701 1591 1760 1634 ldem
1770 1602 1821 1645 pro·

1717 1644 1783 1687 betur

1709 1697 1795 1739 Latinis

1692 1749 1802 1793 Patribus.
