3932 6142
486 343 536 405 DE
555 341 858 417 INGARNATIONE,
878 341 948 401 LIB.
971 340 1050 414 VllI,
1076 341 1162 402 GAP.
1182 341 1267 402 VllI.
1598 347 1659 408 239

94 508 275 582 hereticum
290 509 414 569 Densus
434 507 591 581 formidat,
611 513 641 568 et
661 511 794 580 recusat,
815 510 847 565 et
894 506 986 580 tinet,
1014 524 1078 566 non
1112 505 1216 584 minus
1248 505 1288 566 ad
1321 505 1404 566 idem
1438 513 1659 585 argumentum

93 604 241 661 cunctatur
253 605 286 660 et
296 600 402 660 dolore
411 598 564 660 afficitur?
579 599 613 659 Si
624 598 846 675 affirmet,pro-
894 616 1047 677 expressa,
1062 616 1132 676 quae
1144 598 1189 658 ibi
1201 597 1261 676 legi
1275 603 1431 676 poterunt.
1446 600 1521 672 Quae
1534 599 1660 678 quidam

92 690 177 751 calab
187 709 224 751 eo
233 691 357 767 recede,
370 691 571 752 etinfracnm
580 690 702 751 diabolo
712 689 845 750 amanda
894 689 928 748 in
942 695 1026 749 sexta
1039 689 1159 768 synodo
1172 689 1250 749 lecta
1264 695 1336 749 sunt
1353 707 1392 749 ex
1414 691 1542 751 homilia
1565 708 1659 753 nxxxr

92 782 177 860 ipsum
186 802 196 859 ;
211 783 274 844 imo
294 782 329 842 in
351 783 529 844 interiorem
547 783 647 843 adhuc
661 782 714 842 illo
728 782 841 842 locum.
895 780 927 839 ι’νι
939 779 1125 855 Mottboeum,
1141 799 1211 860 quse
1222 781 1256 840 in
1269 783 1377 841 Graeca
1391 781 1509 842 Savillii
1526 782 1660 844 editione

92 873 150 935 Non
168 874 252 935 urim
273 875 333 936 hoe
351 875 408 934 iste
435 874 535 935 dicere
563 875 686 935 audeat.
710 872 800 938 Quod
820 871 847 931 si
895 872 1192 947 octogesima-tertia
1205 878 1397 933 numeratur.

92 965 158 1025 nihil
168 964 344 1027 istiusmodi
357 966 523 1026 convenire
536 966 601 1026 Deo
614 964 761 1038 fateatur3
778 972 846 1025 tum
937 963 997 1024 Sed
1010 981 1111 1024 unum
1120 964 1258 1042 ejusdem
1266 964 1517 1044 incomparabilis
1526 966 1661 1027 doctoris

91 1055 157 1117 illud
169 1057 269 1135 objice
287 1077 297 1118 2
316 1057 416 1136 Igitur
438 1075 539 1136 neque
557 1059 637 1118 Deus
658 1064 736 1132 orat,
753 1077 768 1113 ν
786 1063 844 1117 etc.
895 1054 999 1115 locum
1011 1058 1167 1135 preterire
1180 1074 1311 1135 nequeo,
1327 1057 1381 1136 qui
1395 1057 1428 1117 in
1444 1064 1528 1118 sexta
1541 1059 1661 1138 synodo

92 1149 159 1209 Tum
179 1149 300 1211 utiliter
324 1148 480 1221 admonet,
504 1149 660 1210 Christum
682 1148 846 1226 utriusque
895 1147 1007 1207 allatus
1023 1153 1068 1207 est
1086 1166 1124 1208 ex
1138 1149 1266 1208 homilia
1283 1149 1617 1229 sexagesima-septima
1631 1150 1662 1210 ιἰι

90 1246 197 1301 natura
223 1242 318 1315 vices,
340 1247 372 1302 et
398 1240 499 1302 officia
522 1241 566 1301 ita
587 1246 784 1319 temperasse,
811 1246 847 1299 ut
895 1237 1053 1313 Jooooem,
1074 1238 1107 1298 in
1131 1257 1193 1318 qua
1217 1239 1371 1318 hodieque
1397 1240 1510 1319 legitur
1526 1260 1534 1300 ι
1550 1240 1598 1301 Ibi
1622 1241 1662 1302 ad

91 1333 357 1410 quaungulnrum
367 1332 591 1412 propriasunt,
605 1331 848 1409 alternisaxpro·
895 1329 948 1389 illa
962 1329 1072 1390 Christi
1085 1330 1191 1405 verba,
1220 1329 1310 1391 Nunc
1340 1331 1439 1393 animo
1461 1350 1524 1392 meu
1543 1330 1663 1393 turbato

90 1430 199 1485 maret:
219 1449 236 1477 ι
253 1442 290 1485 ac
310 1441 539 1502 nonnunquam
558 1423 729 1484 solitariam
751 1423 846 1483 desti·
895 1419 964 1498 est³‚
1002 1421 1147 1494 adnotat,
1170 1422 1253 1482 huno
1286 1423 1319 1482 in
1340 1441 1373 1484 se
1396 1427 1497 1484 carnis
1518 1423 1663 1485 affectum

90 1515 330 1577 timensuuram
340 1517 521 1582 humanam,
536 1520 568 1575 et
580 1514 721 1575 divinam
734 1513 763 1574 ei
777 1532 848 1593 ope
896 1511 1064 1591 suscepisse
1087 1513 1257 1589 Christum,
1276 1520 1313 1574 ut
1336 1532 1409 1576 vere
1432 1521 1608 1594 angeretur,
1632 1520 1664 1577 et

90 1606 230 1667 rationem
258 1607 469 1680 substraxisse,
485 1612 519 1666 ut
543 1606 610 1683 ejus
633 1604 847 1667 infirmitatem
897 1603 1664 1684 mortishorrorepertunderetur,nehocbomines

90 1699 253 1772 mudena,
268 1705 390 1760 naturae
403 1699 500 1776 ipsius
516 1698 610 1759 fidem
623 1696 736 1758 iaceret
749 1717 757 1758 ι
772 1697 849 1758 alias
897 1697 1015 1756 causmi
1029 1701 1169 1775 possent;
1188 1715 1254 1756 non
1269 1715 1420 1776 magnum
1442 1698 1531 1759 illum
1549 1698 1661 1776 iacere,

89 1806 147 1850 eam
159 1790 448 1869 potioriorcultasse
456 1789 582 1865 virtute,
592 1789 640 1850 uti
653 1808 718 1850 non
727 1789 847 1849 nudum
897 1787 951 1866 qui
971 1789 1011 1847 ad
1033 1794 1167 1849 mortem
1181 1788 1397 1867 perferendam
1415 1796 1539 1851 ceteros
1558 1792 1662 1851 horta·

89 1879 240 1943 homnem
260 1899 325 1942 esse
352 1881 454 1943 scires.
477 1881 743 1954 Quemadmodum
762 1881 848 1942 enim
895 1886 994 1955 retur,
1009 1880 1158 1959 cumipse
1173 1885 1260 1940 extra
1273 1880 1384 1956 aleam,
1399 1889 1430 1941 et
1442 1900 1567 1943 sensum
1580 1883 1664 1943 illius

89 1972 525 2053 sihumansprreseperpetuo
534 1973 666 2043 tulisset,
676 1973 737 2033 hoc
747 1990 848 2033 unum
897 1972 1664 2051 esset,quaraipsummetangoremetansietatem

88 2080 143 2125 case
155 2064 292 2127 creditus
304 2065 428 2139 fuisset;
450 2065 494 2125 its
507 2064 533 2124 si
541 2063 710 2125 divinitatis
723 2066 849 2144 propria
898 2061 983 2122 iilam
1004 2080 1114 2123 revera
1135 2063 1306 2141 pertulisse.
1330 2066 1410 2125 Tum
1430 2066 1540 2126 addit:
1563 2067 1665 2126 «Haeo

88 2172 196 2236 oemper
209 2154 372 2230 effecisset,
388 2174 481 2216 nemo
502 2155 728 2234 susceptionem
748 2156 847 2216 carnis
897 2159 1001 2213 autem
1029 2160 1194 2233 ossismptoe
1219 2160 1340 2215 naturae
1362 2165 1446 2233 sunt,
1463 2175 1526 2223 non
1550 2157 1663 2217 divini-

88 2264 181 2307 reram
190 2247 289 2308 tuisse
302 2247 451 2307 eraderet.
462 2248 631 2325 Propterea
642 2247 727 2306 varie
737 2247 846 2321 utitur,
897 2245 979 2305 tatis.
995 2246 1112 2306 Idcirco
1129 2246 1224 2305 dicit:
1240 2245 1330 2307 Nunc
1349 2248 1451 2308 anima
1465 2249 1665 2310 montariolo

88 2343 193 2399 actum
212 2338 322 2407 verba,
340 2343 406 2398 tum
420 2338 501 2399 lacta
514 2341 580 2416 ipsa
593 2339 701 2399 miscet
716 2355 723 2397 z
740 2345 849 2398 aeaut
897 2341 940 2396 eat
968 2337 1234 2416 [Quondoqnidem
1260 2338 1320 2398 nisi
1345 2338 1388 2399 ita
1411 2357 1443 2399 se
1467 2358 1517 2400 res
1540 2340 1662 2409 habeat,

88 2428 163 2490 Pauli
186 2430 396 2506 samosateni,
416 2436 470 2491 aut
493 2428 669 2502 Marcionis,
694 2434 725 2489 et
749 2429 849 2490 Mani·
897 2429 1053 2506 quomodo
1067 2446 1257 2507 consequens
1270 2437 1315 2491 est
1330 2432 1414 2509 quod
1427 2431 1662 2509 dicitur,Pcter,

88 2521 155 2581 ahai
179 2521 311 2598 morbo,
333 2527 365 2582 at
392 2522 522 2582 insanias
550 2520 741 2583 occasionem
767 2517 848 2600 prae-
895 2519 978 2580 solco
992 2538 1087 2580 mccx
1105 2518 1251 2599 toruior)
1267 2521 1352 2582 etita
1364 2522 1488 2582 turbata
1502 2529 1548 2583 est
1564 2538 1620 2583 :ut
1633 2529 1666 2584 et

87 2610 203 2674 beau.»
895 2610 1020 2671 libermi
1048 2612 1119 2671 inde
1145 2612 1300 2690 postulet,
1329 2614 1356 2673 si
1381 2614 1507 2692 quidem
1530 2615 1665 2695 effugere

121 2705 187 2767 Hac
213 2704 418 2780 sanctissimi,
449 2703 682 2783 gravissimique
715 2702 848 2763 doctoris
896 2707 1009 2781 posset.
1025 2703 1080 2762 Hae
1100 2710 1175 2764 sunt
1194 2704 1341 2764 hnmanae
1364 2712 1484 2766 naturae
1502 2706 1664 2767 imbecilli-

86 2798 247 2875 quamlibet
272 2798 386 2876 longa,
416 2796 467 2857 hic
490 2797 619 2857 omnino
647 2794 847 2857 describenda
897 2792 1041 2854 aust.»
1072 2795 1110 2854 Et
1140 2795 1232 2871 paulo
1259 2801 1346 2874 post,
1380 2798 1504 2870 «Quod
1529 2799 1665 2859 multum

87 2886 170 2949 tuba
182 2888 334 2964 inerunt3
350 2887 435 2967 quod
445 2887 523 2947 nihil
536 2888 575 2947 ait
588 2887 628 2947 ad
646 2885 847 2959 frangendam
897 2883 1047 2946 humanae
1061 2884 1232 2946 affectionis
1246 2886 1371 2963 indicat,
1381 2892 1413 2947 et
1424 2894 1568 2949 naturam
1583 2890 1665 2951 mori

85 2977 846 3058 lionotheletarumperaqneachlonophysitarum
897 2976 1131 3051 detrectantem,
1145 2993 1181 3038 ac
1194 2978 1354 3055 presentis
1375 2979 1446 3038 vita
1464 2980 1661 3043 retinentem.

87 3073 280 3149 proterviam,
296 3071 459 3145 efficacius,
472 3087 507 3131 ac
519 3069 674 3130 disertius.
898 3068 965 3140 Qua
984 3085 1019 3128 re
1040 3069 1231 3144 ostendebat,
1244 3087 1309 3129 non
1330 3086 1362 3131 se
1376 3070 1415 3130 ab
1433 3061 1579 3133 humanis
1598 3092 1665 3135 essa

119 3163 233 3224 1111111
248 3164 369 3242 synodo
382 3161 477 3223 sexta¹
494 3163 641 3222 recitatus
653 3165 700 3221 est
709 3160 849 3238 ejusdcm
897 3157 1111 3219 affectionibus
1123 3159 1309 3221 immunem.
1322 3161 1362 3221 Ut
1376 3162 1462 3222 enim
1475 3163 1592 3226 esurire
1606 3165 1666 3226 cri·

91 3253 298 3333 Chrysostomi
312 3255 397 3315 locus
419 3271 458 3314 ex
474 3252 671 3313 enarratione
683 3250 850 3311 verborum
898 3249 978 3309 mini
991 3268 1056 3311 non
1065 3252 1206 3329 vertitur,
1220 3270 1323 3330 neque
1337 3253 1493 3315 dormire:
1507 3255 1550 3316 ita
1564 3274 1665 3335 neque

90 3344 215 3407 istorum
241 3346 411 3407 blatthoei:
455 3344 499 3405 Et
525 3343 603 3404 uenit
631 3343 673 3404 od
694 3340 849 3421 discipulos
897 3346 1083 3420 praesentem
1097 3345 1357 3422 appetereritam.
1375 3347 1416 3404 At
1433 3364 1507 3407 vero
1526 3347 1665 3407 Christus

84 3454 153 3511 ιιιοο,
166 3445 194 3498 et
219 3439 337 3496 incenit
357 3453 404 3497 eos
423 3432 639 3509 uomentem,
668 3438 725 3493 etc.
739 3431 793 3510 qui
814 3432 848 3491 in
898 3450 1009 3511 eorpus
1020 3433 1138 3506 habuit,
1156 3435 1203 3493 uti
1218 3451 1334 3512 purum
1345 3435 1385 3494 ab
1405 3437 1493 3496 omui
1509 3435 1580 3498 labe
1593 3456 1665 3516 poc·

83 3528 210 3606 vulgatis
225 3526 440 3606 chrysostomi
450 3524 678 3586 commentariis
687 3542 752 3584 non
765 3523 849 3582 inre·
899 3525 969 3599 eati,
985 3524 1027 3584 sic
1046 3525 1085 3584 ab
1105 3525 1299 3585 naturalibus
1313 3527 1543 3588 necessitatibus
1562 3529 1664 3589 neuti-

83 3619 163 3680 nitur
178 3641 187 3680 1
203 3626 237 3682 et
250 3620 290 3680 ad
302 3619 437 3679 duarum
449 3617 676 3695 operationum,
690 3634 726 3675 ao
738 3615 849 3674 1011111-
899 3633 992 3693 quam
1006 3614 1143 3676 alienum
1159 3635 1166 3674 :
1183 3615 1299 3695 alioqui
1313 3635 1426 3697 corpus
1444 3637 1509 3680 non
1523 3626 1630 3681 assata.
1646 3643 1662 3679 ν

81 3716 175 3772 aum
198 3710 437 3791 approbandam
458 3709 554 3769 fidem
572 3708 717 3787 pertinet.
736 3707 797 3767 Sed
810 3723 851 3766 ne
901 3708 994 3766 Porro
1008 3707 1092 3768 ilem
1106 3707 1356 3788 chrysostomus,
1372 3710 1446 3770 alibi
1462 3732 1478 3768 ιι
1491 3712 1666 3792 passionem

81 3800 200 3881 longior
213 3804 289 3875 sim,
305 3802 407 3862 omitti
419 3801 538 3880 placet:
555 3798 749 3860 aenonnulla
766 3815 851 3858 exeo
899 3796 1000 3877 ipsam
1020 3816 1145 3877 quoque
1168 3799 1315 3878 appellari
1337 3820 1426 3880 posse
1447 3811 1544 3883 προξιν,
1569 3804 1600 3865 id
1622 3811 1668 3866 est

81 3901 181 3971 postca
212 3892 385 3976 proferam,
406 3910 476 3972 quae
501 3892 542 3952 ad
566 3891 740 3951 voluntates
763 3907 849 3949 usse·
900 3889 1105 3970 efficientium,
1135 3893 1190 3951 ait.
1205 3892 1380 3970 Siquidem
1406 3912 1444 3954 eo
1469 3896 1555 3975 ipso,
1583 3896 1667 3975 qnod

81 3986 188 4046 rendas
221 3986 302 4046 duas
335 3984 460 4064 proprie
489 3987 641 4060 spectant.
671 3981 850 4047 Quinetiam
900 3999 1008 4060 passus
1029 3987 1085 4055 est,
1101 3982 1212 4060 ingens
1232 3982 1321 4060 illud,
1336 3990 1367 4045 et
1389 3985 1569 4048 admirabile
1588 4005 1667 4065 opus

80 4074 204 4138 bomilia
216 4074 511 4155 octogesima-tertia
519 4075 553 4134 in
563 4072 743 4133 Mattbaeum
756 4071 850 4150 vulgo
900 4071 1010 4143 effecit,
1027 4079 1063 4133 ut
1075 4078 1107 4134 et
1119 4080 1252 4135 mortem
1266 4081 1427 4149 everteret,
1443 4082 1475 4136 et
1488 4078 1548 4138 alia
1561 4078 1667 4139 omnia

82 4167 169 4247 edita,
182 4170 219 4230 in
242 4187 307 4248 qua
328 4166 423 4228 verba
441 4165 647 4241 iliadeolarat,
660 4164 758 4225 mirlta
775 4181 852 4223 con·
899 4162 1087 4224 molireturl
1099 4184 1108 4240 ;
1134 4186 1149 4223 ν
1178 4184 1272 4245 quem
1295 4167 1399 4227 locum
1425 4167 1499 4228 citat
1531 4169 1668 4229 loannes

112 4346 246 4402 omnis.
257 4343 380 4400 vers.52.
390 4342 443 4396 Νῦν
454 4339 498 4413 μὲν
513 4334 555 4394 οίιν
568 4337 660 4411 ἐρήμην
670 4336 745 4406 ababa
755 4337 848 4408 ἀφίησι,
899 4338 1043 4393 ἀκολουθίαν
1058 4338 1110 4412 ἔχει
1118 4339 1148 4392 τό
1158 4339 1254 4411 λεχθὲν,
1266 4338 1307 4393 καί
1316 4340 1346 4394 τό
1361 4339 1445 4405 elusis,
1459 4342 1536 4414 πότιρ
1545 4343 1625 4395 οῶαόν
1636 4362 1667 4415 μα

79 4426 226 4501 ταίγομνὴν
240 4431 286 4493 τῆς
299 4424 388 4488 οίιιείας
406 4422 535 4497 ἐνεργείας,
556 4422 599 4475 ἵνα
613 4422 687 4489 αὐτῆς
708 4419 784 4483 δείξας
804 4420 849 4489 τὴν
899 4419 1182 4493 ίιιτῆςῶραςταότηςη)
1195 4422 1236 4475 καί
1250 4423 1315 4476 otro
1329 4424 1473 4495 τετάρακται
1487 4425 1521 4486 ὡς
1533 4423 1665 4478 saltarit·

80 4506 213 4575 Ηόνειαν,
226 4511 383 4576 πιστώσηται
397 4507 471 4575 αὐτῆς
483 4505 524 4559 καί
535 4503 578 4573 τὴν
588 4505 666 4576 ρι’νοιν·
676 4508 718 4557 νῦν
733 4502 760 4556 δὲ
774 4500 849 4571 ababa
898 4504 976 4575 λαγην
988 4507 1080 4571 ζητεῖν,
1091 4503 1141 4576 είγι
1152 4502 1206 4573 ἐνῆν
1221 4507 1356 4578 διαφυγεῖν.
1369 4512 1446 4561 ταῦτα
1460 4510 1504 4573 τῆς
1517 4505 1667 4578 ἀνθρωπίνης

79 4588 237 4666 mama,
246 4592 290 4644 ἵνα
299 4591 386 4663 μόθης,
400 4590 439 4643 ότι
454 4587 482 4641 οὖ
497 4588 566 4660 ψιλός
575 4587 699 4659 ἅνθρωπος
711 4582 751 4655 ἦν.
767 4586 850 4658 ὧσπιρ
899 4586 991 4658 pictur
1005 4587 1037 4641 τόν
1050 4586 1214 4659 ἀσθενήματα.

77 4674 122 4747 γόρ
140 4675 163 4729 εἰ
186 4674 324 4734 διαπαντός
337 4676 369 4726 τὰ
389 4671 528 4744 ἀνθρώπινα
551 4669 707 4733 ἐνεδείκνυτο,
722 4672 796 4722 τοῦτο
819 4669 849 4721 ἄν
934 4684 950 4724 o
969 4668 1036 4725 thid.
1055 4685 1124 4726 vers.
1138 4671 1183 4726 12.
1208 4667 1314 4724 ‘oroth
1328 4671 1358 4724 τὸ
1373 4669 1665 4742 ἀνθρώπινονίπιδόννο-

78 4753 202 4829 lawa,
218 4757 299 4818 οθτως
312 4755 335 4808 εί
347 4754 479 4815 διαπαντός
493 4751 525 4806 τὰ
541 4756 584 4820 τῆς
600 4752 713 4817 θεότητος
731 4748 848 4817 ἔπετίλιι,
899 4769 948 4815 ται,
962 4751 1058 4819 χαίτην
1074 4752 1143 4824 ρόσιν
1158 4752 1191 4825 μὴ
1212 4754 1362 4824 βουλομένην
1382 4751 1520 4820 ἀποθανεῖν,
1535 4753 1601 4809 ἀλλὰ
1623 4760 1667 4825 τῆς

75 4836 196 4909 θπιοτιίθη
206 4842 237 4893 ἂν
252 4838 319 4906 όιῆς
329 4835 470 4907 οἰκονομίας
479 4835 564 4907 λόγος.
576 4833 617 4887 διὰ
630 4837 704 4886 τοῦτο
717 4828 848 4903 ποικίλλει,
899 4834 1022 4905 παροόοης
1046 4834 1210 4907 ἀντεχομένην
1224 4837 1298 4901 ζωῆς·
1318 4835 1420 4902 δεικνθς,
1440 4837 1479 4889 ότι
1499 4836 1543 4890 oba
1556 4837 1603 4900 ἔξω
1616 4845 1665 4893 τῶν

74 4922 114 4975 nl
126 4921 278 4995 θναμίγννοι
294 4919 338 4973 καί
359 4918 391 4972 τὰ
410 4918 517 4990 ῥήματα,
538 4917 579 4968 καί
597 4915 629 4969 τὰ
651 4916 793 4987 πράγματα,
807 4914 850 4966 ἵνα
899 4913 1054 4988 ἂνθρωπίνων
1064 4916 1146 4971 παθῶν
1157 4913 1197 4984 ἦν.
1206 4915 1344 4989 ὥσπεργόιρ
1355 4917 1474 4992 τθπιινῇν
1488 4918 1533 4973 oba
1545 4919 1665 4993 ἔγκληρα,

74 5004 134 5074 pairs
147 5010 181 5077 τῇ
203 5003 307 5057 Παόλοο
318 5007 363 5056 τοῦ
385 5000 558 5073 Σαμοοατέως,
574 5000 635 5070 μήτε
648 5001 678 5070 τῇ
692 4996 849 5068 Μαρκίωνος,
899 4997 955 5051 obst
976 4998 1005 5051 rb
1025 4999 1155 5052 αοοθείιδιιν·
1178 4997 1323 5060 obturabit
1342 4999 1371 5053 τό
1396 5005 1439 5069 τῆς
1462 5002 1585 5073 παροόσης
1603 5006 1667 5071 ζωῆς

73 5086 275 5159 ιιλθίανιχαίοο
288 5087 366 5157 νόσῳ,
378 5085 420 5138 καί
434 5083 509 5156 μανίᾳ
518 5082 633 5153 παράσχῃ
647 5081 777 5151 πρόμοισιν.
899 5076 1014 5150 ίφίισθαι·
1044 5080 1058 5133 ό
1081 5079 1108 5134 δὲ
1130 5081 1231 5153 χριστός
1256 5087 1330 5152 σῶμα
1354 5083 1461 5155 καθαρόν
1483 5084 1666 5158 ἂμαρτημθτων

107 5167 126 5225 θ
145 5170 252 5226 Cunus.
268 5168 345 5224 hum.
360 5182 433 5222 utu
442 5169 475 5222 111
487 5168 573 5221 Jouo.
583 5177 652 5219 vers.
664 5163 710 5218 55.
728 5162 811 5215 Ταῦτα
823 5160 849 5214 bi
899 5155 977 5234 εἶχεν,
992 5160 1049 5234 cipi
1063 5169 1170 5233 φυσικῶν
1184 5162 1297 5236 ἀναγκῶν
1317 5163 1517 5239 όιτηλλαγμίνον·
1539 5167 1592 5222 ἐπεὶ
1612 5166 1666 5223 οὐδ’

73 5256 116 5319 τῆς
127 5251 278 5323 οἰκονομίας
294 5249 372 5314 lotis,
393 5248 422 5302 οὐ
442 5252 487 5315 τῆς
498 5248 621 5315 θεότητος.
636 5243 677 5298 διὰ
693 5246 767 5299 τοῦτό
779 5263 847 5315 φησι·
898 5245 927 5297 ἂν
941 5250 1016 5314 σῶμα
1025 5240 1066 5311 ἢν.

73 5331 223 5405 π’ννηψιχη
239 5351 284 5404 μου
297 5332 441 5405 τετάρακται
452 5327 520 5397 (1πεὶ
534 5326 600 5400 τίμὴ
616 5331 691 5380 τοῦτο
700 5324 763 5394 tort,
776 5325 849 5381 ποίαν
931 5325 954 5385 d
972 5327 1074 5383 Cultus.
1089 5324 1233 5386 1101111111
1245 5330 1326 5388 Acta
1339 5345 1410 5388 vett·
1420 5329 1466 5387 18.
1486 5329 1539 5385 ota
1551 5331 1616 5387 θνδί
1629 5349 1666 5393 τις

100 5467 799 5526 rru.tcooa-auato.nn,to.-snas.n1,sa
