3932 6142
300 312 361 379 290
806 320 1133 383 ruuotoulcouuu
1154 318 1382 383 DOGMATUM.

301 487 471 560 utrumque
484 482 706 562 capessendum
718 482 860 558 liberam,
876 492 906 546 et
923 484 1067 547 solutam.
1118 483 1198 545 uum
1223 482 1447 545 aucuuutem.
1473 483 1572 542 Porro
1608 497 1711 558 agere,
1739 476 1789 538 vel
1821 495 1875 538 nou

302 572 376 650 liius
384 573 586 653 haudpaucae
596 575 1068 638 alihimemorataesuntsenten-
1119 594 1223 656 agere,
1247 595 1286 637 ex
1326 574 1551 653 discipulorum
1575 572 1702 633 arbitrio
1740 570 1875 650 pendere,

301 662 353 725 tia
365 662 386 731 ¹.
399 682 469 743 quae
476 665 587 727 diserte
600 667 678 728 illud
686 674 872 729 asseverant.
882 670 975 730 Nunc
989 685 1070 729 nnus
1119 669 1197 729 dum
1210 667 1390 746 uuicuique,
1407 671 1439 727 et
1449 666 1566 745 ubique
1577 664 1712 726 liberum
1723 661 1877 723 arbitrium

302 755 517 836 oifiungeudos
530 763 576 819 est
589 757 675 821 locus
688 759 786 822 nihilo
797 760 984 822 istisadram
997 779 1069 839 pro-
1120 760 1278 839 integrum
1292 765 1462 820 servatur‘.
1488 780 1500 816 ι

301 847 436 910 bundam
448 849 642 918 imbecillior.
656 870 696 913 ex
709 870 852 915 sermone
877 853 1011 913 secundo
1037 850 1072 913 de
1164 853 1248 914 idem
1260 851 1334 912 alibi
1347 847 1587 912 admonetaliud
1598 844 1880 926 essejubere‚aliod

300 939 505 1004 Providentia.
521 943 567 1003 lbi
576 944 662 1004 enim
672 945 818 1007 adversus
837 944 907 1005 illos
920 944 1072 1005 disserena
1121 944 1311 1025 permittere.
1333 968 1346 998 ι
1365 944 1444 1004 Nam
1458 940 1545 1022 prius
1565 946 1622 1016 est,
1637 938 1722 1019 quod
1738 939 1812 1018 qnia
1823 935 1881 997 fieri

302 1032 356 1112 qui
368 1032 604 1109 fatoagicuncta
613 1035 767 1109 dicebant,
783 1055 835 1098 eos
844 1037 889 1096 ait
898 1036 1073 1097 libertatem
1122 1035 1453 1117 oportetpraecipitur:
1474 1032 1628 1114 posterius
1651 1049 1737 1106 vero,
1765 1036 1882 1111 propter

302 1125 493 1204 hominibus,
508 1127 638 1206 eripere,
653 1128 780 1207 ejusque
801 1128 931 1190 liberam
944 1128 1074 1189 inelina-
1122 1129 1241 1192 arbitrii
1264 1128 1456 1201 electionem,
1472 1144 1536 1206 qua
1554 1126 1731 1186 humanum
1747 1123 1881 1183 honesta·

302 1217 420 1278 tionem
428 1218 756 1293 inutrumris,bonum
764 1221 889 1297 scilieet,
898 1220 1070 1284 aemulum.
1122 1217 1612 1300 urmestgenus,parmtuiturt.s
1630 1214 1882 1296 Atquiparmissio

307 1329 323 1367 a
350 1308 509 1389 Siquidem
535 1316 643 1372 eontra
677 1313 732 1373 Dei
754 1311 876 1391 placita,
899 1317 930 1375 et
952 1312 1074 1373 decreta
1123 1313 1190 1394 ipsa
1214 1314 1415 1385 demonstrat,
1440 1310 1474 1372 in
1509 1316 1679 1388 utrumque
1703 1307 1780 1369 ferri
1805 1323 1883 1387 porse

304 1410 496 1481 pugnantem
525 1404 670 1464 omnibus
696 1405 927 1484 persuasionem
962 1403 1072 1482 injicit.
1123 1411 1232 1485 suopte
1246 1410 1338 1480 nutu,
1359 1409 1390 1465 et
1403 1402 1532 1464 arbitrio
1547 1402 1740 1463 voluntatem
1753 1398 1884 1479 ejus,oui

305 1494 386 1554 Deus
400 1493 486 1555 enim
498 1493 611 1556 dioit¹:
631 1494 671 1556 Si
693 1495 869 1572 uolueritis,
887 1504 917 1557 et
938 1495 1072 1557 audieri-
1124 1516 1174 1559 res
1187 1498 1292 1576 aliqua
1310 1497 1511 1576 permittitur.
1528 1494 1689 1574 Siquidem
1703 1492 1883 1572 permittere,

304 1584 410 1663 tiarae,
427 1584 499 1647 bonu
511 1595 600 1650 terre
618 1586 780 1649 comediis.
800 1587 840 1650 Si
855 1597 951 1650 autem
972 1587 1074 1649 nolus·
1124 1589 1339 1652 estlicentiam
1359 1589 1432 1649 dare
1454 1586 1596 1663 faciendi,
1611 1591 1738 1646 autnon
1751 1583 1883 1651 faciendi,

305 1677 394 1754 ritis;
409 1696 501 1760 aeque
514 1678 670 1741 audieritis
694 1699 750 1758 me,
777 1679 895 1761 placitus
921 1678 1074 1742 devorabit
1125 1682 1212 1743 nulla
1225 1681 1275 1743 vel
1293 1681 1483 1755 necessitate,
1506 1679 1555 1739 vel
1579 1678 1611 1739 vi
1624 1676 1791 1739 asciscendi
1803 1677 1884 1736 unius

305 1788 363 1832 ror.
381 1770 419 1833 Or
432 1771 509 1832 enim
522 1771 647 1834 Domini
661 1772 790 1835 locutum
804 1777 845 1835 eci
856 1783 881 1835 ⁰.
897 1772 953 1834 Cui
975 1772 1076 1834 fatalis
1126 1775 1229 1835 illata:
1245 1791 1280 1834 ae
1294 1773 1480 1852 permissum
1494 1771 1553 1832 hoe
1572 1788 1638 1831 esse
1652 1786 1761 1831 omnes
1781 1768 1884 1829 intelli·

305 1864 469 1925 necessitas
495 1864 687 1926 adversatur.
710 1865 826 1927 «Dixit
844 1864 928 1928 enim
947 1865 1076 1943 [isauri
1126 1874 1217 1947 gunt,
1233 1884 1326 1945 aquo
1343 1865 1391 1925 uti
1404 1882 1497 1926 nemo
1518 1863 1720 1943 prohibetur:
1747 1863 1885 1923 itanemo

307 1955 468 2032 volueritis,
497 1957 574 2018 etsi
601 1955 769 2031 uolueritis,
799 1957 923 2018 virtutis
957 1975 1014 2018 nos
1040 1975 1076 2019 aa
1127 1958 1253 2019 adillud
1266 1957 1473 2036 compellitur.
1489 1957 1670 2017 Hoeautem
1684 1952 1886 2034 propterinsi-

306 2048 372 2109 vitii
386 2048 528 2111 dominos
541 2047 665 2127 fseiens,
687 2056 719 2111 et
730 2055 899 2128 utrumque
916 2049 949 2111 in
970 2054 1076 2110 nostro
1127 2056 1204 2127 tam,
1220 2055 1251 2112 et
1263 2049 1440 2111 naturalem
1453 2047 1575 2109 homini
1596 2047 1773 2108 libertatem
1786 2046 1886 2107 volun·

306 2158 427 2220 ponens
454 2140 612 2203 arbitriol.
643 2165 656 2201 ι
682 2142 723 2204 At
748 2142 847 2205 feurm
875 2159 914 2203 ex
934 2142 1075 2216 adverso,
1126 2144 1198 2203 tatis
1211 2141 1279 2202 lieri
1293 2143 1401 2201 asserit
1414 2140 1559 2201 Isidorus.
1577 2140 1680 2213 Quare
1692 2138 1787 2200 talam
1802 2156 1885 2218 agno

307 2238 476 2312 utcumque
498 2234 657 2295 decretum
678 2239 734 2309 est,
755 2234 844 2295 aliter
870 2234 994 2295 evenire
1013 2251 1077 2293 non
1128 2234 1184 2295 seit
1197 2233 1314 2294 arbitrii
1335 2232 1425 2294 liberi
1447 2231 1683 2310 indolemque
1699 2230 1733 2290 in
1751 2234 1888 2311 potestate

308 2343 396 2404 possa
409 2326 505 2386 docet.
523 2326 572 2386 Ad
594 2325 660 2388 haee
673 2326 712 2387 de
733 2326 813 2386 libro
828 2324 1032 2387 Ecclesiastioi
1048 2331 1080 2386 et
1127 2324 1241 2386 habeat
1252 2324 1393 2404 persequi
1409 2324 1580 2404 quippiam,
1597 2328 1651 2383 ant
1664 2323 1818 2384 omittere.

308 2415 646 2478 Deuteronomiitritum
667 2418 757 2478 illum
770 2417 875 2478 locum
888 2435 1078 2479 commemo·
1169 2418 1251 2478 Xlll.
1268 2417 1422 2494 cyrillum
1437 2415 1716 2487 audiamusmodo,
1729 2415 1787 2476 etsi
1808 2415 1888 2494 hujus
1933 2468 1938 2481 .

308 2506 384 2585 rat⁸;
408 2506 540 2588 Apposui
567 2508 623 2570 tibi
648 2513 746 2590 ipuem
761 2516 789 2570 et
802 2527 922 2591 aquarn,
943 2509 1032 2570 uitam
1051 2516 1079 2570 et
1129 2508 1277 2588 pleraque
1288 2506 1466 2569 testimonia
1476 2507 1544 2586 jam
1563 2505 1636 2567 tlibi
1647 2511 1722 2567 sunt
1734 2503 1885 2586 exeepta⁸z

309 2605 453 2676 arortem3
479 2619 662 2681 quocumque
687 2600 817 2662 volucria
839 2619 961 2662 inaurem
979 2610 1079 2661 exten·
1129 2601 1183 2662 sed
1195 2619 1295 2680 pauca
1309 2600 1419 2660 saltem
1440 2599 1502 2659 illie
1524 2598 1637 2659 omissa
1670 2598 1844 2659 reddamus.
1857 2598 1888 2657 ln

310 2693 378 2755 de‘.
394 2692 473 2753 Vide
494 2698 525 2752 et
544 2693 708 2754 homiliam
727 2698 919 2772 sequentem,
943 2711 1015 2772 quae
1035 2698 1082 2754 est
1129 2690 1351 2754 commentario
1365 2689 1405 2752 ud
1422 2689 1534 2752 Ισαιόοι
1550 2689 1745 2769 Prophetiam,
1776 2690 1889 2770 ejusque

311 2782 447 2846 tertiade
463 2782 678 2860 Providenti03
692 2784 725 2845 in
739 2803 801 2864 qua
813 2784 938 2845 fatalem
950 2784 1081 2845 necessi-
1129 2784 1225 2845 verba
1251 2782 1349 2858 ista⁸3
1371 2781 1410 2844 Si
1435 2781 1599 2855 miseritis,
1628 2789 1656 2841 et
1676 2782 1833 2843 audieriui
1853 2799 1890 2841 me
1964 2832 1965 2863 ,

311 2882 408 2938 tatem
428 2881 756 2957 oppugnat,tanquam
771 2876 931 2951 libertatis,
945 2876 1080 2938 etiudil·
1130 2874 1205 2937 bonu
1236 2882 1327 2936 terrae
1349 2872 1513 2948 comedetis,
1529 2873 1668 2952 primum
1695 2873 1748 2935 illa
1762 2873 1891 2935 Βσιιισσο
1964 2868 1965 2879 ’

311 2968 438 3030 ferentis
451 2969 490 3029 ad
501 2975 669 3047 utrumque
687 2968 841 3031 incantatis
852 2969 1029 3043 inimicam
1041 2973 1077 3028 ut
1130 2966 1227 3028 nourrii
1244 2966 1348 3027 affinia
1361 2966 1411 3027 his
1431 2965 1588 3044 adjungit„
1602 2964 1680 3026 Ecce
1701 2984 1752 3045 epo
1770 2965 1851 3049 posui
1865 2964 1890 3024 ιἰι

313 3067 344 3123 et
357 3060 483 3122 homilia
493 3060 601 3140 quinte
614 3060 653 3122 de
676 3062 785 3122 eodem
799 3066 994 3139 argumento.
1130 3066 1280 3141 conspectu
1294 3064 1344 3119 tuo
1363 3057 1443 3118 viam
1457 3058 1539 3130 vitae,
1560 3063 1586 3118 et
1604 3057 1681 3118 σιἀοι
1705 3056 1827 3121 ιιιοιιίοο
1846 3056 1891 3126 (ita

353 3153 390 3212 Et
402 3153 436 3213 in
448 3152 577 3215 homilia
590 3158 699 3232 quarta
719 3151 755 3213 de
769 3152 806 3214 S.
822 3152 932 3226 Paulo,
949 3155 1083 3213 vocatio·
1131 3152 1216 3214 enim
1229 3152 1302 3213 citat
1315 3148 1469 3231 cyrillus).
1487 3151 1568 3210 Tum
1581 3149 1623 3210 ita
1638 3149 1754 3211 scribit.
1779 3151 1891 3211 «Posito

314 3261 388 3305 nem
399 3244 466 3324 ejus
483 3244 845 3307 «necessitatamnullam
854 3243 990 3305 attulisse
997 3244 1082 3305 dicit.
1132 3244 1217 3305 enim
1224 3248 1270 3304 est
1282 3244 1316 3303 in
1331 3242 1420 3303 nobis
1433 3242 1473 3302 ad
1483 3248 1651 3322 utrumque
1661 3242 1712 3304 ria
1724 3262 1732 3317 ;
1746 3249 1778 3303 et
1789 3243 1893 3303 tructas

315 3339 384 3399 Non
412 3337 496 3398 enim
522 3339 602 3399 Deus
622 3337 836 3400 necessitatem
869 3335 1001 3416 imponit
1035 3336 1083 3396 ul-
1133 3335 1376 3416 propensionum
1389 3333 1550 3413 cujusque,
1561 3335 1621 3395 boe
1634 3339 1682 3396 est
1694 3335 1889 3404 voluntatum,

315 3430 388 3504 lam,
405 3430 459 3492 sed
472 3428 660 3492 electionum
679 3448 738 3491 nos
748 3429 881 3491 arbitros
893 3447 929 3490 ao
942 3428 1085 3491 dominos
1134 3435 1180 3491 sat
1192 3428 1338 3509 praeclare
1351 3445 1387 3488 ee
1400 3427 1572 3488 secundnm
1589 3426 1691 3506 legem
1710 3427 1806 3488 ritem
1819 3441 1891 3487 eon·
1963 3450 1964 3485 3

315 3540 380 3584 esse
393 3522 467 3583 sinit
476 3522 569 3583 etiam
583 3527 653 3602 post
665 3520 883 3584 vocationem‘l
888 3567 895 3582 .
913 3543 928 3579 ο
1134 3539 1266 3601 ponere:
1289 3524 1345 3581 ant
1364 3537 1383 3580 e
1403 3519 1556 3580 contrario
1580 3537 1646 3585 uon
1674 3518 1892 3600 sinevitupera·

355 3614 491 3677 Isidorus
512 3615 694 3677 Pelusiotae
709 3614 844 3676 doctoris
862 3631 914 3675 eas
927 3614 1006 3675 solas
1020 3630 1085 3675 esse
1134 3614 1254 3675 tiones.
1282 3634 1297 3670 ο
1322 3612 1431 3673 Ροοιοο
1444 3628 1569 3672 oausam
1582 3610 1664 3671 illius
1691 3611 1821 3691 explicat
1841 3611 1891 3670 sio:

316 3712 418 3787 partes
442 3707 585 3783 affirmat,
613 3712 650 3768 ut
676 3706 867 3786 inculpatam
883 3708 979 3766 vitam
997 3723 1086 3767 suam
1140 3707 1252 3766 aNam
1279 3703 1352 3783 quia
1374 3705 1455 3765 Deus
1481 3703 1698 3765 universorum
1725 3704 1759 3764 in
1785 3718 1892 3775 aarum,

317 3796 471 3878 praebens,
486 3797 696 3869 aliosdoeeat,
716 3798 795 3858 nihil
809 3797 944 3859 verendo
957 3815 1084 3876 pecean-
1136 3797 1191 3877 qui
1223 3797 1441 3863 instituuntur,
1482 3794 1740 3874 propensionibus
1772 3793 1893 3875 positum

354 4013 376 4053 a
394 3998 495 4053 Crura.
509 4003 576 4054 tom.
594 3998 646 4063 vl,
674 3997 836 4054 hom.xc1x.
861 3997 1017 4060 Ἀπσναντίας
1036 3998 1084 4071 γὰρ
1135 3997 1183 4071 γὰρ
1196 3996 1329 4069 ἀναγκάζει
1343 3996 1358 4051 ὁ
1372 3997 1435 4059 dede·
1453 3995 1603 4069 ἄλλ’ἇρίησι
1619 3995 1717 4069 κυρίους
1731 3991 1892 4070 τῖναιπροαιρέ
1962 4018 1963 4021 ’

318 4084 370 4144 τοῖς
394 4086 437 4136 τοῦ
452 4082 506 4135 θεοῦ
520 4083 639 4155 δόγμασιν
655 4082 761 4145 ἅπαντας
781 4080 901 4136 πείθεσθαι
925 4078 1055 4135 ἕπιτάττιι.
1071 4080 1086 4134 ὁ
1135 4098 1197 4135 σιων
1208 4080 1250 4132 καὶ
1261 4079 1323 4152 μετὰ
1336 4078 1380 4147 τὴν
1390 4080 1488 4149 κλῆσιν.

318 4165 370 4227 θοὸς
383 4165 460 4237 λέγει,
479 4163 541 4219 Ἐὰν
552 4165 646 4233 θέλητε,
663 4164 705 4217 καὶ
724 4163 879 4233 remeauit
891 4183 948 4235 μου,
964 4163 996 4217 τὰ
1009 4162 1087 4235 ἀγαθὰ
1172 4163 1270 4219 elsto.
1291 4161 1338 4217 lib.
1355 4163 1538 4232 uenena.
1558 4161 1681 4236 Οὖδὶγᾶρ
1695 4156 1894 4217 τοῦδιδασιιθιον
1962 4162 1963 4175 ’

319 4252 363 4315 τῆς
382 4251 427 4319 γῆς
449 4248 561 4320 qud-sacis.
577 4245 618 4300 tir
638 4247 664 4300 δὲ
690 4246 723 4319 μὴ
745 4248 839 4316 θέλητε,
855 4247 915 4320 μηδὲ
930 4245 1087 4314 tlepolemi
1137 4242 1357 4313 letiuiltiitqutor
1371 4245 1514 4318 παρέχοντα
1528 4246 1570 4299 τὸν
1587 4246 1638 4318 βίον
1646 4246 1779 4317 παιδεύειν,
1789 4247 1895 4319 μηδαμῶς

320 4350 379 4402 μοι,
395 4331 505 4402 μάχαιρα
525 4329 589 4402 ὑμᾶς
610 4332 755 4386 κατιδιῖται.
774 4330 803 4384 rb
821 4329 868 4404 γὰρ
893 4333 975 4403 στόμα
1000 4329 1088 4401 Κύριον
1138 4326 1279 4400 eho-lpus
1299 4334 1349 4382 τῶν
1374 4327 1564 4401 ἁμαρτανόντων
1583 4327 1627 4398 τὴν
1648 4327 1808 4392 ἀξιοπιστίαν.
1828 4324 1895 4381 ute

320 4411 425 4481 ἰλάλησι
440 4416 526 4467 ταῦτα.
1137 4411 1262 4483 πράττειν,
1283 4411 1299 4477 ἢ
1322 4410 1367 4483 μὴ,
1382 4415 1425 4478 τῆς
1445 4418 1495 4466 τῶν
1511 4413 1713 4484 μαθητενομένων
1727 4414 1825 4486 ἤρτηται
1837 4408 1895 4481 γνώ-

356 4496 373 4551 b
391 4496 459 4553 thid.
479 4488 556 4550 Εἶπον
570 4495 585 4549 ὁ
598 4495 661 4559 θὼς,
671 4493 711 4550 ἰὰν
721 4496 817 4566 iiiique,
830 4496 871 4548 καὶ
886 4494 928 4550 ter
944 4494 977 4568 μὴ
992 4496 1087 4564 helique,
1138 4512 1195 4564 μης,
1209 4488 1282 4548 παντί
1303 4512 1339 4557 τι,
1353 4494 1395 4547 καὶ
1407 4499 1533 4567 πανταχοῦ
1548 4498 1592 4549 τοῦ
1606 4494 1764 4557 αὖτιξσνσῐοσ
1787 4493 1896 4567 patanc-

319 4578 416 4651 κυρίοις
428 4577 492 4650 ἡμᾶς
505 4584 583 4633 ποιῶν
592 4577 689 4651 ἂριτῆς,
699 4579 740 4632 καὶ
749 4578 843 4643 κακίας,
855 4578 896 4633 καὶ
910 4577 949 4633 tat
964 4583 994 4651 τῇ
1001 4580 1088 4651 γνώμῃ
1141 4576 1225 4647 μονον.
1243 4575 1312 4634 Vide
1327 4576 1454 4647 ejusdem
1469 4577 1531 4633 libri
1547 4593 1590 4648 ep.
1604 4594 1648 4633 xx.

320 4656 566 4734 ῒῆῆμῑτὲρᾳτῑθῑῖι·
1176 4657 1287 4732 fldem
1303 4658 1349 4716 lib.
1366 4660 1398 4725 V,
1419 4676 1463 4733 ep.
1486 4677 1600 4717 accurri.
1618 4661 1653 4715 'lh
1679 4658 1723 4734 ple
1742 4656 1894 4733 γᾶρὼςοιον
1961 4712 1962 4729 ρ

356 4744 458 4801 olbid.
475 4745 571 4815 Chrys.
595 4742 629 4799 Ὃ
642 4744 779 4818 flebilique·
797 4745 922 4817 παρέθηκα
935 4764 976 4799 σοι
990 4749 1037 4817 πῦρ
1049 4744 1090 4798 καὶ
1139 4741 1245 4814 γίνεσθαι
1265 4743 1453 4815 προστάττεται·
1477 4743 1507 4797 eb
1529 4743 1556 4798 δὲ
1569 4743 1610 4799 td
1626 4742 1670 4811 τὴν
1690 4747 1734 4797 τοῦ
1754 4737 1897 4802 uuonan
1961 4736 1962 4739 ’

320 4827 396 4900 trop.
405 4827 450 4895 τὴν
466 4827 543 4896 ζωὴν,
553 4829 593 4882 καὶ
607 4828 649 4883 τὸν
667 4828 782 4883 θάνατον.
798 4820 1089 4901 attemptaturus
1140 4825 1291 4898 προαιρεσιν,
1313 4821 1373 4899 ,iub
1389 4825 1540 4899 ἀνθρώπινον
1553 4827 1703 4898 κεκόσμηται
1715 4825 1790 4898 uiroc,
1810 4840 1898 4895 σνγχω·

320 4909 558 5050 σοῖίᾝθχιξιφεστε.
572 4994 599 5049 3.
622 4992 699 5047 Ἀλλὰ
715 4993 800 5066 μηδεὶς
816 4987 893 5047 ταῦτα
906 4992 1001 5047 ἀκούων
1014 4991 1091 5065 risuq-
1142 4910 1327 5062 perpolitam.
1342 4990 1389 5047 llb.
1403 4992 1411 5047 l
1427 4994 1459 5047 tu
1470 4994 1529 5048 Itu.
1548 4993 1657 5046 Τέθειται
1669 4989 1718 5064 γὰρ
1735 4984 1848 5061 ἕνθμῗνῆ
1864 4981 1898 5038 ἔτ’

322 5075 445 5145 κασμένην
468 5076 587 5148 coptiten
611 5071 672 5129 tirou
691 5077 781 5145 ταύτην
795 5076 839 5144 τὴν
863 5078 958 5145 κλῆσιν.
981 5076 1014 5130 Et
1028 5089 1093 5129 mex
1143 5072 1217 5144 ἄμφω
1231 5074 1323 5145 τρῐόος,
1334 5076 1376 5128 καὶ
1389 5081 1439 5128 τῶν
1454 5073 1555 5130 ἑκάστου
1564 5075 1742 5148 susceperas,
1755 5073 1828 5143 imur
1837 5068 1898 5133 &lt-

325 5170 394 5213 νοτε.
409 5158 454 5215 30.
467 5159 509 5227 Μὴ
520 5158 672 5231 ἀνσγκαστὴν
690 5160 734 5228 τὴν
748 5160 835 5228 κλῆσιν
850 5154 912 5212 εἶναι
926 5161 1021 5232 νόμιζε.
1038 5157 1094 5211 οὐδὲ
1145 5157 1239 5228 μάτων,
1251 5158 1344 5229 καρπός
1364 5161 1395 5212 ἂν
1416 5160 1513 5231 γένοιτο
1531 5159 1560 5213 rb
1578 5159 1706 5212 διαὸιῶναι
1727 5157 1850 5229 λαμπρῶς,
1862 5148 1897 5202 ²⁸²
1960 5200 1961 5203 τ

1144 5237 1260 5312 irrepere.
1270 5241 1345 5313 ἤγουν
1356 5241 1467 5316 ἱτιροίως
1480 5242 1673 5315 κατιψτγμῦντος.

352 5405 363 5449 1
375 5406 474 5459 roura,
489 5404 530 5451 tib.
544 5405 575 5451 ΙΙΙ
583 5406 611 5453 ds
634 5407 690 5461 opti.
702 5418 752 5463 cap.
764 5416 809 5453 rat
818 5414 871 5455 tou.
884 5407 903 5460 1,
919 5407 959 5453 lib.
971 5406 1025 5452 Vde
1036 5408 1086 5462 lise,
1096 5417 1146 5464 esp.
1168 5418 1205 5453 ur.
1217 5430 1241 5443 -
1252 5408 1267 5453 t
1279 5410 1321 5454 lae.
1333 5421 1350 5463 r,
1358 5410 1393 5455 ht.
1408 5431 1435 5444 -
1445 5410 1460 5456 8
1472 5412 1532 5457 Boot.
1545 5422 1575 5459 rr.
1588 5420 1643 5455 urar
1656 5414 1677 5454 et
1688 5409 1750 5455 Mt
1767 5414 1813 5453 m.
1826 5401 1857 5445 u.
1872 5416 1896 5431 ··

325 5465 411 5514 t'lon.
423 5468 462 5522 ii,
474 5468 514 5513 ltb.
527 5468 558 5513 llt
569 5469 596 5515 de
618 5468 675 5524 Opti.
689 5479 778 5525 capu.
796 5471 890 5517 -auu
903 5469 979 5514 r.-6
992 5470 1056 5515 veut.
1067 5480 1113 5515 un
