3932 6142
312 292 372 354 200
812 288 1139 355 rasomonorum
1161 288 1392 353 occultunt.

311 500 405 564 opus,
430 484 566 563 operatio
585 502 592 545 ι
613 482 691 547 sicut
712 487 870 560 creatura,
886 480 1037 545 creatiot.
1060 500 1077 540 u
1132 480 1247 544 tiurum
1261 481 1474 557 definitiones,
1489 500 1555 547 esse
1567 468 1667 554 uerus,
1682 488 1713 544 et
1730 500 1877 564 germanas
1942 476 1943 531 l

312 575 364 637 Sic
380 575 415 637 in
432 575 511 637 libro
528 575 564 637 de
588 575 752 653 Trinitate,
767 577 821 656 qui
836 573 1079 656 cyrinoinseri-
1132 573 1270 654 ipsarum
1299 576 1512 655 operationes,
1545 575 1632 637 velut
1657 575 1878 654 intelligentium
1942 572 1943 583 ’

310 666 405 741 bitur,
417 673 448 730 et
462 668 573 747 majori
586 674 673 748 parte
691 685 730 729 ex
749 668 878 730 loannis
899 665 1081 729 Damasceni
1132 668 1877 748 energiam,intellectionem:seusupraeditorum,
1942 668 1943 671 ’

311 778 403 840 opere
417 761 455 821 de
465 758 525 840 fide
538 767 584 822 est
597 765 751 839 exceptus,
764 761 889 839 gemina
900 771 943 837 τῆς
958 765 1081 841 tappetae
1131 777 1257 821 sensum
1278 780 1286 822 ε
1307 760 1482 836 mobilium,
1497 761 1668 822 motionem
1684 778 1691 820 ε
1712 759 1879 831 volatilium,

310 852 491 932 significatio
506 852 548 913 ita
561 853 710 934 ponitur:
727 852 949 934 uAppellatur,
965 852 1079 932 inquit,
1132 852 1317 915 volatnm‘u
1336 858 1393 915 etc.
1408 855 1453 914 Ac
1464 853 1592 916 demum
1606 855 1648 914 ita
1660 851 1831 914 concludit:
1850 852 1882 912 Et
1943 918 1944 923 ς

311 945 454 1024 euergeia
478 946 579 1025 operis
601 944 771 1024 perfeeti03
796 962 910 1024 nempe
937 942 1081 1005 ellectum
1137 946 1469 1020 uutuniversedicam,
1483 945 1633 1025 quidquid
1646 961 1881 1024 unamquamque
1943 952 1944 959 ’

309 1037 430 1118 ipsum;
443 1056 478 1099 ac
492 1037 535 1098 rel
554 1037 721 1111 absoluti03
737 1042 807 1097 tum
821 1037 899 1098 actio
913 1036 991 1115 ipsa.
1010 1037 1082 1109 Gne
1133 1042 1278 1099 naturam
1286 1038 1413 1113 indicat,
1422 1056 1458 1099 ac
1471 1037 1591 1112 delinit,
1601 1037 1749 1097 naturalis
1761 1036 1882 1098 estillius
1943 1058 1944 1061 ¹

311 1129 446 1191 secunda
481 1128 665 1209 significatio
698 1130 855 1208 energiae,
890 1128 1081 1190 theandricae
1133 1132 1258 1210 energia
1274 1130 1632 1210 :quasublata,pr0rsus
1645 1148 1709 1190 nna
1722 1130 1881 1210 perimitur,

311 1222 483 1302 operationi
501 1221 861 1283 aieeommodaridebetl.
878 1241 894 1278 u
911 1223 965 1282 Est
978 1226 1082 1281 autem
1133 1228 1164 1284 et
1182 1223 1373 1301 extinguitur
1396 1227 1509 1283 natura
1534 1244 1541 1282 :
1567 1227 1602 1283 ut
1622 1222 1743 1282 sublata
1763 1221 1880 1294 ustione,

312 1316 455 1377 omnium
481 1316 607 1395 propria
633 1315 780 1375 maxime.
809 1314 931 1393 Quippe
960 1319 1082 1392 ἐνέργειαν
1132 1315 1213 1392 ignis
1249 1315 1441 1393 extinguitur
1470 1315 1621 1376 :sublata
1654 1316 1729 1376 item
1756 1314 1881 1374 animulis

311 1407 444 1485 theologi
462 1408 569 1468 dicunt
591 1426 657 1469 csse
670 1416 777 1482 κίνησιν,
793 1406 824 1466 id
840 1412 886 1467 est
910 1426 925 1463 u
947 1411 1080 1480 motitur,
1133 1409 1286 1479 motione,
1311 1406 1427 1468 animal
1450 1407 1586 1467 interit:
1609 1407 1729 1467 sublata
1756 1405 1882 1467 littellec·
1944 1470 1945 1483 2

310 1499 364 1579 qui
383 1500 510 1560 efficitur
532 1500 646 1578 potius.¹
671 1517 767 1579 quam
790 1499 925 1559 efficit⁰z
948 1520 963 1554 u
987 1502 1023 1556 ut
1039 1497 1083 1557 nit
1133 1500 1229 1571 tione,
1246 1499 1365 1561 tollitur
1379 1518 1449 1579 pars
1462 1500 1588 1575 animm,
1603 1518 1674 1579 quie
1695 1498 1880 1577 intelligendi,

309 1594 687 1668 loannesnamascauus0;
702 1593 795 1670 idque
806 1590 946 1667 Gregorii
957 1590 1084 1650 Nazian·
1133 1593 1370 1672 rationandique
1383 1592 1528 1653 facultate
1542 1593 1672 1672 praedita
1686 1592 1753 1652 est!
1756 1638 1763 1652 .
1780 1612 1795 1650 u

310 1686 379 1746 aeni
406 1684 589 1745 auctoritate
611 1684 733 1764 probat.
753 1685 812 1757 Qun
835 1683 869 1742 in
885 1682 1025 1743 oratioue
1048 1680 1083 1741 de
1175 1685 1267 1745 ludit
1289 1686 1488 1755 Anastasius,
1527 1703 1592 1745 ιιοιι
1618 1685 1722 1746 solum
1748 1686 1781 1745 in
1805 1683 1883 1744 rebus

310 1777 435 1859 Spiritu
453 1785 578 1853 εοιιειο,
601 1781 737 1855 quaeest
759 1774 916 1836 tricesimu
939 1774 1079 1854 septima,
1134 1777 1292 1853 animatis,
1321 1782 1352 1838 et
1378 1776 1561 1853 mobilibus,
1591 1778 1644 1839 sed
1665 1778 1761 1838 etiam
1793 1776 1882 1837 inani·

311 1870 504 1930 demonstrat
547 1869 699 1948 Spiritum
734 1872 878 1928 sanctum
915 1884 979 1926 non
1018 1883 1083 1927 esse
1134 1870 1210 1945 mis,
1225 1875 1256 1930 et
1270 1869 1481 1930 immobilibus
1504 1870 1632 1949 reperiri
1650 1870 1804 1931 naturales
1821 1886 1882 1948 ope
1945 1912 1946 1921 ι

312 1969 450 2043 ἐνέργειαν.
473 1963 555 2040 quod
578 1962 645 2022 hec
668 1961 706 2021 sit
726 1961 884 2031 accidens,
901 1978 959 2020 nec
981 1959 1081 2031 efficit,
1133 1963 1283 2037 rationes3
1319 1967 1355 2022 ut
1381 1963 1415 2022 in
1454 1963 1665 2039 scammonia,
1705 1968 1737 2024 et
1762 1961 1882 2023 medica·

311 2054 512 2116 sedefficitur.
530 2077 541 2109 ν
558 2054 589 2114 Si
601 2059 656 2127 est,
668 2054 784 2133 inquit,
796 2051 1084 2126 effectio‚efficietur
1133 2056 1265 2132 mentis,
1281 2073 1351 2134 quae
1365 2054 1471 2116 alvum
1491 2055 1681 2132 subducunt,
1698 2074 1734 2117 ae
1747 2055 1882 2137 plerisque

311 2149 428 2227 utique,
450 2166 513 2207 nou
535 2147 644 2207 efficiet
663 2152 716 2206 :ct
736 2144 830 2207 simul
844 2150 936 2224 atque
959 2144 1085 2205 effeetus
1134 2146 1212 2208 aliis.

312 2240 416 2315 fuerit,
432 2239 561 2300 desinet.
583 2239 769 2317 Huiusmodi
789 2242 835 2298 est
854 2237 938 2297 enim
953 2235 1082 2297 effectio.
1174 2239 1224 2300 Sic
1236 2239 1372 2300 loannes
1387 2241 1594 2301 Damascenus
1610 2240 1644 2300 in
1658 2241 1761 2320 prima
1774 2241 1882 2303 Institu-

313 2332 447 2407 Quinam
467 2332 562 2410 igitur
579 2329 803 2411 operabiturt‘t
823 2349 838 2387 u
872 2335 1014 2409 Ἐνέργειαν
1035 2329 1086 2390 bic
1133 2331 1335 2412 ta'oue,capite
1347 2337 1465 2401 octauo,
1482 2338 1603 2413 ἐνέργειαν
1618 2332 1739 2409 definit,
1757 2354 1772 2389 ιι
1781 2335 1882 2413 agentis

314 2423 450 2504 appellnt
463 2423 629 2501 Gregorius
643 2421 795 2483 actionem
811 2421 920 2501 ipsam,
933 2420 997 2481 sive
1011 2439 1085 2500 ope·
1134 2425 1287 2484 efficacem
1296 2422 1466 2484 motionem
1478 2443 1485 2484 ε
1497 2442 1533 2483 ec
1541 2424 1717 2485 matruelem
1731 2428 1882 2506 energiam,

315 2516 479 2591 rationem,
495 2520 623 2594 quaeest
637 2515 670 2575 in
693 2519 799 2586 motu,
823 2518 915 2592 atquae
935 2513 1083 2592 praeterit.
1134 2521 1254 2576 naturae
1264 2516 1627 2577 motionameffieacema.
1643 2519 1754 2578 »Tum
1770 2521 1882 2599 quinon·

316 2610 416 2682 Quare
437 2626 502 2668 non
522 2606 595 2667 satis
619 2613 760 2667 accurate
779 2604 919 2666 eruditus
934 2605 1086 2683 luterprcs
1134 2608 1245 2687 plicem
1261 2607 1347 2667 illum
1360 2606 1430 2668 fauit
1447 2626 1454 2667 :
1471 2626 1584 2688 nempe
1605 2610 1821 2686 intellectilem,
1839 2629 1882 2671 cu·

317 2700 435 2774 Billius,
447 2700 506 2761 uim
515 2705 543 2759 et
554 2696 842 2779 fucultatemlatine
850 2694 995 2756 reddidit.
1007 2697 1086 2757 Num
1130 2699 1269 2779 jusmodi
1294 2700 1327 2759 in
1347 2700 1474 2777 angelis,
1495 2706 1527 2761 et
1548 2701 1694 2762 omnibus
1715 2704 1884 2783 incorporeis

316 2798 361 2854 vis
375 2801 401 2852 ct
414 2790 541 2874 [ocultus
554 2809 619 2851 non
631 2795 844 2852 transeuntem
857 2787 1022 2862 actionem,
1033 2787 1087 2849 sed
1135 2791 1311 2853 substantiis
1334 2792 1481 2862 cernitur,
1513 2810 1584 2872 quae
1611 2793 1745 2873 simplici
1770 2795 1885 2874 appulsu

316 2884 504 2967 principium
518 2883 620 2962 ipsum
639 2882 788 2963 operandi
807 2879 962 2960 significat
978 2899 985 2940 :
1003 2880 1086 2958 quod
1135 2884 1249 2945 mentis
1261 2884 1464 2962 intelligunt:
1484 2884 1685 2961 rationalem;
1706 2886 1803 2966 qualis
1818 2887 1885 2946 inest

317 2977 543 3039 substantivum
557 2981 613 3048 est,
625 2994 660 3035 ac
674 2974 792 3036 stabile.
1135 2975 1315 3037 bominibus
1332 2994 1371 3036 ex
1389 2977 1494 3036 anima
1512 2978 1707 3057 incorporea,
1728 2984 1759 3040 ct
1775 2996 1884 3059 corpere

358 3071 413 3132 ΙΙΙ.
432 3070 579 3130 tractare
597 3069 773 3129 Anastasius
787 3067 906 3128 Sineita
920 3070 953 3132 in
972 3072 1086 3147 Ὀδηγῷ,
1136 3067 1312 3148 compositis
1341 3087 1351 3128 :
1381 3069 1435 3147 qui
1461 3087 1527 3129 non
1554 3069 1710 3148 simplici,
1740 3071 1791 3133 sed
1814 3070 1884 3132 uario

318 3162 451 3237 energiae
465 3167 624 3236 naturam,
638 3166 670 3221 et
685 3159 907 3239 proprietatem
922 3158 1067 3223 describit
1075 3178 1084 3233 3
1136 3160 1279 3240 appulsu,
1295 3166 1324 3222 el
1336 3161 1546 3221 ratiocinando
1560 3161 1741 3240 intelligunt
1756 3183 1764 3224 r
1778 3163 1884 3224 mima·

321 3256 416 3330 «Est,
437 3253 558 3332 inquit,
575 3251 717 3331 energia,
734 3257 859 3311 auctore
883 3253 915 3313 S.
939 3251 1087 3330 Gregorio
1135 3252 1198 3313 lem
1214 3273 1222 3312 ε
1238 3257 1274 3313 ιιι
1289 3251 1323 3312 in
1343 3251 1444 3313 brutis
1463 3253 1695 3328 animantibus,
1713 3273 1800 3316 sensu
1822 3272 1885 3336 prm

316 3344 781 3428 Nysseno,natinaliscujusque
790 3344 1085 3419 substantiaeuirtus,
1135 3344 1217 3418 ditis,
1233 3345 1287 3406 sed
1300 3345 1502 3419 uectatione,
1519 3363 1577 3407 nec
1590 3346 1794 3426 intelligentia
1804 3355 1884 3408 utem

316 3445 347 3501 et
359 3439 457 3500 motio
472 3458 479 3499 ε
496 3437 602 3518 quaid
616 3437 717 3498 solum
738 3441 833 3512 caret,
852 3438 936 3516 quod
950 3455 1014 3498 non
1028 3441 1084 3498 est.
1135 3436 1217 3497 tibus
1228 3437 1449 3515 :fivegetabilem
1458 3457 1466 3513 ;
1476 3442 1511 3497 ut
1518 3444 1563 3499 est
1570 3438 1707 3523 insensu
1716 3438 1884 3513 carentibus,

316 3533 406 3601 Quod
420 3532 503 3593 enim
516 3529 694 3592 substantie
709 3529 838 3609 alicujus
857 3536 904 3591 est
921 3531 1084 3610 particeps,
1135 3528 1325 3608 quaealendi,
1337 3529 1485 3607 augendi,
1495 3529 1884 3609 acgignendivimbabeut:

314 3624 447 3685 idatium
455 3622 656 3701 significantis
667 3620 745 3682 illud
755 3622 943 3701 operationis
957 3628 1003 3682 est
1013 3640 1085 3701 par·
1133 3621 1205 3682 uites
1219 3637 1345 3700 prorsus
1358 3626 1577 3699 expertem3ut
1590 3625 1733 3702 interra,
1749 3630 1780 3685 et
1791 3620 1884 3704 lapidi·

314 3717 420 3796 ticeps.
439 3715 599 3795 Siquidem
623 3719 705 3775 reeta
725 3714 804 3773 ratio
825 3713 926 3791 docet,
942 3713 1086 3775 substan·
1133 3713 1202 3776 bus.
1219 3713 1293 3775 Haec
1306 3715 1442 3775 loannes
1456 3715 1670 3779 damascenus.

350 3956 371 3997 a
389 3938 458 3995 Dius.
474 3935 522 3993 lib.
540 3937 588 4003 lll,
604 3952 663 4008 cup.
677 3953 724 3993 xv.
748 3934 877 4009 Ἐνέργεια
889 3936 932 4010 μὲν
947 3932 990 3990 οὖν
1006 3935 1082 4002 ἐστίν,
1169 3952 1185 3993 e
1203 3937 1300 3994 buter.
1321 3936 1352 3994 in
1375 3919 1491 4010 '‘Obupqs.
1516 3935 1646 4010 Ἐνέργεια
1658 3936 1742 3993 τοίνυν
1763 3936 1821 4005 ἐστί,
1835 3938 1886 3992 asti

312 4020 522 4096 ἣδραστικη,καί
536 4018 917 4093 οὗσιώδηςτῆςρόσεοιςκίνησις.
932 4016 1083 4094 ἐνεργητικὸν
1133 4039 1205 4092 φησιν
1230 4021 1245 4075 b
1266 4022 1335 4093 ἅγιος
1348 4020 1481 4093 Γρηγόριος
1502 4020 1516 4074 ὁ
1534 4020 1642 4089 Νέσσης,
1664 4019 1782 4094 ἣρυσυιὴ
1801 4020 1886 4089 tatem

312 4105 447 4179 δέίρρυσις
460 4102 484 4166 ἐξ
497 4100 554 4172 ἤςί]
570 4102 677 4176 ἐνέργεια
685 4105 802 4175 πρόεισιν.
815 4101 936 4176 ἐνέργημα
949 4103 986 4169 δέ,
1001 4103 1084 4171 τὸτῆς
1133 4103 1217 4167 οὗσίας
1226 4099 1326 4176 δύναμίς
1340 4122 1376 4175 τε,
1391 4104 1407 4171 ἢ
1425 4104 1526 4173 κίνησις,
1541 4100 1569 4172 ἧς
1585 4106 1659 4177 μόνον
1677 4102 1840 4178 ἐστέρηταιτέ
1858 4104 1885 4177 μή

313 4189 432 4263 ἐνεργείας
458 4187 629 4258 ἀποτέλεσμα,
654 4184 757 4259 ἐνεργῶν
785 4185 852 4251 ibi
876 4187 1026 4259 κεχρημένος
1052 4189 1083 4259 τῇ
1133 4185 1171 4243 ίίν.
1186 4187 1215 4241 εδ
1227 4187 1275 4260 γὰρ
1285 4186 1367 4249 οὐσίας
1380 4188 1444 4250 τινος
1454 4187 1587 4260 μετασχὸν,
1596 4189 1746 4263 συμμετέχει
1756 4187 1886 4250 πάνταςκαὶ

314 4274 430 4347 ἐνεργείᾳ,
444 4270 530 4340 taurii
552 4271 695 4333 ὓπόστασις.
721 4271 820 4342 λέγεται
840 4269 867 4324 tt
887 4270 927 4323 καί
941 4269 957 4338 tp
977 4268 1083 4341 ἐνέργεια
1132 4273 1176 4337 τῆς
1188 4270 1308 4339 δηλοίσης
1324 4269 1383 4325 αὐτὸ
1399 4266 1527 4343 ἐνεργείας.
1544 4273 1616 4343 ὅρους
1629 4270 1677 4344 γὰρ
1690 4278 1742 4325 τῶν
1755 4272 1839 4327 οὖσιῶν
1850 4269 1886 4331 τίς

314 4357 443 4429 ἐνέργημα,
464 4355 505 4410 καί
518 4354 549 4408 ab
563 4352 684 4428 ἐνέργημα
698 4351 816 4426 ἐνέργεια,
831 4353 865 4416 ὡς
884 4353 926 4406 καί
948 4353 978 4407 rb
991 4353 1083 4425 κτίσμα
1133 4350 1244 4425 ἀψευδεῖς
1272 4353 1352 4407 αιίτῶν
1377 4352 1524 4426 ἐνεργείαςί
1547 4353 1638 4424 ἀληθὴς
1659 4352 1787 4410 ἐπίσταται
1812 4357 1883 4427 λόγος·

313 4442 399 4502 κτίσις.
1131 4442 1222 4508 νοερῶν
1237 4434 1365 4509 ἐνέργειαν,
1387 4435 1431 4505 τὴν
1452 4439 1546 4506 νόησιν·
1568 4437 1700 4506 αἰσθητῶν,
1723 4437 1766 4507 την
1779 4436 1884 4507 αίαιηειν·

349 4523 464 4581 ὸΤοιΙι.
491 4520 524 4577 vl
547 4519 643 4590 Cydll.
667 4518 715 4575 lib.
740 4518 778 4575 de
805 4522 911 4575 Tacit.
938 4535 998 4590 cup.
1024 4535 1080 4575 xlx.
1131 4525 1270 4589 κινητικῶν,
1281 4519 1324 4587 τὴν
1335 4520 1438 4589 κίνησιν·
1449 4526 1547 4590 πτηνῶν
1556 4520 1601 4589 τὴν
1615 4526 1714 4589 πτῆσιν,
1730 4529 1784 4579 ele.

314 4610 416 4681 Λέγεται
429 4606 502 4660 πάλιν
523 4601 630 4676 ἐνέργεια
650 4602 691 4655 καί
710 4602 725 4671 ἡ
756 4607 800 4656 τοῦ
824 4602 896 4675 ἔργου
920 4600 1081 4676 ἐκτληρωσις,
1168 4602 1320 4677 sibidem.
1341 4603 1386 4656 llari
1406 4605 1541 4668 καθολικῶς
1561 4603 1646 4668 alueis,
1668 4604 1697 4658 rb
1715 4606 1794 4675 πάσης
1806 4603 1886 4677 μίσεος

314 4692 375 4747 aito
388 4690 417 4746 rb
431 4687 568 4761 ἐνεργητὸν,
597 4686 611 4740 ὁ
638 4680 682 4741 του
707 4687 851 4758 πράγματος
874 4685 1080 4758 ἀποτελεσμδς,ίη
1132 4688 1290 4758 σημαντικὸν,
1308 4687 1348 4739 καί
1362 4686 1527 4759 ἂροριστικδν,
1544 4687 1559 4755 ἡ
1574 4685 1680 4761 ἐνέργεια
1695 4687 1884 4757 αὖτῆςὴρυσιιὴ

313 4774 398 4849 πρᾶξις
418 4771 489 4839 αὕτη.
516 4764 589 4824 τοῦτο
612 4768 642 4836 δὴ
665 4770 695 4822 τί)
717 4768 827 4842 δεύτερον
846 4770 1024 4841 σημαινόμενον
1039 4774 1082 4838 τῆς
1131 4769 1285 4839 καθέστηκεν,
1299 4765 1327 4838 ἧς
1346 4769 1527 4843 ἀναιρουμένης,
1553 4771 1648 4834 πάντως
1668 4774 1840 4844 συναναιρεῖται
1851 4770 1886 4823 καὶ

314 4857 432 4930 ἐνεργείας
444 4854 646 4926 προσαρμοστέον
658 4858 688 4925 τῇ
702 4854 838 4925 θεανδρικῇ.
1132 4852 1268 4906 ἀπόλλυται
1282 4854 1322 4906 καί
1336 4853 1350 4921 η
1364 4854 1440 4924 ρύσις.
1452 4853 1626 4926 ἀναιρουμένης
1640 4858 1682 4922 τῆς
1695 4855 1812 4917 καύσεως,
1824 4854 1885 4907 ets·

350 4942 498 4997 eDurslsc.
516 4935 560 4990 lib.
578 4937 624 4995 lll,
639 4952 756 5006 caput.
782 4935 948 5003 ’ἐστέονῶςίη
964 4933 1080 5007 ἐνέργεια,
1132 4955 1200 4990 νυται
1222 4937 1252 4990 τὸ
1276 4940 1333 5008 reip.
1356 4934 1530 5008 ἀναιρουμένης
1554 4941 1596 5004 τῆς
1614 4939 1731 5004 κινήσεως
1751 4938 1883 4999 ratidai,

312 5024 406 5093 κίνησίς
428 5019 488 5082 ἐστι,
511 5017 552 5070 καί
575 5016 705 5090 ἐνεργεῖται
731 5019 826 5090 μᾶλλον
847 5020 864 5086 ἤ
885 5017 987 5090 ἐνεργεῖ.
1002 5020 1082 5081 καθώς
1131 5018 1268 5073 ἀπόλλυται
1281 5020 1311 5073 rb
1319 5019 1577 5092 ζῶον.ἀναιρυυμένης
1588 5022 1753 5092 τῆςνοησειυς,
1762 5020 1884 5074 ἀπόλλυται

313 5126 386 5182 φησιν
399 5105 414 5158 ὁ
427 5103 542 5173 θεολόγος
556 5101 688 5175 Γρηγόριος
706 5099 730 5154 ἐν
743 5108 779 5175 τῷ
795 5101 851 5174 περί
865 5107 908 5156 τοῦ
925 5101 996 5176 ἁγίου
1010 5101 1082 5156 πνεί-
1131 5102 1160 5156 ab
1173 5103 1256 5174 νοερὸν
1271 5106 1313 5170 της
1326 5103 1413 5175 ψυχῆς,
1427 5103 1468 5154 καί
1481 5101 1623 5175 λογιστικὸν
1634 5101 1715 5170 odric.

314 5211 391 5269 ματος
403 5190 482 5259 λόγῳ.
1166 5187 1319 5258 pDnussc.
1344 5186 1439 5257 primia
1462 5189 1558 5242 Ιιιειίι.
1588 5202 1647 5257 cap.
1675 5202 1732 5241 eurr.
1770 5183 1884 5257 Ἐνέργιιιί

350 5276 371 5332 d
391 5278 516 5329 beslius.
532 5272 602 5324 orni.
626 5283 728 5324 xxxvii.
749 5267 795 5321 Καί
812 5265 834 5320 εί
852 5264 970 5341 ἐνέργεια,
984 5268 1081 5341 ἐνεργη·
1131 5268 1206 5335 ἐστιν,
1221 5268 1435 5341 κίνησιςδραστικὴ
1442 5273 1486 5323 τοῦ
1499 5273 1637 5331 ποιοῦντος.
1652 5267 1758 5343 ἐνέργεια
1771 5267 1797 5324 δέ
1808 5267 1882 5340 φωτί

313 5363 412 5430 θήσεται
420 5353 546 5423 δηλονότι,
560 5350 605 5404 οὐκ
619 5348 741 5423 ἐνεργήσει
752 5349 793 5403 καί
802 5350 866 5422 ὁμοῦ
876 5356 912 5423 τῷ
927 5349 1081 5423 ἐνεργηθῆναι
1131 5352 1206 5426 ἐστιν,
1219 5353 1261 5407 καί
1271 5352 1363 5421 κίνησις
1375 5352 1445 5422 ριίσις
1458 5350 1585 5424 δραστικὴ.

313 5445 439 5501 πείσεται.
454 5440 565 5491 τοιοῦτον
577 5433 625 5507 γὰρ
634 5433 650 5502 tp
660 5431 776 5506 ίνίργεια.
787 5438 840 5493 πῶς
851 5427 893 5486 οὖν
907 5431 1044 5505 ἐνεργησεις
