3956 6158
301 362 361 424 bid
811 358 1137 425 recommonens
1157 359 1379 427 Doausrusr

304 528 367 590 Deo
381 534 487 590 nostro
501 545 593 607 agere
599 528 713 607 gratias
724 525 1070 592 admonemur-»Nini
1117 526 1179 589 tica
1196 528 1316 607 regina,
1331 528 1418 593 nulla
1431 530 1550 593 ratione
1570 532 1760 608 conceditur,
1778 540 1816 594 ut
1826 544 1882 606 pra

302 622 426 684 rumad
439 622 611 684 solemnem
623 621 726 683 adlusit
745 620 934 701 praelationis
947 618 1068 681 formu·
1117 638 1183 682 nou
1209 621 1368 702 baptizatis
1391 622 1557 702 caijaslihet
1583 623 1681 685 etatis
1707 624 1883 687 hominihus

302 713 377 788 lam,
391 731 461 794 quse
476 715 510 776 in
532 715 663 795 mystica
687 714 843 776 oblatione
868 713 1068 775 Eucharistie
1118 711 1265 776 offeretur
1291 715 1478 778 sacrificium
1500 717 1638 796 eorporis
1660 723 1693 779 et
1725 718 1883 796 sanguinis

301 806 455 886 hodieque
468 807 502 868 in
522 806 677 869 Catholica
699 806 856 869 recitatur.
872 805 960 879 Quod
984 805 1069 866 idem
1118 805 1268 883 Christi,»
1286 812 1344 869 etc.
1368 808 1511 890 idipsum
1523 816 1555 871 ct
1572 809 1652 871 libro
1672 810 1820 885 secundo,
1833 828 1884 871 cs·

302 899 536 979 praetereafacit
548 900 735 961 insermoue
747 895 1066 975 mxxiiitteoioersir,
1117 899 1180 977 pite
1200 900 1366 963 undecimo
1386 902 1508 981 probat,
1531 920 1645 983 nempe
1667 903 1883 965 amoriiicium

302 1008 373 1051 cum
392 992 566 1072 neophytos
588 992 735 1053 admouet
754 1008 864 1053 eorum
887 991 1066 1067 verborum,
1117 992 1255 1070 corporis
1287 993 1397 1055 Christi
1428 1012 1486 1073 pro
1510 994 1560 1055 his
1590 1013 1656 1058 noa
1684 994 1806 1072 offerri,
1829 996 1882 1076 qai

302 1084 571 1163 quaeinsacrificio
582 1084 734 1146 Dominiei
745 1084 882 1165 eorporis
894 1083 954 1145 dici
965 1084 1069 1146 audie·
1117 1081 1235 1144 Christo
1248 1102 1314 1145 non
1326 1093 1399 1148 sant
1411 1085 1609 1165 incorporati.
1625 1107 1641 1146 a

302 1182 382 1252 rant,
396 1176 485 1253 eujus
509 1182 541 1237 at
562 1176 621 1256 ipsi
639 1175 804 1256 participes
831 1175 971 1237 sacrificii
997 1174 1068 1237 facti
1157 1174 1226 1235 VII.
1251 1176 1311 1239 Sed
1326 1195 1365 1239 ex
1378 1177 1551 1254 Augustino
1572 1178 1644 1241 satis
1663 1179 1775 1241 multa.
1791 1181 1881 1242 lnao-
1903 1194 1976 1259 unes

301 1273 386 1330 sunt.
402 1268 582 1347 Cuiusmodi
595 1274 668 1330 suat
682 1269 762 1330 ista:
780 1267 907 1330 Sarrum
922 1269 1025 1343 corda
1038 1274 1069 1330 et
1116 1266 1236 1328 centius
1245 1269 1401 1345 primusin
1410 1269 1537 1348 epistola
1547 1270 1685 1332 wffiaad
1692 1271 1882 1353 Exuperiusr
1927 1261 1976 1306 μ’

301 1359 452 1422 Habemus
461 1362 502 1422 ccl
515 1359 685 1422 Hominum.
703 1360 905 1435 Tam,olde0
915 1362 1066 1439 sequitur,
1121 1357 1305 1436 Tolosanum,
1346 1363 1447 1442 capite
1480 1363 1582 1442 prima
1607 1364 1645 1425 de
1680 1365 1820 1427 restitue
1845 1366 1882 1426 ab

302 1453 414 1532 inquit,
430 1453 656 1533 episcopus,vel
670 1453 840 1533 presbyter,
856 1454 909 1531 qui
924 1452 1068 1518 ubertat
1116 1452 1334 1528 sacerdotibus,
1349 1460 1381 1515 et
1403 1455 1539 1516 &conis
1558 1458 1711 1518 meranda
1723 1457 1880 1533 disserens,

302 1546 391 1621 dicit;
412 1563 484 1607 eum
498 1546 692 1625 responderit
703 1545 856 1626 populas:
881 1544 1016 1606 Ιιαὸειηιιε
1030 1544 1070 1605 od
1117 1545 1227 1606 eodem
1245 1552 1440 1625 argumento,
1457 1565 1519 1627 qao
1533 1548 1565 1609 ia
1579 1547 1674 1609 simili
1693 1566 1729 1609 re
1750 1550 1879 1618 Sinicius.

300 1639 458 1702 Dominam
479 1656 603 1699 sursum
622 1656 698 1700 ror:
730 1637 848 1701 Gratias
875 1655 994 1718 uqcmus
1008 1637 1066 1700 Do·
1117 1637 1215 1697 utitur
1233 1656 1241 1697 ε
1256 1640 1341 1717 qaod
1360 1639 1395 1698 in
1417 1640 1514 1701 veteri
1536 1639 1603 1717 lege
1619 1643 1798 1721 «praecepti
1815 1647 1883 1703 sunt

300 1733 382 1794 miso
396 1731 457 1794 Deo
470 1738 580 1807 nostro,
601 1733 812 1811 quiasursum
825 1750 878 1793 cor
891 1731 1069 1792 habetis.Et
1117 1730 1287 1792 sacerdotes
1313 1732 1479 1794 servientes
1503 1732 1595 1794 sacris
1617 1732 1882 1803 oblationibus,in

300 1843 356 1885 vos
367 1825 566 1898 attestamini,
586 1824 716 1902 Dabrum
729 1831 756 1884 et
764 1824 881 1905 justam
896 1831 947 1895 est,
966 1824 1069 1884 diceu-
1117 1823 1233 1902 templo
1247 1842 1331 1885 anno
1346 1822 1419 1884 vicis
1438 1842 1502 1885 suas
1516 1824 1658 1886 habitare
1681 1845 1689 1884 ε
1705 1843 1765 1887 nec
1779 1844 1832 1888 cos
1847 1828 1882 1888 ad

300 1925 356 1989 tes,
371 1923 428 1977 etc.
446 1916 561 1977 Deinde
575 1924 645 1995 post
665 1914 937 1977 sanchiicationem
952 1915 1067 1976 sacrifi·
1116 1916 1267 1977 sacrificia
1280 1915 1326 1977 ias
1339 1922 1418 1978 esset
1429 1916 1562 1992 admitti,
1576 1917 1632 1997 qui
1648 1925 1831 1981 exercerent
1838 1919 1883 1981 vel

300 2010 340 2071 cii
353 2009 474 2085 dicitirr,
490 2026 553 2087 qua
577 2026 634 2069 nos
658 2008 740 2087 ipsos
758 2007 857 2069 valuit
871 2025 936 2069 esse
950 2006 1067 2068 sacrifi·
1116 2026 1188 2070 cum
1204 2027 1300 2071 uxore
1316 2009 1439 2071 carnale
1456 2011 1657 2073 consortium.
1674 2033 1687 2069 s
1712 2013 1797 2073 Tum
1814 2012 1881 2073 suh·

300 2104 385 2163 cium
394 2101 592 2180 suum‚quod
604 2101 851 2161 demonstratum
865 2104 922 2171 est,
930 2101 1067 2179 primum
1113 2100 1180 2179 jieit
1208 2122 1215 2164 r
1244 2124 1255 2160 s
1287 2103 1409 2177 Quanto
1438 2103 1538 2182 magis
1563 2104 1597 2165 hi
1624 2105 1812 2180 sacerdotes,
1837 2106 1883 2166 uel

299 2195 377 2256 illud
389 2193 574 2255 saenficium
588 2192 643 2254 Dei
655 2197 688 2253 et
701 2210 759 2253 nos
767 2212 775 2267 ;
787 2192 818 2252 id
834 2198 880 2253 est
892 2193 1067 2270 signumrei
1116 2194 1231 2256 Levita
1255 2194 1436 2275 pudicitiam
1463 2214 1502 2257 ex
1525 2195 1574 2258 die
1599 2196 1808 2259 ordinationis
1823 2216 1881 2261 suae

300 2288 384 2368 quod
397 2304 515 2349 sumus.
531 2288 607 2347 Ecce
628 2285 684 2346 ubi
697 2291 743 2346 est
756 2290 878 2365 paracta
900 2284 1068 2347 sanetifica-
1116 2304 1239 2349 servare
1261 2288 1385 2361 debent,
1401 2288 1514 2369 quihus
1533 2290 1583 2351 uel
1601 2291 1823 2359 sacerdotium.
1836 2291 1882 2352 vel

300 2380 671 2451 tio‚dicimusorationem
684 2377 1068 2452 Dominicam,aete.Vides
1116 2380 1325 2443 ministerium
1347 2383 1413 2445 siae
1431 2382 1623 2445 successione
1642 2389 1688 2444 est
1710 2403 1718 2444 :
1739 2402 1800 2446 nec
1811 2403 1882 2464 pre⁴

299 2474 348 2535 his
374 2473 407 2534 in
435 2471 509 2533 locis
522 2471 728 2545 verissimum,
744 2475 775 2531 et
799 2469 954 2548 singulare
976 2475 1067 2530 sceri-
1116 2473 1189 2535 terit
1201 2473 1279 2549 dies,
1294 2493 1357 2553 que
1379 2475 1429 2536 vel
1450 2493 1468 2535 a
1490 2473 1646 2538 marificiis
1662 2475 1791 2553 divinis,
1805 2476 1882 2539 uela

300 2566 402 2648 ficium
415 2563 564 2646 appellari
577 2562 616 2625 ab
631 2563 815 2641 Augustino,
835 2562 1024 2624 oblationem
1037 2568 1068 2625 et
1116 2566 1308 2644 bsptismatis
1322 2565 1423 2627 officio
1435 2567 1591 2628 recenti»

299 2657 584 2729 sanctificationem,
601 2655 664 2717 sive
678 2653 941 2716 consecrationem
958 2673 1066 2733 corpo·
1156 2658 1299 2720 Meminit
1314 2659 1538 2721 etToletanum
1550 2660 1699 2740 primum,
1709 2663 1881 2741 quodanno
1911 2682 1976 2725 unu

299 2753 342 2812 ris
353 2751 475 2824 Christi,
488 2767 557 2829 quse
570 2747 910 2810 hacteuusinlicelesia
919 2747 1067 2810 catholica
1116 2751 1545 2831 Christiquadringentesimo
1558 2758 1700 2815 abactam
1717 2760 1777 2829 est,
1792 2754 1879 2817 aunt·
1925 2734 1976 2843 ’,Ἐξ

299 2848 507 2925 perseverent,
520 2841 630 2902 iisdem
644 2839 765 2914 ritihus,
781 2845 811 2899 et
825 2839 1065 2918 precationibus,
1116 2843 1183 2924 ficii
1201 2841 1370 2921 quotidiani
1394 2862 1514 2906 canone
1542 2845 1662 2924 quinta.
1688 2846 1729 2907 Et
1752 2847 1837 2926 quod
1852 2848 1881 2907 in
1975 2840 1976 2915 ἶ

299 2954 376 3018 quas
388 2935 518 2996 totidem
532 2933 634 2994 verbis
648 2931 786 3012 proferre
797 2932 1024 2993 consuevimus.
1117 2936 1225 2998 eadem
1239 2934 1315 2996 urbe
1340 2941 1447 3014 postea
1470 2937 1656 3001 celebratum
1676 2943 1724 2999 est
1741 2938 1880 3001 duodeci·

340 3029 390 3089 Sic
404 3026 437 3089 ia
449 3024 748 3105 epistolauxxcapite
762 3041 825 3085 arx.
844 3024 1068 3103 ‹Hincgratias
1117 3046 1217 3102 mam,
1232 3046 1316 3089 anno
1336 3028 1406 3096 est,
1419 3046 1538 3091 canone
1559 3029 1668 3109 quinto
1692 3029 1880 3093 luculentam

299 3122 430 3199 agimus,
462 3118 574 3199 inquit,
596 3116 728 3179 Domino
752 3118 815 3178 Deo
837 3122 942 3177 nostro
959 3136 967 3176 :
983 3117 1068 3195 quod
1117 3120 1254 3199 ejusdem
1267 3121 1314 3181 rei
1328 3122 1520 3183 mentionem
1538 3123 1686 3184 continet.
1708 3147 1724 3177 ι
1739 3125 1880 3186 Relatum

300 3219 346 3275 est
357 3229 507 3291 magnum
530 3211 765 3272 Sacramentum
784 3209 819 3269 in
832 3208 980 3270 sacrificio
994 3210 1067 3269 novi
1117 3215 1206 3275 nohis
1225 3219 1281 3281 est.
1297 3213 1409 3292 inquit,
1429 3214 1579 3293 quosdam
1602 3215 1641 3276 de
1662 3216 1878 3291 sacerdotibus,

299 3305 505 3377 Testamenti3
535 3303 619 3382 quod
645 3302 710 3378 abi,
731 3306 762 3362 et
784 3301 921 3380 quando,
943 3306 974 3361 et
993 3319 1069 3381 quo·
1117 3323 1180 3366 noa
1194 3311 1240 3367 tot
1253 3305 1372 3367 vicibus
1385 3306 1613 3369 communionis
1623 3314 1740 3370 sanctas
1756 3309 1879 3388 gratim

299 3399 391 3462 modo
426 3397 593 3473 offeratur,
630 3412 702 3458 oum
738 3394 833 3457 fueris
874 3393 1065 3473 baptizatus,
1116 3416 1250 3474 sumere,
1270 3404 1347 3478 quot
1366 3399 1514 3461 sacrificia
1531 3400 1565 3460 ia
1587 3418 1652 3460 uno
1672 3401 1724 3462 die
1742 3403 1881 3465 videntur
1974 3426 1975 3499 p

297 3492 447 3554 invenies.
463 3511 479 3548 r>
1118 3493 1180 3553 Deo
1194 3490 1320 3567 offerre;
1336 3491 1389 3552 sed
1403 3493 1435 3552 in
1449 3509 1513 3552 uno
1524 3491 1574 3552 die
1587 3492 1614 3552 si
1632 3493 1771 3571 plurima
1787 3513 1842 3576 per
1852 3514 1880 3557 se

339 3586 418 3646 Item
441 3584 475 3644 in
496 3598 639 3643 ammone
663 3596 733 3643 axla
752 3577 787 3641 de
806 3577 1067 3656 Diversaeque
1118 3586 1181 3646 Dea
1195 3582 1327 3645 offerant
1346 3582 1505 3659 sacrific-ia,
1529 3584 1563 3645 in
1582 3586 1732 3647 omnibus
1751 3607 1785 3650 se
1806 3588 1881 3649 obis

299 3677 445 3750 secando,
472 3696 487 3733 a
507 3675 646 3736 Mensam
669 3671 829 3752 Cypriani,
850 3671 883 3733 id
906 3676 952 3730 est
972 3670 1067 3730 altare
1116 3675 1285 3737 tionibusa
1308 3676 1567 3737 communicando
1585 3678 1793 3758 suspendunt,
1809 3681 1879 3742 etin

298 3770 402 3832 vocari
415 3766 645 3846 Carthaginensi
658 3766 691 3828 ia
713 3764 840 3826 eeclesia
851 3763 936 3835 dicit,
950 3780 1015 3822 non
1033 3762 1067 3822 in
1117 3768 1183 3829 sola
1196 3775 1318 3829 tantum
1329 3769 1460 3829 extremi
1474 3768 1613 3830 sacrificii
1626 3769 1787 3834 oblatione
1800 3790 1877 3835 com·
1973 3814 1974 3823 κ

297 3880 361 3942 qus
374 3864 487 3941 paseat,
499 3859 563 3920 sive
578 3865 719 3938 pascatur
734 3877 741 3918 :
758 3856 812 3917 sed
832 3855 866 3917 in
879 3872 941 3934 qua
954 3852 1067 3914 sacrifi·
1117 3861 1276 3922 marcionis
1288 3865 1400 3921 sanctae
1412 3862 1543 3939 gratiam
1556 3869 1704 3937 sumunt3
1720 3866 1809 3944 quasi
1823 3884 1879 3927 non
1973 3874 1974 3957 p

298 3955 383 4016 cium
395 3955 469 4028 Deo,
486 3952 536 4013 cui
548 3962 579 4011 ct
592 3951 656 4031 ipse
670 3950 791 4011 oblatus
810 3953 867 4017 est,
882 3946 1063 4007 offeratur.»
1118 3954 1159 4013 sit
1169 3954 1260 4014 toties
1273 3953 1317 4014 illi
1326 3971 1411 4029 vero,
1428 3962 1459 4015 et
1468 3954 1616 4034 singulari
1630 3956 1782 4019 sacrificio
1796 3959 1879 4039 parti-

298 4048 364 4109 Hoe
378 4051 485 4107 autem
497 4044 559 4105 tale
579 4060 644 4104 esse
665 4034 863 4114 sacrificium,
876 4038 993 4100 ibidem
1011 4038 1065 4110 ait,
1118 4046 1294 4124 cipandum,
1308 4046 1428 4123 quoties
1442 4047 1588 4126 corporis,
1604 4054 1635 4108 et
1647 4050 1810 4128 sanguinis
1823 4052 1879 4113 lla·

297 4140 333 4200 ia
354 4156 416 4219 quo
444 4140 596 4218 apropter
614 4135 750 4197 natalem
774 4129 923 4213 Cypriani
942 4130 1068 4209 sanguis
1118 4138 1197 4199 mini
1227 4138 1325 4199 nostri
1353 4140 1429 4201 lesu
1462 4138 1576 4201 Christi
1606 4140 1780 4205 immolatio
1809 4144 1880 4205 aea

298 4231 417 4293 bibitur
430 4230 555 4291 Christi.
568 4250 585 4287 »
1118 4231 1297 4293 constiterit.
1308 4233 1387 4294 Nam
1400 4250 1469 4293 ecce
1481 4231 1644 4310 Apostolus
1657 4233 1732 4296 dicit
1747 4234 1771 4298 ¹:
1783 4234 1879 4297 Nam

338 4326 460 4385 Rursus
473 4323 506 4383 ia
525 4321 605 4382 libro
628 4320 719 4380 tertio
738 4317 773 4379 de
792 4316 947 4398 Baptismo
966 4321 1068 4375 costra
1117 4323 1275 4403 quiedam
1287 4323 1408 4395 hostias,
1416 4323 1579 4404 parumper
1590 4332 1656 4384 suns
1669 4325 1877 4391 almuca-

298 4415 482 4491 Donatistae,
498 4413 597 4493 capite
607 4429 662 4473 xlx
676 4411 734 4472 sub
745 4410 860 4489 ejus,ae
872 4407 945 4470 libri
957 4408 1066 4480 finem,
1113 4421 1186 4476 tum
1200 4421 1255 4488 est,
1265 4417 1349 4495 qaod
1359 4417 1401 4490 hi,
1419 4416 1474 4495 qui
1484 4416 1692 4479 sacrificantes
1699 4438 1765 4481 non
1777 4421 1877 4493 edunt,

302 4508 424 4570 «Unde
451 4508 517 4586 ipse
546 4504 694 4566 Dominus
716 4503 821 4577 etism,
851 4501 964 4580 inquit,
990 4515 1069 4577 quos
1118 4508 1252 4569 reisunt
1274 4509 1441 4571 Dominicis
1460 4511 1671 4573 sacramentis.
1693 4512 1878 4591 Quicumque

300 4596 641 4676 mundavitalepra,ad
654 4597 762 4657 eadem
771 4590 1066 4664 moramentamisiu
1119 4618 1192 4679 ergo
1206 4601 1399 4662 sacerdotum
1414 4601 1560 4681 deinceps
1581 4602 1691 4664 divino
1711 4604 1819 4666 ultano
1837 4622 1879 4664 sa·

302 4693 423 4774 (nempe
442 4686 579 4768 ludaico)
593 4693 629 4749 ut
651 4688 798 4749 offerrant
819 4703 876 4766 pro
896 4702 928 4746 se
951 4680 1068 4743 saeriss·
1120 4691 1268 4755 orificium
1291 4693 1451 4754 oblaturas
1472 4695 1744 4770 caesariense
1765 4714 1876 4759 soom·
1971 4736 1972 4769 f

299 4784 382 4845 cium
396 4781 620 4855 sacerdotibus3
634 4781 707 4858 quia
725 4778 866 4839 nondam
885 4777 930 4837 eis
948 4791 1066 4834 succes
1118 4786 1267 4847 munione
1287 4786 1491 4866 suspenderit,
1513 4786 1552 4847 ab
1571 4787 1648 4867 ipsa,
1673 4790 1730 4868 qui
1751 4807 1783 4851 ω
1798 4788 1876 4850 inde.

298 4873 589 4941 seratsacrificium,
605 4872 689 4952 quod
707 4872 773 4951 ipse
793 4876 862 4948 post
876 4869 910 4930 in
933 4864 1068 4927 Ecclesia
1119 4883 1221 4938 censer
1253 4878 1393 4955 privavit,
1423 4880 1521 4957 gratia
1547 4881 1777 4943 communioni,
1802 4898 1876 4943 ωηο

298 4967 397 5029 voluit
409 4965 558 5027 celebrari
580 4982 637 5044 pro
659 4964 720 5025 illis
733 4962 898 5035 Omnibus,
920 4959 993 5040 quia
1008 4956 1068 5019 illis
1119 4987 1183 5030 uno
1210 4970 1370 5049 repulsum
1395 4989 1427 5031 se
1454 4972 1588 5033 noverit,
1614 4972 1695 5034 Nam
1717 4972 1804 5054 quale
1824 4971 1876 5034 erit

299 5057 518 5137 omnihusipse
532 5055 813 5136 praenuntiabatur.
827 5078 839 5114 s
1117 5059 1196 5122 illud
1208 5062 1404 5135 sacrificium,
1420 5062 1471 5124 cui
1485 5081 1543 5124 nee
1553 5063 1619 5144 ipss
1632 5065 1804 5128 sacrificans
1815 5080 1876 5145 par·

339 5152 494 5212 Praeterea
504 5148 584 5209 libro
599 5149 700 5229 primo
714 5147 748 5209 de
766 5149 881 5227 anima,
895 5159 922 5212 et
935 5152 998 5234 qus
1011 5153 1069 5214 ora'-
1117 5153 1214 5233 ticeps
1226 5172 1292 5217 esse
1306 5155 1522 5234 cognoscitur?
1535 5157 1616 5236 Ergo
1626 5157 1729 5219 modis
1740 5156 1874 5219 omnbus
1970 5202 1971 5225 i

300 5242 380 5322 piae,
397 5240 497 5320 capite
517 5257 561 5301 xi.
582 5239 671 5302 «Sed
689 5241 811 5302 etiamsi
823 5241 883 5303 hoc
896 5242 945 5304 isti
958 5262 1081 5306 conre·=
1118 5251 1165 5307 cst
1180 5248 1361 5322 tenendum,
1379 5254 1414 5309 ut
1435 5248 1692 5329 quotiescumque
1713 5249 1873 5312 sserisscsns

302 5333 403 5408 datur,
419 5332 503 5413 quod
516 5331 850 5411 saluaiidaCathohea,
865 5340 896 5395 et
909 5335 1069 5398 Ecclesiae
1118 5354 1241 5418 eorpus,
1257 5345 1289 5401 et
1314 5340 1498 5420 sanguinem
1523 5341 1599 5403 lesu
1624 5342 1734 5404 Christi
1760 5336 1870 5404 Domini

333 5534 342 5577 l
356 5530 410 5579 tide
421 5537 442 5577 et
454 5531 513 5578 Pras.
528 5541 575 5588 par.
589 5530 598 5577 l
610 5531 766 5580 muman
779 5541 801 5578 cr
812 5531 861 5590 ssyr.
875 5532 936 5582 illari
950 5535 998 5584 dcl.
1009 5536 1070 5591 urst.
1079 5547 1100 5583 r.
1109 5539 1157 5581 -l
1170 5536 1178 5583 1
1189 5537 1240 5585 Ger.
1252 5548 1273 5583 x.
