4076 6180
558 312 608 372 tte
626 311 928 385 lNGAltNATlONE,
951 312 1024 374 Ltss.
1048 314 1128 391 Xlll,
1152 314 1235 377 CAP.
1260 317 1310 377 lli.

144 473 913 553 omninosalvosiieriabinitioconrersionisusquc

144 568 185 627 nd
208 568 280 629 rite
293 567 463 630 terminum
477 585 616 647 unquam
631 569 802 643 agnovisse.
816 589 831 624 n
849 568 914 628 Hoc

145 666 315 740 autequam
332 650 504 740 Augustino
521 663 588 741 ipso
598 665 675 721 teste
684 659 836 732 refellam,
852 660 913 739 pri-

144 770 236 813 mum
250 752 327 813 illud
341 753 651 814 animadvertendum
665 758 720 827 est,
742 771 793 812 eos
807 768 914 812 omnes

145 846 202 926 qui
235 845 411 924 generalem
442 847 505 906 Deo
544 845 689 906 tribuunt
721 845 914 905 voluntatem

145 938 291 998 omnium
306 937 535 1011 salvandorum,
550 957 588 999 ex
601 939 821 1017 consequentia
837 954 913 1015 qua-

145 1031 220 1091 dam
243 1031 371 1092 rationis
397 1030 473 1091 illud
486 1031 578 1091 etiam
607 1029 707 1105 fateri,
734 1029 915 1090 sufficientia

144 1122 294 1184 omnibus
307 1123 460 1202 adjutoria
474 1127 648 1202 suppetere.
665 1122 778 1201 quibus
791 1121 830 1181 ad
840 1139 912 1200 pro·

143 1217 329 1278 merendam
341 1216 472 1278 salutem
486 1215 545 1277 niti
559 1215 686 1294 possint,
707 1233 742 1274 ao
767 1213 912 1274 debeant.

144 1309 185 1369 Et
199 1327 347 1370 conuersa
373 1307 506 1369 vicissim
531 1306 760 1380 curantiatione3
790 1304 915 1385 quibus

98 1401 101 1406 ’
144 1420 280 1480 eramque
304 1398 481 1481 sufficientia
506 1404 675 1479 suppetunt
697 1397 850 1479 adjutorio
874 1397 914 1457 nd

144 1490 349 1551 obtinendam
373 1489 527 1563 salutem3
558 1491 655 1550 Deum
668 1488 751 1567 ipsos
779 1485 915 1562 generali

143 1583 255 1643 saltem
264 1583 424 1642 voluntate
438 1581 537 1642 salvos
546 1599 739 1659 esscrupcre.
748 1581 913 1640 Estautem

144 1673 365 1736 sufficientium
381 1673 523 1735 omnium
537 1673 734 1748 auxiliorum,
759 1689 828 1751 quae
843 1671 913 1750 qui·

144 1768 217 1828 dem
246 1767 283 1828 ad
314 1766 568 1846 justificationem
598 1766 725 1845 propius
757 1767 910 1843 spectant,

144 1860 296 1940 primum,
317 1866 348 1921 ct
374 1864 559 1920 caeterorum
582 1858 716 1933 initiam,
746 1875 782 1916 ac
802 1856 914 1916 lunda·

144 1958 301 2025 mentum,
317 1953 404 2029 fides,
420 1958 450 2012 et
463 1952 606 2011 voluntas
618 1950 684 2030 ipsa
690 1948 844 2011 credendi:
857 1966 912 2029 per

144 2063 242 2125 qnam
255 2044 443 2119 uberiorem,
470 2061 506 2104 ac
519 2042 733 2123 perfectiorem
754 2058 913 2102 meremur

143 2137 288 2218 gratiam.
305 2135 512 2212 Quamobrem
526 2135 713 2213 cuicumque
727 2136 807 2194 lteris
825 2132 912 2193 illam

143 2231 292 2292 credendi
310 2228 513 2301 uoluntatem,
537 2246 573 2288 ac
594 2227 690 2288 iidem
715 2226 909 2299 concesserit,

142 2342 219 2385 eum
232 2323 311 2385 velle
321 2321 441 2383 saltrim
454 2321 534 2393 fieri,
551 2323 739 2381 Armacanus
753 2319 870 2379 asserit,

183 2417 243 2476 XI.
274 2416 362 2476 Nunc
395 2413 472 2474 illud
500 2413 680 2489 ostendam,
704 2410 912 2491 Augustinum

142 2507 220 2568 olim
233 2507 267 2568 in
279 2525 316 2568 ea
342 2504 435 2568 fuisse
462 2506 623 2578 sententia,
649 2504 733 2564 istud
759 2503 911 2564 auxilium

142 2600 311 2675 sufficiens,
327 2599 411 2678 qnod
426 2598 459 2658 iu
475 2598 547 2673 fide,
564 2597 771 2675 credendique
797 2596 912 2656 volun·

141 2696 207 2753 tate
221 2691 316 2752 situm
330 2698 387 2766 est,
407 2690 553 2751 omnibus
579 2687 760 2749 honrinibus
782 2687 912 2748 attribu·

142 2790 213 2845 tun.
226 2784 330 2845 irrisae.
342 2783 505 2844 Undonam
518 2786 623 2842 alitem
639 2780 816 2842 certiusboc
842 2778 913 2841 sciri

141 2876 269 2956 poterit,
283 2892 378 2955 quam
391 2874 552 2954 ipsiusmet
574 2873 739 2952 Augustini
766 2872 858 2944 claro,
882 2876 914 2932 et

141 2969 258 3030 diserto
271 2965 473 3029 testimonio?
491 2966 605 3027 Scribit
628 2965 680 3026 ille
700 2965 800 3045 eapite
823 2963 912 3025 tertio

140 3059 222 3121 libro
241 3057 277 3120 de
302 3057 569 3121 Prodestdrotione
588 3057 779 3131 Sanctorum,
803 3074 835 3117 se
856 3056 911 3117 ali-

141 3152 269 3233 quando
283 3157 416 3231 putasse,
436 3150 571 3228 «fidem,
587 3151 689 3230 quain
707 3150 913 3211 111111111εά1-

140 3262 226 3321 mus,
243 3263 260 3305 a
274 3243 364 3304 nobis
376 3260 440 3304 csse
457 3243 490 3303 in
505 3242 611 3319 nobis,
624 3247 656 3303 et
675 3242 830 3322 perillam
855 3260 912 3303 nos

141 3337 310 3416 impetrare
324 3335 379 3397 Itei
393 3336 484 3411 done,
503 3335 617 3415 quibus
631 3341 851 3414 temperanter,
881 3339 912 3395 at

135 3430 234 3508 juste,
249 3433 281 3489 et
290 3428 340 3508 pie
354 3428 495 3489 vivamus
508 3428 541 3487 in
553 3429 611 3489 boo
624 3428 726 3489 serario
738 3447 746 3503 ;
760 3446 796 3488 ac
809 3427 910 3488 solum

138 3521 335 3603 preconium
347 3520 495 3594 ueritatis,
503 3541 518 3577 a
532 3520 615 3599 qnod
628 3518 818 3581 extrinsecus
827 3520 910 3580 inso-

140 3619 199 3675 nat
209 3612 336 3674 auribus
350 3613 474 3689 nostris,
490 3631 527 3674 ex
537 3612 594 3674 Dei
607 3631 671 3674 esse
685 3630 816 3674 munere
829 3631 836 3672 ε
850 3617 913 3672 out

140 3711 248 3767 autem
258 3707 425 3785 prodiente
438 3705 528 3766 nobis
542 3706 711 3785 &argalio
721 3706 909 3766 consentire·

141 3816 224 3875 mus,
252 3805 394 3860 nostrum
419 3799 669 3879 esseproprinm,
699 3805 730 3859 et
758 3798 850 3859 nobis
873 3815 911 3859 cin

141 3889 233 3951 nobis
251 3908 328 3967 esse,
348 3890 460 3970 inquit,
478 3890 662 3952 arbitrabar.
692 3892 789 3964 Quem
803 3905 910 3950 meum

141 4000 281 4044 errorem
309 3982 461 4044 nonnulla
475 3982 622 4065 opuscula
636 4001 706 4045 mea
726 3984 800 4043 satis
824 3981 908 4044 indi·

140 4080 215 4136 cant
244 4080 315 4137 ante
349 4077 560 4155 episcopatum
596 4092 702 4138 meum
739 4075 864 4155 scripta.
890 4096 905 4133 „

141 4166 290 4229 Nominat
304 4174 410 4229 autem
422 4167 538 4229 librum
548 4168 748 4248 expositionis
759 4185 908 4247 quarum·

141 4259 216 4320 dam
230 4258 477 4339 propositionum
503 4260 692 4341 exepistola,
709 4279 779 4339 quea
804 4265 850 4321 est
872 4258 912 4320 od

141 4348 300 4427 Rmnunos,
328 4351 383 4412 ubi
406 4351 488 4412 istud
515 4351 639 4414 docuit:
667 4352 803 4431 quadiu
830 4350 909 4412 libro

142 4443 399 4506 detrectationem
414 4445 613 4509 emendatum
626 4464 645 4506 a
659 4462 691 4507 se
701 4451 907 4524 posteatesta-

141 4542 202 4597 tur.
221 4538 322 4615 Atque
333 4537 366 4597 in
394 4536 503 4598 eodem
517 4538 571 4603 itto
598 4538 678 4597 libro
701 4537 736 4598 de
750 4536 908 4599 Praedesti·

139 4629 261 4690 natione
281 4627 475 4706 Sanctorum,
500 4629 686 4690 firmissimis
705 4630 907 4709 argumentis,

141 4737 329 4801 summoque
343 4727 454 4783 conatu
468 4721 563 4783 istum
575 4721 687 4782 retollit
701 4740 838 4783 errorem
854 4736 869 4797 3·
879 4727 910 4782 et

140 4831 178 4875 eo
191 4811 390 4894 praesertim',
402 4812 521 4893 quodsi
534 4814 684 4875 arixilium
696 4813 861 4892 ejusmodi,
879 4818 910 4875 et

138 4904 266 4966 initium
288 4903 526 4984 justificationis,
545 4904 727 4986 aadcpietos
752 4903 905 4966 exordium

137 4996 366 5075 comiqhocest
378 4997 467 5076 fides,
482 4997 684 5078 octonusque
698 4996 861 5070 credendi,
877 4998 909 5055 in

170 5221 179 5239 ⁶
196 5219 231 5272 lte
242 5219 363 5286 Augustini
376 5225 452 5275 11111111
473 5222 533 5290 quod
552 5223 580 5276 ad
599 5224 638 5277 ltci
652 5224 789 5277 votionum
805 5222 905 5275 odiendi

165 5482 176 5527 l
189 5481 236 5527 lib.
251 5483 277 5527 de
288 5482 351 5530 Aac
369 5485 434 5530 Seue.
447 5496 466 5529 o.
480 5496 503 5529 n.

1673 318 1732 378 653

964 482 1068 537 nostra
1082 482 1231 558 potestate
1246 480 1295 547 sit,
1319 486 1350 539 et
1362 479 1543 540 naturaliter
1563 479 1732 560 unicuique

964 567 1129 630 hominum
1143 572 1288 646 insitum3
1305 577 1339 632 ut
1348 572 1375 632 si
1386 572 1470 644 velit,
1494 591 1548 649 per
1559 591 1624 634 sesc
1639 571 1733 652 possit

964 662 1099 739 credere,
1115 664 1371 725 uilrilesseeausae
1381 664 1529 732 videatur,
1541 665 1733 743 quineactera

964 772 1034 832 quae
1043 755 1187 836 deinceps
1199 762 1378 836 sequantur,
1392 756 1426 816 in
1438 756 1575 835 ejusdcm
1587 757 1732 818 facultate

964 847 1020 906 sita
1052 865 1116 908 esse
1149 849 1312 925 dicantur,
1343 868 1379 909 ac
1394 870 1409 907 a
1442 854 1543 909 totum
1575 849 1731 909 tribuatur

963 937 1095 1016 homini,
1111 941 1209 1020 utqui
1220 941 1280 1001 sibi
1291 941 1390 1020 potuit
1403 941 1565 1002 instituere
1577 941 1733 1021 quodnou

963 1030 1107 1103 habebat,
1123 1033 1190 1111 ipse
1204 1033 1286 1112 quod
1300 1032 1434 1093 instituit
1443 1040 1565 1113 augeat.
1581 1055 1597 1092 u

1004 1125 1113 1203 Ecquis
1124 1143 1196 1203 ergo
1224 1144 1288 1185 non
1302 1126 1396 1203 ridet,
1422 1132 1501 1202 tum,
1513 1146 1585 1213 epm
1599 1127 1641 1187 ita
1663 1146 1734 1189 sen·

964 1215 1071 1289 tiebat,
1083 1217 1414 1296 Augustinumperitcr
1427 1218 1627 1295 existimasse,
1638 1238 1732 1300 gene·

964 1307 1061 1368 ralem
1089 1310 1308 1370 salvandorum
1341 1312 1483 1371 omnium
1508 1312 1672 1374 hominum
1701 1314 1734 1376 111

964 1401 1029 1460 Deo
1044 1400 1137 1462 luisse
1149 1402 1353 1462 voluntatem:
1362 1405 1734 1482 quemadmodumomni·

963 1492 1022 1552 bus
1036 1494 1219 1555 naturaliter
1229 1494 1499 1556 sufficiensdatum
1515 1516 1578 1559 esse
1591 1499 1734 1559 credebat

963 1584 1128 1657 auxilium,
1141 1605 1201 1666 quo
1209 1586 1407 1665 adjustitiam
1415 1594 1444 1649 et
1456 1589 1586 1651 salutem
1597 1592 1733 1668 aspirare

963 1683 1106 1753 possent:
1134 1679 1272 1758 adeoque
1294 1678 1368 1739 falso
1398 1680 1474 1741 illud
1495 1681 1534 1741 ab
1558 1683 1731 1745 Armacano

963 1767 1096 1844 delendi,
1109 1788 1294 1850 corioquam
1302 1771 1340 1831 ab
1356 1770 1445 1832 initio
1452 1776 1668 1849 conversionis,
1684 1796 1734 1838 us·

963 1863 1072 1940 quoad
1090 1862 1161 1924 vitas
1180 1865 1351 1925 terminum
1363 1866 1524 1945 agnovisse
1541 1867 1732 1929 voluntatem

962 1954 1733 2041 illamgeneralemsalvandorumomuium,exque

963 2046 1117 2126 adjutoria
1131 2048 1189 2109 ista
1201 2048 1386 2110 sufficieutia
1412 2069 1598 2131 promanarc
1623 2053 1733 2115 dicun-

962 2138 1732 2222 turinSedlevisillesit,etignoscenduserror3in

962 2231 1059 2292 altero
1084 2237 1165 2293 certe
1184 2231 1387 2295 nihilominus
1413 2242 1556 2311 tenetur,
1582 2239 1666 2317 qnod
1697 2244 1732 2300 ut

962 2322 1084 2385 duobus
1092 2325 1174 2389 hisce
1180 2325 1331 2404 capitibus
1343 2328 1472 2406 planum
1485 2329 1626 2406 fecimus3
1637 2332 1730 2394 ctiam

961 2421 1030 2495 post
1056 2423 1232 2495 susceptum
1259 2418 1488 2498 episcopatum,
1513 2428 1545 2482 et
1568 2424 1731 2503 postremis

961 2507 1039 2568 adeo
1058 2509 1130 2570 vitae
1153 2509 1358 2590 temporibus,
1378 2530 1449 2572 curn
1471 2514 1617 2576 aduersus
1644 2517 1732 2577 Pela·

961 2599 1069 2679 gianos
1078 2601 1151 2661 totis
1164 2602 1280 2681 ingenii
1296 2603 1413 2664 uiribus
1426 2605 1465 2665 de
1479 2607 1588 2685 gratia,
1605 2613 1636 2668 ct
1654 2628 1730 2685 prae-

962 2693 1166 2755 destinatione
1181 2701 1322 2771 certaret,
1336 2697 1512 2775 generalem
1531 2700 1565 2759 in
1588 2701 1730 2763 omnium

962 2785 1093 2846 salutem
1117 2786 1293 2859 hominum,
1324 2789 1376 2849 sed
1390 2789 1521 2851 minimo
1543 2790 1726 2862 absolutam,

961 2878 1155 2941 voluntatem
1171 2879 1507 2959 Augustinusagnovit.
1520 2884 1729 2964 llocutipsius

961 2987 1000 3030 ex
1024 2971 1187 3049 Augustini
1214 2971 1316 3032 verbis
1350 2991 1385 3033 nc
1406 2974 1534 3035 decretis
1568 2976 1727 3057 hucusque

961 3058 1260 3123 demonstravimus:
1290 3063 1334 3123 ita
1357 3064 1501 3147 deinceps
1525 3086 1563 3128 ex
1601 3069 1727 3132 illorum

961 3159 1123 3215 stratorum
1137 3155 1323 3216 testimoniis
1332 3159 1583 3237 approbabImus,
1599 3164 1650 3241 qui
1659 3168 1728 3242 posi

961 3247 1172 3325 Augustinum
1199 3248 1397 3325 exstiterunt;
1413 3252 1584 3329 praesertim
1604 3272 1724 3332 eorum,

961 3340 1065 3419 quide
1078 3339 1367 3420 predestinatione,
1382 3361 1417 3403 ae
1429 3343 1647 3423 reprobatione
1667 3347 1727 3408 dis·

961 3437 1115 3511 putantes,
1129 3432 1211 3493 illius
1225 3451 1257 3494 se
1271 3435 1452 3513 opinionem
1465 3438 1553 3516 sequi
1566 3445 1640 3500 suut
1656 3458 1727 3519 pro

960 3524 1046 3599 lessi3
1058 3544 1135 3603 quos
1149 3525 1273 3604 quidem
1289 3546 1487 3590 communem
1502 3530 1587 3591 illam
1610 3532 1728 3594 salvan-

960 3617 1073 3678 dorum
1107 3618 1200 3678 etiam
1234 3620 1437 3698 reproborum
1471 3624 1673 3703 uoluntatem,
1696 3633 1727 3689 et

959 3710 1082 3784 idonee,
1098 3711 1211 3791 quibus
1246 3729 1315 3771 eam
1343 3714 1455 3795 exequi
1487 3717 1597 3794 voluit,
1623 3718 1727 3782 oblato

959 3802 1104 3881 praesidia
1118 3820 1244 3882 prorsus
1256 3807 1415 3882 agnovisse
1429 3808 1607 3871 docebimus
1621 3810 1643 3872 *.

956 5233 1036 5271 omnm
1056 5223 1159 5287 spectat,
1173 5222 1265 5274 console
1290 5225 1357 5276 etiam
1380 5226 1507 5286 1111111111,
1531 5228 1722 5297 ltccbampsiun,

955 5295 1071 5360 Faunine,
1080 5302 1103 5348 et
1115 5298 1228 5349 1111111111
1242 5298 1377 5354 indistorta
1396 5302 1547 5369 Theolopico.
1584 5305 1608 5356 F.
1620 5308 1649 5357 A.
1661 5308 1687 5357 Z.
