4076 6180
563 324 611 387 DE
632 323 944 401 INCARNATIONE,
966 325 1040 385 L1B.
1057 325 1140 403 XIll,
1163 326 1248 388 ChP.
1271 330 1313 389 11.
1656 332 1715 395 637

129 490 210 551 libro
226 489 360 551 secundo
379 487 415 549 de
438 488 618 550 Paenitentia
635 488 659 551 ¹:
670 489 723 549 ubi
736 507 773 550 ea
787 507 835 550 res
860 507 899 550 ex
949 491 1002 570 qui
1030 511 1085 571 pro
1114 493 1265 554 unimrsis
1292 499 1435 556 mortuus
1460 501 1516 568 est,
1539 500 1713 560 mercedem

128 583 266 662 professo
280 587 437 655 tractatur,
452 587 517 642 tam
527 583 641 643 tardam
655 582 759 661 ipsum
776 581 899 642 Domini
947 601 1035 643 suam
1050 591 1230 646 evacuatam
1247 586 1373 649 dolebit.
1393 610 1408 645 a
1426 589 1470 648 lix
1493 608 1554 667 quo
1570 590 1642 650 illud
1659 591 1712 652 de·

128 675 339 755 proditorem,
355 691 450 754 qnam
474 675 633 735 Simonem
652 675 776 749 bingam
796 672 897 751 poeni·
946 676 1085 752 ducitur;
1115 695 1187 737 atim
1220 678 1343 757 reprobi
1377 686 1521 759 pereunt,
1556 682 1711 744 mercedem

127 767 258 828 tentiam
270 785 376 847 agere,
393 767 468 828 etin
483 768 616 845 gratiam
639 768 739 828 redire
762 766 896 846 potuisse
946 768 1114 829 Dominieoe
1126 770 1276 849 passionis
1290 773 1322 831 in
1337 771 1397 832 illis
1411 773 1559 835 reuereri.

127 860 302 921 consumat.
315 862 357 921 De
371 861 451 921 inda
460 860 596 939 primum
608 860 650 919 ita
665 857 789 919 scribit:
810 879 826 915 u
837 859 894 917 Ar·
986 861 1051 921 ΧΗ.
1069 862 1152 923 ldem
1170 863 1201 922 in
1215 862 1394 942 prefatione
1408 865 1480 925 libri
1493 866 1584 943 primi
1594 866 1627 927 dc
1641 867 1713 947 Spi-

127 951 227 1012 bitror
237 953 333 1027 enim,
350 951 463 1031 inquit,
472 951 556 1030 quod
569 950 662 1011 ctiam
674 952 691 1012 J
696 951 772 1010 udas
781 949 897 1029 potuis
945 951 1009 1012 evita
1023 962 1133 1030 abacto,
1146 954 1184 1015 ad
1200 956 1350 1017 Cedeonis
1363 957 1503 1018 alludens
1514 958 1674 1031 historiam
1682 958 1705 1032 ⁸,

126 1050 172 1104 set
186 1049 273 1104 tanta
285 1044 339 1106 Dei
352 1044 548 1105 miseratione
561 1062 625 1104 non
636 1043 784 1104 excludis
793 1041 893 1114 venia,
944 1044 978 1104 in
992 1064 1054 1125 qua
1065 1065 1184 1122 carries,
1200 1053 1231 1109 et
1243 1067 1370 1127 azymos
1382 1068 1476 1128 panes
1494 1050 1589 1130 lapidi
1611 1053 1710 1131 impo-

125 1136 151 1195 si
166 1138 384 1216 poenitentiam
406 1155 471 1197 non
484 1137 565 1216 apud
585 1136 720 1210 triticeos,
736 1135 789 1195 sed
811 1134 894 1213 apud
944 1137 1018 1197 sitos
1040 1139 1176 1218 Angelus
1202 1140 1267 1201 solo
1288 1141 1383 1221 virgae
1409 1148 1550 1203 contactu
1579 1144 1709 1205 excludo

126 1228 282 1290 Christum
296 1229 413 1309 egisset.
430 1250 446 1287 e
465 1228 561 1307 Cujus
575 1228 622 1289 rei
638 1246 728 1289 carisa
749 1243 823 1286 mox
836 1226 895 1285 ista
943 1227 1015 1307 igne
1030 1234 1230 1311 consumpsit,
1252 1253 1263 1289 c
1286 1234 1356 1294 iam
1378 1238 1452 1294 tunc
1474 1234 1580 1312 igitur,
1596 1236 1707 1315 inquit,

78 1401 81 1406 .
125 1321 345 1401 subjungitur:
365 1344 380 1379 a
401 1323 522 1382 Bonum
541 1320 709 1381 Dominum
729 1318 891 1391 babemus,

124 1414 177 1491 qni
206 1414 282 1474 velit
308 1414 424 1476 donare
449 1413 633 1474 omnihus.»
656 1414 736 1491 Ergo
755 1417 786 1472 et
803 1411 893 1472 iudae

123 1505 222 1567 volarit
237 1506 413 1567 condonare
428 1511 600 1587 peecatum.

164 1600 208 1660 De
226 1599 350 1660 Simone
377 1618 451 1660 rero
474 1598 605 1659 subinde
636 1595 805 1677 disputans,
820 1613 893 1656 eum

122 1691 280 1752 docuisset
293 1696 398 1771 patere
423 1691 568 1751 omnibns
591 1688 701 1757 uenire,
717 1707 753 1749 ac
768 1686 889 1749 miseri-

122 1784 237 1844 cordias
253 1784 376 1859 locum,
392 1784 425 1845 id
439 1783 498 1844 sibi
517 1788 667 1861 tanquam
681 1800 698 1841 a
713 1779 892 1841 Noratianis

120 1875 280 1955 obJ'eetum
290 1875 522 1955 diluit,qnodin
534 1875 617 1935 illius
627 1873 754 1934 historia
762 1874 890 1933 Petrum

119 1968 234 2029 dixisse
248 1970 346 2029 Lucas
357 1968 471 2029 refert:
489 1966 698 2028 Pcceitenticm
718 1964 820 2045 itaque
837 1983 890 2045 epe

118 2058 156 2121 ab
170 2059 229 2121 lenc
242 2060 376 2141 nequitia
389 2068 450 2128 tim,
463 2063 492 2120 et
505 2078 576 2139 coqu
595 2058 700 2130 Deum,
714 2056 741 2116 si
755 2056 832 2137 sorte
845 2075 890 2117 rc·

117 2154 260 2213 mittetur
278 2151 336 2212 tibi
358 2150 419 2213 herc
440 2150 579 2231 copitntio
598 2146 695 2211 cordis
717 2147 778 2208 tai²
790 2168 803 2223 ;
815 2153 887 2208 tan-

116 2262 216 2323 quam
232 2245 270 2305 de
285 2244 375 2304 venia
389 2243 434 2303 illi
459 2242 559 2302 <landa
587 2242 750 2302 dubitaret.
768 2242 888 2301 Verum

115 2337 320 2398 dubitationis
332 2337 412 2397 lianc
433 2353 498 2396 esse
520 2353 627 2395 rocem
650 2339 742 2412 negat
758 2332 889 2393 imbro-

114 2427 246 2504 sius³,n
299 2448 338 2489 σο
365 2435 470 2489 autom
497 2446 555 2489 nec
583 2429 707 2487 Petrum
734 2426 888 2486 dubitasse

114 2521 222 2597 eredo,
239 2540 296 2581 nec
307 2521 394 2596 dico;
410 2538 468 2580 nec
492 2519 577 2580 verbi
591 2519 684 2579 unius
706 2517 886 2597 praejudicio

113 2617 236 2673 tantam
262 2631 389 2674 causam
424 2612 677 2691 strangulandam
706 2609 882 2670 arbitror.»

114 2705 208 2771 Quod
229 2705 378 2783 exemplis
402 2704 548 2785 probate
574 2704 733 2782 Scriptura
762 2703 883 2780 petitis3

113 2798 168 2857 uhi
182 2800 266 2858 Deus
280 2798 439 2858 interdum
462 2796 505 2857 ita
517 2798 648 2875 loquens
660 2796 834 2856 irnlucitur:
851 2801 886 2856 ut

112 2890 198 2969 apud
213 2890 380 2951 ieremiam
393 2889 416 2966 ⁸,
436 2890 486 2949 esi
504 2888 582 2949 torto
600 2889 740 2961 studiant,
757 2894 788 2949 et
815 2907 886 2948 con·

111 2986 288 3043 vertantur.
300 3003 315 3039 u
335 2983 371 3043 Et
383 2981 418 3040 in
446 2979 568 3041 Psalmo
595 2997 684 3039 cxxx.
706 2979 768 3039 Pro
788 2978 886 3039 ne'diio

111 3073 241 3152 forsitan
254 3073 387 3135 inimicos
414 3092 512 3134 cortem
530 3070 756 3132 trimitiessemt.
774 3073 812 3131 Et
825 3073 885 3131 Do·

111 3167 219 3227 misius
234 3167 267 3227 in
281 3166 313 3227 E
314 3164 474 3246 ncnqeliol,
490 3163 529 3225 Si
550 3165 626 3225 enim
652 3183 697 3224 me
716 3163 840 3233 sciretis,
857 3170 885 3223 ct

111 3258 239 3319 Putrem
264 3278 359 3321 mcum
383 3258 510 3339 forsitan
543 3257 667 3317 sciretis
698 3257 742 3315 Er
769 3256 884 3335 quihus

111 3350 271 3412 concludit
293 3350 336 3411 sie.
354 3369 362 3410 ε
383 3371 398 3408 a
420 3350 455 3410 Si
467 3368 540 3428 ergo
555 3349 603 3408 his
625 3348 729 3408 verbis
746 3366 821 3409 risus
839 3354 885 3409 est

111 3444 238 3504 Petrus:
250 3441 362 3522 quibus
376 3442 526 3503 Dominus
539 3459 614 3501 usus
627 3446 673 3502 est
686 3443 751 3501 sinc
767 3440 883 3520 preju-

110 3535 195 3596 dicio
207 3535 366 3596 sentcntiae
381 3553 462 3609 suee3
485 3551 540 3595 eur
559 3552 623 3595 non
648 3533 833 3613 accipiamus
853 3539 884 3594 et

109 3629 244 3688 Petrum
258 3626 306 3687 his
319 3645 413 3688 usum
430 3626 626 3688 sermonibus
644 3626 709 3686 sine
734 3643 797 3685 sure
810 3624 884 3686 fidei

109 3718 318 3799 praejudicio?
333 3719 438 3798 Neque
452 3718 536 3779 enim
549 3723 670 3797 potarat
689 3716 830 3778 dubitare
844 3717 882 3778 de

944 1319 978 1380 in
1000 1324 1150 1400 mysterio
1170 1324 1360 1385 declaratum
1382 1332 1438 1401 est,
1463 1327 1534 1405 quia
1557 1328 1709 1389 Dominus

942 1412 1031 1473 iesus
1044 1414 1078 1474 in
1092 1434 1184 1477 earne
1198 1435 1254 1477 sua
1263 1418 1357 1478 totius
1370 1418 1480 1478 mundi
1495 1427 1618 1497 peecata
1638 1439 1708 1481 erti-

942 1504 1050 1566 ciiinus
1076 1507 1223 1581 aboleret,
1254 1517 1311 1569 eie.
1343 1510 1429 1582 erod
1457 1510 1552 1584 igitur
1570 1512 1709 1574 extendit

941 1597 1079 1674 Aregelns
1100 1599 1230 1678 virgam,
1261 1607 1291 1661 ot
1313 1601 1413 1680 tetigit
1433 1607 1564 1680 petram,
1589 1603 1627 1664 dc
1646 1623 1708 1683 qua

941 1688 1022 1766 ignis
1035 1690 1138 1764 exirit,
1156 1693 1290 1753 ostendit
1310 1693 1392 1770 quod
1413 1711 1484 1754 earo
1508 1694 1631 1755 Domini
1644 1697 1707 1776 spi·
1785 1774 1787 1777 ι

940 1781 1004 1841 ritu
1027 1783 1144 1862 repleta
1166 1784 1282 1858 divino,
1299 1790 1422 1863 peecata
1442 1786 1548 1847 omnia
1560 1786 1707 1850 liumunae

941 1873 1125 1935 conditionis
1139 1881 1292 1938 exsereret.
1310 1899 1325 1935 a

980 1966 1016 2024 Et
1038 1966 1070 2026 in
1090 1967 1168 2029 libro
1191 1968 1226 2030 de
1239 1967 1356 2050 ioseph,
1378 1970 1476 2050 capite
1497 1972 1627 2051 septimo
1648 1972 1706 2036 suh

939 2055 1046 2136 linem,
1066 2081 1080 2117 n
1094 2061 1200 2140 Neque
1214 2062 1297 2122 enim
1312 2063 1457 2142 pretium,
1474 2064 1527 2140 ait,
1539 2067 1707 2143 quaesivita

940 2148 1038 2224 nobis,
1055 2151 1109 2231 qui
1132 2172 1189 2232 pro
1211 2154 1300 2214 nobis
1323 2156 1482 2234 sanguinis
1505 2157 1552 2216 sni
1571 2160 1706 2236 pretium

939 2241 1041 2315 solvit,
1050 2245 1119 2323 qnia
1133 2264 1197 2306 non
1212 2252 1338 2320 auro,ct
1351 2254 1491 2326 argento,
1509 2249 1561 2310 sed
1573 2250 1705 2329 pretioso

938 2349 995 2393 nos
1022 2336 1154 2397 redemit
1180 2338 1339 2414 sangarius.
1356 2341 1439 2418 Ergo
1460 2340 1491 2400 id
1506 2342 1641 2421 pretium
1654 2343 1705 2404 de·

938 2424 991 2485 hes
1006 2473 1013 2503 ,
1031 2446 1093 2507 qno
1107 2430 1286 2509 redemptus
1300 2448 1333 2491 es
1349 2431 1425 2492 :etsi
1440 2431 1491 2493 ille
1505 2451 1568 2493 non
1582 2452 1705 2514 semper

937 2519 1049 2597 exigat.
1081 2526 1113 2581 tu
1142 2526 1248 2584 tamen
1284 2522 1386 2584 debes.
1425 2525 1500 2585 Eme
1526 2525 1621 2605 igitur
1648 2529 1706 2590 tibi

937 2610 1106 2687 Christum,
1125 2633 1191 2675 non
1207 2632 1244 2675 eo
1258 2616 1340 2694 qaod
1357 2617 1446 2695 pauci
1460 2617 1586 2695 habent,
1602 2621 1704 2683 sedeo

936 2705 1019 2781 (prod
1034 2723 1141 2767 emises
1154 2707 1282 2767 hahent.
1306 2710 1419 2769 Omnes
1445 2709 1561 2771 habent
1574 2731 1637 2791 per
1651 2732 1704 2775 na-

935 2799 1048 2873 turam,
1065 2799 1155 2876 pauci
1170 2798 1368 2879 oileruutpcr
1381 2800 1536 2861 timorem.
1547 2803 1647 2865 Suum
1658 2811 1704 2867 est

934 2887 1018 2965 quod
1030 2907 1048 2948 a
1062 2894 1092 2949 te
1107 2890 1246 2950 Christus
1255 2892 1398 2970 reposcit.
1413 2892 1479 2971 lpse
1493 2893 1589 2955 vitam
1604 2897 1703 2958 omni-

934 2979 992 3037 hus
1006 2980 1104 3055 dedit;
1121 2981 1185 3060 ipso
1200 3000 1257 3060 pro
1282 2982 1429 3043 omnibus
1453 2990 1586 3046 mortem
1610 3006 1700 3050 suam

935 3070 1058 3131 <intulit
1078 3073 1170 3133 Solve
1184 3091 1239 3152 pro
1253 3080 1379 3135 astatore
1400 3076 1484 3155 quod
1498 3078 1655 3141 soluturus
1669 3102 1702 3143 es

933 3162 1012 3241 lego.
1021 3186 1036 3221 n
1046 3165 1199 3225 Nimirum
1211 3166 1410 3244 quodomnes
1423 3167 1564 3230 homines
1573 3171 1699 3247 habent,

934 3256 1118 3333 sangninem
1133 3275 1237 3329 aarum,
1253 3258 1292 3318 ab
1306 3258 1376 3332 illis,
1392 3259 1447 3319 uhi
1461 3278 1539 3340 opus
1550 3271 1605 3337 est,
1617 3267 1699 3345 exigi

933 3346 975 3407 ait
989 3348 1176 3421 Ambrosias,
1186 3350 1331 3428 quoniam
1341 3358 1372 3412 et
1386 3355 1536 3431 sanguine
1547 3357 1699 3438 redempti

933 3445 1016 3515 sunt,
1032 3447 1179 3502 etomncs
1193 3449 1265 3503 sunt
1286 3443 1451 3523 redempti,
1468 3446 1522 3524 qui
1542 3466 1599 3526 per
1613 3457 1701 3511 natu·

932 3549 1000 3591 ram
1009 3532 1069 3592 hoc
1081 3532 1208 3610 habent,
1223 3552 1285 3612 quo
1306 3535 1459 3613 redempt-i
1472 3543 1556 3611 seint,
1572 3546 1603 3600 et
1615 3542 1699 3621 quod

932 3623 971 3683 ab
999 3624 1058 3685 illis
1080 3626 1264 3704 postulatur.
1282 3628 1476 3707 sanguinem.
1502 3631 1700 3696 Manifestum

932 3721 978 3777 cst
991 3734 1077 3795 ergo,
1093 3737 1131 3778 aa
1147 3718 1298 3779 Ambrosii
1323 3723 1485 3795 sententia,
1507 3741 1616 3786 omnes
1640 3728 1698 3788 ho-

110 3810 231 3873 Christi
244 3829 386 3887 munere,
402 3811 456 3890 qui
469 3809 528 3870 sibi
542 3809 762 3870 solvendorum
774 3828 882 3889 pecca·

109 3908 219 3964 torum
233 3903 360 3964 dederat
371 3903 561 3964 facultatem.
579 3925 591 3959 e
620 3902 727 3980 ltaque
741 3901 807 3962 sine
818 3902 880 3962 ulla
973 3907 1093 3965 Rursus
1106 3907 1147 3966 nd
1160 3906 1314 3968 Psetmum
1329 3925 1420 3969 uftvilr
1435 3911 1562 3991 ejusque
1571 3932 1697 3978 versum

109 3995 309 4056 dubitatione
344 3995 480 4068 iudam,
506 4001 537 4055 et
565 3995 726 4055 Simonem
751 3995 880 4072 Magum
931 3997 1088 4057 decimam
1113 4004 1267 4073 namnum,
1287 4021 1302 4059 n
1317 4002 1468 4063 Omnibus
1495 4004 1568 4065 dicit
1594 4008 1694 4084 iesus,

108 4089 264 4163 converti,
279 4094 311 4148 et
324 4089 454 4149 salutem
468 4087 604 4168 potuisse
623 4087 781 4166 consequi,
796 4086 880 4147 affir-
937 4087 1024 4164 Vot03
1047 4090 1101 4169 qui
1128 4109 1192 4151 non
1227 4093 1294 4154 vult
1317 4111 1381 4154 esse
1408 4102 1577 4173 peccatum.
1611 4101 1696 4164 Velle

109 4187 178 4241 mat
192 4180 392 4255 Ambrosius3
408 4180 557 4259 reprobos
570 4180 677 4258 utique
691 4179 881 4253 homines,et
930 4181 1052 4257 Christi,
1077 4201 1242 4251 commane
1260 4185 1292 4245 in
1319 4204 1426 4247 omnes
1452 4192 1499 4247 cst
1513 4208 1525 4249 .·
1537 4193 1693 4268 mandari,

108 4290 191 4352 quos
204 4289 297 4333 nemo
309 4272 349 4333 ab
364 4276 479 4333 aeterna
503 4272 701 4332 damnatione
720 4271 878 4333 vindicari·
928 4272 1000 4334 fidei
1015 4291 1080 4334 esse
1095 4274 1154 4355 (est)
1171 4277 1323 4337 credentis
1336 4278 1370 4337 in
1393 4278 1556 4342 Christum.
1574 4304 1589 4340 n
1604 4286 1641 4344 Et
1654 4286 1695 4347 ad

108 4367 167 4425 dos
182 4369 278 4444 putot.
292 4365 406 4425 Eodem
426 4369 541 4444 spectat
554 4365 638 4443 quod
657 4364 794 4443 ejusdem
808 4364 880 4425 libri
928 4383 1053 4427 versum
1079 4368 1260 4429 vicesimum
1294 4371 1438 4447 tertium,
1469 4372 1625 4436 Christum
1652 4379 1695 4440 ita

57 4463 66 4483 ¹
106 4457 327 4538 eapiteoctavo
338 4456 475 4536 legitur:
495 4477 510 4514 a
525 4456 581 4529 Qui
591 4456 680 4536 lapsu
691 4456 792 4517 alieno
805 4474 880 4535 gari·
930 4456 1109 4537 loquentem
1122 4461 1292 4522 introducit
1310 4462 1349 4522 de
1379 4482 1427 4540 eo,
1440 4466 1524 4544 quod
1546 4469 1695 4533 atudeeis

106 4550 173 4627 det,
188 4547 320 4628 inquit⁷,
336 4549 448 4610 diaboli
465 4548 578 4628 garidet
600 4549 739 4611 victoria.
760 4549 797 4608 Et
809 4549 878 4609 ideo
924 4549 1089 4628 judicatus,
1105 4557 1136 4613 et
1150 4553 1372 4615 condemnatus
1385 4561 1430 4615 est
1451 4576 1458 4615 z
1479 4577 1494 4614 n
1509 4557 1573 4637 Ego
1584 4578 1693 4624 sertim

106 4640 270 4703 doleamus
284 4642 464 4721 magianum
479 4641 623 4702 audimus
641 4641 767 4720 periisse
780 4640 880 4701 homi·
928 4643 1107 4723 redemptor
1119 4645 1305 4707 adveneram
1322 4665 1329 4706 :
1343 4664 1401 4725 ego
1414 4666 1572 4725 veneram,
1582 4659 1617 4713 ut
1627 4672 1694 4715 om-

106 4751 195 4810 nem,
211 4751 339 4813 proquo
351 4734 490 4795 Christus
504 4737 646 4794 mortuns
671 4737 727 4813 est,
748 4731 802 4812 qui
822 4751 879 4794 nee
927 4734 1016 4794 nium
1031 4742 1187 4814 peceatum
1207 4738 1403 4813 mundarem,
1419 4746 1454 4799 ut
1476 4758 1694 4821 recuperarem

105 4824 142 4885 in
153 4842 254 4887 messe
268 4824 414 4906 stipulam
427 4825 597 4904 negligite
927 4825 1067 4902 amissos,
1089 4828 1284 4890 restituerem
1305 4829 1447 4909 paradiso
1473 4834 1572 4895 sancti
1596 4838 1692 4901 Jacob

149 4916 187 4977 ln
200 4916 281 4978 libro
301 4933 426 4997 quoque
444 4916 535 4978 tertio
561 4914 597 4977 de
620 4914 749 5000 Officiis,
779 4916 877 4997 capite
926 4917 1149 4980 haereditatem.
1172 4920 1212 4980 Et
1232 4919 1277 4980 illi
1302 4920 1448 4983 adversus
1468 4939 1520 4985 me
1544 4924 1693 4992 detrecta-

106 5008 212 5084 tertio,
227 5026 299 5070 eum
313 5025 422 5070 ornnes
433 5008 576 5070 homines
588 5026 646 5088 pro
657 5008 776 5070 viribus
787 5009 876 5087 adju·
927 5008 1012 5071 hant.
1027 5031 1042 5069 e

103 5101 227 5162 vandos
239 5119 304 5163 esse
317 5101 541 5175 dixissethane
550 5100 631 5161 inter
640 5101 714 5162 alias
723 5100 876 5162 rationem
966 5102 1056 5164 Xlll.
1079 5103 1156 5164 item
1169 5102 1207 5165 ad
1220 5121 1348 5166 versum
1362 5107 1692 5194 sexagesimnmqucr·

103 5192 247 5272 snbjieit3
262 5193 347 5273 quod
365 5214 380 5251 n
395 5192 534 5254 Christus
556 5211 680 5274 qnoque
703 5193 872 5271 Dominus,
924 5194 1216 5271 tum,Miserieordia
1231 5198 1534 5281 scemmenstete
1548 5214 1688 5286 estimes,

932 3809 1032 3868 mines
1046 3809 1310 3889 pretiosanguinis
1318 3813 1429 3873 Christi
1437 3832 1501 3875 esse
1509 3816 1696 3898 redemptos.

133 5424 180 5470 Lib.
193 5425 220 5472 u.
230 5437 278 5482 mn.
293 5436 314 5469 r.
324 5448 352 5461 -
363 5427 377 5470 t
387 5428 431 5473 iet.
445 5438 493 5477 riti.
503 5427 536 5473 et.
550 5450 577 5462 —
587 5427 601 5473 ³
611 5427 671 5474 dnh.
683 5428 736 5474 ibit.
746 5429 770 5472 C.
783 5451 810 5462 -
822 5425 919 5478 iterem.
934 5430 1123 5475 erret—51²⁸.
1140 5441 1199 5476 sarx.
1210 5434 1231 5478 5.
1243 5453 1270 5466 ω
1285 5432 1370 5478 (ΗυαηΔ
1386 5444 1432 5486 vrri,
1446 5437 1477 5478 ist
1490 5461 1516 5473 --
1534 5439 1619 5485 theb.
1634 5442 1653 5487 u
1662 5444 1688 5489 ete

102 5492 236 5545 pemacsp.
253 5501 301 5533 vttl.
314 5489 425 5535 -snm
440 5500 488 5534 sun
