3956 6158
488 343 538 403 DE
558 338 855 420 INCARNATIONE,
878 344 949 403 LlB.
973 344 1041 417 xil,
1065 342 1148 403 CAP.
1170 343 1224 400 Vl.

92 508 172 577 Verbi,
192 522 245 586 qua
267 507 345 567 ilaus
373 512 435 582 est,
456 507 532 568 eitra
555 509 655 568 earnis
681 524 818 569 eommu-

91 601 200 673 nioaem‚
220 599 277 659 sire
307 599 491 675 rogitatione
519 601 560 662 ab
579 600 637 661 hae
656 600 816 675 abstracta,

90 694 115 752 ia
140 692 270 751 Trinitate
291 691 425 753 seranda
447 699 650 766 numeratum
666 698 819 770 quatenus

91 801 147 845 raro
169 783 214 845 lrie
233 783 324 842 homo
354 788 416 857 est,
452 790 483 844 et
522 784 692 844 humanam
724 790 819 844 natu-

89 892 141 936 ram
166 874 379 954 quodammodo
408 876 565 944 informat,
593 896 629 938 ao
660 876 818 949 terminat,

90 967 341 1046 mediantispartes
355 986 390 1029 aa
406 986 522 1029 munus
534 968 655 1048 implet.
671 967 754 1030 Nihil
767 986 823 1028 aa·

90 1067 137 1120 tera
153 1060 277 1138 estquod
293 1060 581 1140 obstet‚quinldem
593 1063 731 1122 Christus
742 1064 821 1122 [teus

1107 804 1287 886 CAPUT
1344 804 1410 883 Vl.

90 1158 113 1210 et
129 1152 219 1224 homo,
231 1151 327 1211 multa
344 1171 383 1212 ex
396 1155 488 1213 unius
502 1154 690 1233 proprietate
703 1159 822 1214 natare
873 1156 916 1218 De
926 1156 1017 1216 aariia
1026 1155 1225 1236 functionibus
1235 1152 1405 1216 mediatoris
1417 1151 1547 1212 e‘trz'sri.
1560 1154 1585 1211 1.
1597 1153 1638 1212 Ac

89 1242 215 1322 suscipiat,
229 1262 295 1322 quaa
310 1245 413 1305 aliena
428 1245 553 1305 suntab
567 1247 674 1307 altera.
688 1247 822 1305 Moritur

89 1335 155 1394 enim
177 1336 276 1396 eadem
297 1355 430 1415 persona
458 1337 578 1409 Christi,
602 1339 746 1416 idemque
767 1335 821 1397 Dei

88 1425 224 1504 illiusque
237 1430 330 1488 homo
343 1434 400 1502 est,
416 1434 447 1489 at
466 1428 591 1489 Verbum
611 1447 680 1489 coro
692 1430 819 1508 factum,

88 1517 127 1596 qui
139 1525 275 1596 quatenus
288 1521 370 1581 Deus
383 1527 429 1580 est
449 1523 530 1581 mori
550 1540 614 1581 aon
635 1528 745 1600 potest.
761 1522 823 1581 Nec.

88 1609 117 1669 alt
134 1609 218 1672 altera
241 1613 457 1674 tantummodo
481 1613 605 1674 differre
626 1619 737 1673 natura
758 1632 823 1674 uua

88 1701 194 1763 dicitur:
210 1705 259 1764 sed
272 1704 374 1765 amba
393 1705 486 1764 simul
509 1706 680 1783 conjunctae
695 1704 733 1763 ab
748 1724 824 1764 una·
852 1764 860 1775 ,

88 1810 186 1872 quaque
208 1797 334 1855 seorsim
358 1797 567 1871 considerata;
583 1802 619 1856 ut
639 1797 768 1857 minime
785 1796 824 1856 sit

87 1885 188 1959 mirum,
204 1886 317 1966 aliquid
331 1889 441 1948 detota
454 1888 518 1967 ipsa
528 1890 698 1967 composita
707 1890 824 1949 naturis

87 1994 115 2036 cr
124 1978 228 2040 duabus
238 1998 369 2059 persona
383 1980 544 2059 praedicari
556 2027 563 2056 ,
577 1982 662 2060 quod
675 1982 824 2060 separatis

86 2087 132 2130 ase
145 2079 242 2132 mutuo
260 2072 380 2133 naturis
400 2090 464 2132 non
487 2074 651 2149 eonvenit;
674 2075 823 2152 quemad-

85 2162 188 2223 modum
198 2164 369 2225 dehomine
383 2165 525 2243 quaedam
536 2164 743 2241 affirmantur,
753 2184 823 2245 quoe

86 2253 114 2313 de
125 2256 224 2329 aalma,
240 2257 288 2318 rel
303 2274 432 2336 corpora
442 2257 585 2336 usurpari
598 2264 764 2335 nequeant.
778 2260 825 2318 lta

86 2362 143 2423 erqo
155 2349 298 2409 mediator
318 2354 365 2409 est
386 2355 468 2409 statu
487 2368 523 2409 ae
540 2349 710 2410 substantia
722 2368 823 2429 neque

85 2437 148 2498 lteas
159 2441 245 2515 solus,
260 2460 318 2503 neo
342 2441 437 2501 homo
451 2441 534 2501 solus
551 2442 622 2502 :sed
638 2461 677 2502 ex
690 2448 824 2521 utroque

86 2533 247 2608 temperatus
266 2536 358 2594 lesus
380 2534 528 2594 Christus.
552 2534 730 2594 Mediatoris
750 2554 823 2596 vero

85 2620 174 2683 adibus
184 2632 212 2684 at
224 2625 384 2687 laboriosis
399 2625 507 2686 officiis
521 2626 660 2701 iungitur
669 2626 823 2687 idemnon

85 2730 132 2790 qua
143 2716 212 2776 Deus
223 2723 267 2778 est
283 2737 290 2778 :
311 2736 415 2797 neque
429 2737 491 2797 qua
505 2721 585 2779 Deus
604 2723 634 2778 et
646 2719 753 2795 homo,
769 2721 822 2780 sed

84 2810 110 2863 ut
119 2806 200 2869 homo
211 2817 266 2870 est.
281 2812 355 2871 Non
368 2811 453 2870 euim
466 2815 551 2871 totus
560 2811 702 2871 Christus
710 2812 825 2890 potitur

84 2914 110 2956 ar
127 2901 246 2961 moritur
268 2902 442 2963 seeundum
468 2908 631 2981 utramque
652 2909 822 2963 naturam:

908 1251 1040 1329 primum
1052 1248 1088 1308 dc
1095 1247 1306 1329 pacificatione
1321 1265 1354 1307 ac
1369 1242 1608 1305 reconciliatione
1623 1260 1635 1304 .·

912 1359 978 1421 quac
992 1358 1029 1400 er
1044 1339 1210 1419 Scripturas
1230 1339 1427 1412 illustratur‚·
1441 1345 1503 1395 tum
1522 1354 1561 1395 eac
1575 1334 1635 1395 Pa·

912 1431 1015 1491 tribus.
1032 1433 1062 1492 2.
1078 1430 1198 1509 Sceptri
1212 1430 1385 1491 vorabulnm
1407 1428 1526 1491 Christo
1546 1427 1637 1487 ottri-
1720 1498 1722 1503 Ι

914 1520 1014 1583 butum
1028 1521 1068 1583 ad
1082 1525 1159 1583 idem
1172 1524 1311 1604 refertur.
1330 1525 1358 1583 3.
1370 1520 1486 1582 Natura
1496 1527 1523 1580 et
1532 1517 1638 1600 defini-

913 1615 955 1674 tio
983 1615 1066 1695 paria
1092 1615 1282 1694 exponitur:
1305 1633 1339 1675 oc
1364 1622 1493 1676 constare
1519 1610 1637 1671 docetur

912 1704 1024 1766 ordine.
1053 1708 1083 1766 l.
1112 1706 1157 1767 Et
1181 1704 1410 1787 tranquillitate.
1440 1707 1469 1765 5.
1497 1702 1640 1779 (latomodo

917 1796 1049 1858 Christus
1061 1796 1145 1857 iltius
1167 1797 1367 1875 impartondm
1391 1798 1493 1876 pratia
1516 1795 1638 1856 uenerit.

914 1894 943 1950 a.
962 1889 1088 1969 Triplex
1114 1909 1204 1968 penus
1222 1891 1306 1971 pacis
1335 1889 1451 1949 illatum
1477 1910 1495 1948 a
1524 1886 1640 1949 Cltrr'ato

916 1979 1095 2057 mediatore‚·
1107 1983 1242 2062 primurn
1263 1981 1414 2042 dominum
1435 2001 1499 2041 utra
1520 1981 1589 2041 Deo.
1607 1980 1638 2039 8.

914 2072 969 2134 Eu
980 2092 1036 2154 quo
1047 2073 1177 2133 derivata
1190 2092 1253 2154 paar
1263 2075 1295 2133 in
1309 2073 1438 2133 domines
1448 2075 1530 2153 ipsos.
1540 2073 1642 2133 tone

913 2160 1068 2223 secundum
1082 2182 1169 2243 penus
1184 2162 1331 2243 imprimis
1344 2182 1400 2243 qno
1410 2160 1558 2222 danninum
1573 2160 1641 2242 qui-

914 2255 958 2315 uis
970 2273 1065 2315 secum
1086 2254 1145 2335 ipse
1156 2273 1254 2335 pacem
1270 2254 1363 2315 labet.
1379 2257 1428 2315 ll.
1443 2254 1485 2314 lle
1496 2254 1641 2314 intestinis

913 2346 1184 2427 perturbationibus
1192 2347 1261 2427 poci
1276 2346 1345 2405 ltuie
1362 2346 1490 2406 inimicis
1499 2345 1594 2428 pluro
1605 2366 1642 2407 ac

914 2439 1046 2519 antiquis
1066 2438 1241 2519 afferuntur.
1265 2441 1313 2499 13.
1336 2437 1481 2514 Quomodo
1507 2436 1642 2499 Christus

914 2529 954 2590 ad
973 2529 1043 2590 illas
1064 2529 1207 2591 curandas
1228 2549 1346 2611 operum
1365 2528 1536 2590 adtribuerit
1551 2546 1562 2590 .·
1574 2530 1642 2610 pri·

914 2641 993 2682 mum
1018 2621 1152 2683 doctrina
1175 2642 1238 2683 sua.
1255 2625 1304 2684 tt.
1328 2623 1400 2698 Quare
1420 2642 1507 2702 priam
1530 2621 1643 2703 efficax

914 2716 954 2774 ait
967 2714 1139 2775 ostenditur.
1152 2718 1201 2776 16.
1222 2714 1295 2775 Tum
1307 2714 1459 2795 exemplis,
1471 2722 1498 2775 et
1512 2715 1638 2775 meritis.

917 2809 965 2867 l'l.
977 2806 1008 2867 E
1009 2814 1020 2866 t
1033 2807 1134 2885 pratia
1146 2825 1200 2887 per
1214 2806 1303 2867 illum
1318 2804 1503 2866 mediatorem
1516 2814 1617 2884 parto.

84 2988 230 3054 sicutstatu
245 3014 280 3055 ao
294 2994 468 3055 substantia
481 2995 632 3055 mediator
650 3000 696 3054 est
710 3015 748 3055 ex
761 3014 825 3055 am·
918 2991 939 3050 l.
962 2991 1108 3050 Omnium
1136 2990 1327 3067 officiorum,
1360 3008 1430 3069 quaa
1465 2989 1641 3050 mediatoris
1707 3024 1788 3068 uanus

84 3077 286 3147 habusnaturis
304 3107 312 3147 ε
329 3104 464 3165 quarum
487 3087 616 3161 singulae
638 3089 824 3165 quodsuum
876 3084 1000 3163 propria
1022 3089 1104 3159 sunt,
1127 3083 1253 3162 ejusque
1278 3084 1399 3144 muneri
1423 3090 1638 3156 consentanea,

84 3174 276 3235 estroaleruut
293 3196 300 3236 :
317 3178 456 3235 humana
470 3193 611 3253 operam,
628 3176 778 3246 laborem,
796 3182 827 3236 et
876 3177 1023 3255 primum,
1039 3193 1075 3235 aa
1088 3176 1235 3235 latissime
1249 3181 1368 3255 patens,
1380 3181 1551 3254 caeteraque
1561 3193 1642 3235 com·
1712 3187 1742 3228 m
1753 3190 1775 3227 et

84 3262 252 3327 tolerantiam
265 3287 272 3328 :
286 3267 411 3341 divina,
429 3273 541 3346 praeter
560 3267 704 3327 ultimam
724 3269 825 3328 deter-

84 3352 273 3436 mundonem,
282 3379 320 3420 aa
328 3359 544 3419 formationem
555 3359 700 3419 humanae
708 3366 826 3419 naturae

84 3444 114 3503 ad
135 3448 331 3526 existendum,
361 3451 577 3529 agendumque
610 3452 825 3524 neeessariam,

84 3539 208 3684 pretium,
235 3544 430 3620 dignitatem,
456 3543 692 3603 estimationem
714 3544 827 3604 contri-

100 3628 145 3689 att

115 3722 193 3795 Quod
206 3744 278 3787 raro
293 3725 426 3787 Crellius
445 3727 585 3806 opponit,
601 3727 830 3787 subsistentiam

84 3810 246 3889 ipsumam
257 3820 389 3879 modum
403 3819 600 3891 srrbsisteudi,
617 3836 711 3898 quarn
732 3837 828 3899 perso·

83 3904 215 3969 natitatem
228 3913 404 3979 nominant,
414 3912 605 3985 nihilaeere:
619 3913 672 3972 sed
686 3917 830 3972 naturam

83 3994 176 4073 ipsam,
190 4019 249 4079 qua
269 4004 392 4063 ratione
415 4001 539 4063 dissolvi
559 4003 669 4063 debeat
691 4008 831 4081 repeten-

83 4087 145 4150 dum
163 4111 199 4152 ex
223 4096 315 4155 tertio
338 4094 374 4155 de
399 4095 547 4157 Trinr'tate
565 4095 668 4155 libro¹
689 4101 778 4155 :tum
793 4114 831 4156 ex

29 4210 54 4273 pq
84 4186 173 4242 ottavo
196 4186 287 4263 hujus
309 4186 419 4263 iomi²,
436 4188 470 4247 in
485 4205 545 4266 quo
560 4196 698 4268 θεανδρικῆς
713 4194 830 4268 ἐνεργείας

29 4272 64 4308 ’11
82 4279 120 4332 est
131 4276 272 4355 explicata
283 4279 377 4339 ratio.

878 3268 1024 3347 plectens,
1038 3269 1269 3343 esteonciliatiO,
1281 3274 1311 3329 et
1320 3267 1488 3348 pacificatio
1497 3267 1642 3327 dissiden-

878 3361 958 3421 tium
984 3363 1065 3421 iuter
1093 3378 1136 3432 se,
1154 3368 1184 3421 et
1210 3361 1250 3420 ad
1274 3361 1470 3420 concordiam
1491 3360 1640 3420 reductio.

878 3454 977 3532 Hujus
990 3452 1176 3520 obtinendae,
1194 3459 1224 3513 ot
1246 3453 1435 3531 exequendae
1455 3452 1554 3530 gratia
1568 3452 1642 3512 mis·

879 3563 949 3606 sum
961 3564 979 3605 a
993 3547 1085 3605 Patre
1103 3544 1258 3604 Christum
1273 3545 1451 3615 Dominum,
1469 3544 1643 3622 Scriptura--

878 3634 1645 3714 rumomniumoraculatestantur.0mnio.inqult

879 3729 1043 3808 Apostolus
1053 3726 1075 3802 ⁸,
1092 3746 1130 3787 er
1144 3726 1215 3799 Deo,
1231 3728 1287 3808 qui
1301 3746 1352 3788 nos
1365 3726 1571 3788 reconciliauit
1585 3725 1645 3786 sibi

878 3840 934 3902 per
948 3820 1116 3895 Christum·
1131 3827 1159 3880 et
1182 3818 1260 3880 dedit
1278 3819 1361 3880 nobis
1383 3820 1583 3881 ministerium
1597 3837 1643 3880 re·

880 3912 1091 3974 correiliattonis
1104 3932 1114 3971 .·
1128 3912 1264 3992 quomam
1289 3910 1398 3992 quiden
1421 3910 1502 3973 Deua
1528 3922 1590 3973 eret
1614 3912 1645 3972 in

882 4004 998 4067 Cirtsto
1008 4003 1149 4064 mundum
1165 4003 1492 4075 reconcilianarr'bi,non
1507 4011 1646 4084 reputans

881 4096 930 4157 tttt
941 4095 1048 4156 delicta
1065 4095 1211 4175 ipsorum:
1224 4104 1252 4155 et
1262 4100 1362 4176 posuit
1377 4095 1410 4155 in
1426 4095 1507 4155 nobis
1525 4094 1645 4155 uerbum

879 4186 1134 4250 reconciliationis.
1166 4186 1229 4248 Pro
1258 4184 1373 4248 Cltrnito
1400 4207 1470 4265 erpo
1502 4187 1646 4268 lepotione

879 4281 1056 4362 sumimur:
1077 4288 1218 4359 tanquam
1238 4279 1297 4339 Deo
1310 4278 1484 4340 exhortante
1503 4299 1562 4359 per
1583 4298 1644 4339 aas.

883 4373 1068 4434 obsecramus
1082 4390 1139 4451 pro
1164 4369 1297 4445 Christ03
1316 4372 1554 4432 reconciliamini
1572 4373 1643 4432 Deo.

880 4468 919 4526 Et
932 4464 972 4527 ad
986 4462 1121 4544 Epicuros
1134 4462 1217 4524 idem
1244 4466 1408 4542 Apostolus
1427 4461 1591 4537 seribens‘,
1609 4463 1645 4523 In

883 4556 1003 4620 Christo
1015 4556 1086 4617 dcau
1113 4573 1172 4631 ros,
1188 4558 1244 4636 qui
1264 4557 1351 4616 eratis
1373 4556 1465 4635 lotape,
1480 4556 1558 4636 facti
1579 4556 1647 4614 estis

879 4669 974 4730 prope
998 4650 1030 4708 in
1052 4653 1194 4726 sanquine
1208 4647 1335 4710 Christi.
1352 4649 1416 4729 Ipse
1439 4649 1517 4708 erim
1531 4654 1573 4709 eat
1584 4666 1648 4729 poc

881 4751 989 4813 nostra,
1006 4741 1060 4819 qui
1069 4740 1139 4821 lecit
1153 4749 1279 4822 utraque
1293 4761 1382 4801 uuum
1393 4761 1404 4808 ,·
1415 4751 1442 4800 et
1456 4741 1584 4800 inedium
1591 4759 1649 4819 pa-

882 4834 983 4894 rictam
994 4831 1258 4907 macrianensem,
1268 4832 1442 4892 inimicitias
1452 4832 1647 4909 incarnetur,

883 4927 971 5006 tepent
994 4922 1199 4985 mandatorum
1220 4924 1339 4985 decretis
1361 4943 1516 5000 eumenus,
1530 4934 1563 4985 ut
1576 4924 1649 4985 duos

883 5015 989 5079 condat
1003 5018 1033 5076 in
1046 5016 1193 5097 semetipso
1212 5020 1245 5076 iu
1261 5036 1351 5076 unum
1370 5036 1475 5077 nouum
1490 5016 1647 5093 hominen,

881 5110 992 5190 faciens
1003 5126 1114 5188 pacem,
1130 5116 1157 5167 et
1171 5108 1338 5169 reconciliet
1358 5108 1453 5169 umbos
1469 5113 1501 5169 in
1516 5128 1573 5168 una
1585 5128 1648 5169 eor-

878 5220 950 5282 pore
965 5200 1024 5260 Deo
1037 5218 1090 5278 per
1102 5219 1229 5276 crucem,
1241 5200 1419 5281 interficiens
1427 5201 1606 5261 inirnicitlas
1618 5201 1649 5260 in

881 5293 1092 5372 tentetque&
1101 5293 1434 5374 venicuseaoupeltzauit
1448 5312 1549 5374 paena
1562 5291 1649 5368 arabis⁷

107 5492 114 5536 1
127 5494 174 5549 cap
185 5507 200 5541 u
212 5508 300 5552 paragr.
312 5497 325 5540 7
336 5495 388 5538 -1
402 5495 455 5551 Cap.
466 5506 486 5543 x.
498 5494 591 5540 maxime
602 5505 690 5549 paragr.
704 5493 729 5537 tr
740 5503 762 5539 et
773 5504 819 5549 req.
833 5515 861 5527 -
872 5494 914 5539 au
925 5495 974 5539 Gor.
987 5506 1007 5549 r,
1021 5494 1053 5538 ra.
1065 5515 1092 5527 -
1101 5491 1115 5537 t
1125 5494 1180 5547 aaa.
1195 5503 1220 5543 rr,
1233 5494 1267 5538 ts.

1677 3078 1804 3123 mediatoris

1676 3131 1801 3176 remaeilla·

1668 3237 1799 3293 purificatio.

1702 3927 1762 3972 Prolt.
1775 3939 1788 3970 s

1673 3981 1800 4037 seripturis.
