3932 6142
525 296 574 358 DE
593 296 897 364 quuuusrtaua,
921 298 992 360 atu.
1016 301 1070 379 IX,
1092 302 1178 364 ute.
1202 302 1258 363 Ill.
1619 305 1679 365 995

1 474 76 529 aaa·
102 475 237 548 saw,
249 461 384 529 libertati
397 462 536 537 insitum,
550 468 581 525 et
598 461 739 523 naturale
752 479 857 522 mons·
913 483 1009 544 quam
1022 484 1079 529 nos
1099 466 1248 527 Catholici
1266 467 1414 528 adversus
1432 468 1633 542 Lutheranos,
1648 477 1680 533 et

1 534 80 636 uncia
104 566 206 621 uetur.
221 561 257 621 ln
278 558 359 621 libro
380 554 414 617 de
434 553 510 616 Fide
532 562 635 616 contra
661 552 857 631 Munienses,
910 559 1680 639 Calvinistes,eorumquesimiosdefendimusNam

101 652 190 730 capita
214 658 333 724 octavo,
356 655 388 710 et
410 647 552 727 sequenti
574 665 581 707 ε
601 645 780 707 «Mulelacti
798 645 857 721 sui,
911 651 950 713 de
981 651 1208 732 Prophetarum
1234 651 1388 712 vaticiniis
1425 670 1537 731 agens,
1567 654 1680 732 quihus

101 744 202 823 iuquit,
222 762 278 824 per
301 741 499 823 cupiditatem
522 739 652 818 quisque
673 745 781 799 auctor
801 744 857 798 cst·
912 743 1044 804 Ecclesia
1058 744 1171 805 Christi
1183 750 1249 806 toto
1263 744 1338 805 orbe
1354 743 1556 805 diffundenda
1570 747 1680 825 praedi-

101 836 147 896 aa
159 836 274 914 ergoin
291 838 451 913 potestate,
467 835 502 892 ut
515 835 555 891 sit
567 830 721 909 cupiditas
733 829 859 890 :etideo
911 836 1008 910 citur;
1024 836 1118 896 instat
1138 835 1339 896 schismaticis
1353 835 1424 912 illis,
1446 841 1477 896 et
1492 838 1679 915 respondere

101 926 184 989 mam
198 928 319 989 malum
345 926 381 987 in
407 929 556 1004 potestate
581 927 637 984 cst.
655 923 693 982 Iu
710 927 859 1000 potestate
906 927 996 1004 jubet
1011 946 1018 987 :
1035 947 1090 987 cur
1103 928 1129 987 si
1144 946 1216 988 vere
1230 928 1288 988 ista
1301 927 1542 1006 predictasunt‚
1555 928 1676 1007 impleri

100 1036 166 1097 ergo
188 1025 245 1093 est,
267 1019 351 1098 quod
378 1017 411 1077 in
435 1015 596 1081 voluntate
624 1031 780 1075 essenon
808 1015 860 1076 de·
909 1036 974 1079 uon
997 1020 1134 1098 possiut;
1167 1026 1198 1081 ct
1215 1037 1398 1099 responsum
1425 1020 1551 1081 illorum
1573 1021 1679 1098 hujus

100 1110 155 1184 bet,
170 1116 228 1173 etc.
244 1110 409 1173 Peccatum
421 1108 457 1169 fit
471 1107 511 1167 ab
520 1107 625 1167 anima
638 1105 794 1180 rationali,
809 1106 860 1167 cui
909 1110 994 1170 modi
1007 1110 1144 1172 subtexit
1160 1132 1167 1171 :
1187 1111 1416 1190 «Respondent
1430 1132 1438 1187 3
1454 1112 1679 1191 qtriahumines

99 1200 224 1263 iibemm
244 1201 414 1264 voluntatis
439 1199 603 1259 arbitrium
629 1203 685 1260 est.
701 1198 741 1258 nt
767 1216 860 1276 poeria
909 1202 1031 1264 nolunt.
1050 1204 1127 1265 Cum
1155 1203 1284 1265 arbitrtu
1306 1204 1432 1283 quippe,
1458 1203 1615 1282 inquiunt,
1637 1205 1677 1266 li-

99 1293 373 1373 iuttigiturJustitia
385 1291 450 1370 Dei,
465 1308 535 1370 quae
549 1288 628 1351 nihil
645 1288 719 1349 iacit
732 1288 856 1367 injuste.
908 1293 984 1355 bero
1003 1295 1097 1355 homo
1123 1300 1243 1357 creatus
1263 1306 1320 1368 cst,
1335 1300 1366 1356 et
1392 1295 1418 1355 si
1444 1296 1512 1356 vult
1530 1297 1627 1358 credit
1644 1296 1677 1358 in

98 1386 246 1447 Adversus
265 1387 333 1447 haec
354 1385 444 1446 solita
467 1383 602 1445 cecitate
629 1380 789 1442 Manichaei
812 1381 857 1441 la·
910 1387 1068 1447 Christum
1089 1388 1139 1448 :si
1157 1405 1221 1448 nou
1240 1387 1317 1460 vult,
1335 1406 1400 1449 non
1418 1389 1523 1449 credit.
1545 1388 1579 1449 Si
1597 1388 1675 1463 vrtlt,

98 1483 172 1538 hant
196 1498 203 1539 :
230 1484 265 1540 et
287 1495 359 1539 eum
386 1476 614 1538 convincuntur
636 1479 858 1533 naturamnon
909 1484 1085 1557 perseverat
1102 1479 1137 1539 in
1150 1498 1187 1541 eo
1200 1479 1284 1558 quod
1305 1480 1402 1540 credit
1430 1500 1438 1540 ε
1462 1479 1488 1540 si
1510 1498 1575 1541 non
1595 1481 1676 1556 vult,

97 1587 154 1631 esse
174 1570 306 1647 malum,
330 1570 384 1631 sed
407 1568 440 1630 in
463 1571 613 1647 potestate
633 1582 699 1625 essa
720 1563 857 1625 hominis
909 1588 974 1630 nou
997 1576 1172 1650 perseverat
1197 1591 1204 1633 ε
1234 1577 1265 1632 et
1287 1572 1356 1633 ideo
1381 1589 1453 1633 cum
1471 1573 1679 1652 coepissetper

96 1662 184 1724 tacere
197 1662 292 1739 beue,
302 1667 356 1722 aut
367 1660 447 1723 male
459 1680 467 1738 ;
481 1660 657 1720 dicuntnon
671 1657 855 1717 esseanimce
908 1662 1176 1724 orbemterrarum
1194 1682 1329 1726 crescere
1347 1664 1492 1738 Ecclesia,
1508 1664 1679 1725 uoluerunt

95 1753 214 1815 liberam
223 1754 438 1827 voluntatem
454 1758 484 1813 et
496 1768 560 1811 uon
570 1749 676 1811 vident
688 1747 855 1809 caecitatem
908 1753 1050 1815 homines
1064 1773 1270 1833 perseverare,
1286 1762 1317 1817 et
1339 1756 1448 1817 defecit
1471 1773 1509 1816 cx
1532 1755 1677 1817 omnibus

95 1864 184 1907 suam.
205 1848 282 1921 Quis
303 1846 387 1909 enim
411 1863 476 1906 non
497 1843 607 1904 clamet
625 1841 755 1901 stultum
775 1858 853 1918 esse,
909 1844 1052 1920 gentibus
1078 1846 1224 1907 tthrhtian
1266 1847 1405 1926 religio,
1437 1852 1564 1925 excepta
1588 1852 1676 1926 parte

95 1945 239 2018 precepta
259 1939 333 1999 dare
346 1938 386 2010 ai,
402 1938 452 1998 cui
465 1935 599 1996 liberum
613 1950 677 1993 nou
697 1938 753 2005 est,
770 1933 852 2011 quod
907 1938 1030 1997 Donati.
1045 1963 1059 1991 s

94 2030 273 2110 precipitur,
286 2030 404 2105 facere;
419 2025 853 2104 etiniqnumesseaumdam-
949 2028 1146 2091 Manifestum
1173 2037 1219 2091 est
1247 2030 1296 2091 his
1323 2030 1395 2110 ipsis
1425 2030 1527 2090 verbis
1556 2029 1676 2090 arbitrii

93 2139 169 2197 nare,
187 2122 240 2183 cui
258 2140 323 2183 nou
345 2121 405 2182 fuit
418 2125 552 2198 potestas
565 2119 653 2195 jussa
674 2116 852 2197 complere?
907 2125 1089 2199 potestatem
1109 2122 1238 2182 describi
1252 2139 1382 2183 vautram
1395 2121 1435 2182 ab
1448 2121 1675 2182 determinante

94 2215 127 2273 at
143 2214 197 2275 has
217 2214 398 2294 injustitias,
414 2227 446 2274 et
464 2212 642 2290 iniquitates
664 2210 770 2270 miseri
788 2228 852 2269 nou
904 2213 1094 2287 necessitate,
1123 2218 1154 2274 et
1180 2221 1325 2293 ἀδιαφόρου.
1355 2214 1443 2273 Hanc
1466 2232 1486 2273 a
1510 2213 1676 2275 Donatistis

94 2305 263 2382 intelligunt
278 2308 340 2366 Deo
362 2323 395 2366 se
417 2303 614 2365 adscribere:
635 2302 688 2362 scd
707 2301 782 2380 quid
799 2321 853 2362 ve·
905 2304 1031 2365 allatam
1053 2305 1203 2367 libertatis
1221 2305 1381 2365 notionem
1402 2323 1468 2366 uon
1489 2304 1591 2365 solum
1608 2324 1673 2366 non

92 2416 155 2458 rum
172 2404 228 2473 est,
246 2398 304 2459 nisi
322 2405 354 2459 et
373 2396 540 2458 Dominum
554 2395 628 2455 dare
643 2398 806 2473 praecepto,
821 2399 852 2453 et
904 2397 1103 2476 reprehendit
1114 2397 1316 2477 Augustinus,
1327 2398 1380 2458 sed
1393 2397 1672 2475 etiamconfirmat‚

93 2492 200 2553 animas
212 2488 583 2562 liberaeesseroluntatis,
595 2485 851 2547 etmalumnatu·
904 2488 962 2549 hac
984 2489 1180 2569 potissimum
1198 2490 1303 2550 addita
1323 2490 1492 2566 sententie,
1514 2508 1584 2569 quae
1604 2497 1674 2551 tum

92 2602 151 2644 ram
175 2602 243 2645 uon
273 2601 349 2653 esse,
371 2581 424 2642 sed
448 2597 513 2641 esse
539 2578 731 2640 aversionem
754 2596 773 2638 a
796 2581 851 2640 Dei
907 2581 1067 2661 utriusque
1080 2586 1262 2661 potestatem
1280 2581 1313 2641 in
1331 2581 1501 2655 voluntate,
1518 2587 1673 2644 tumvero

92 2676 256 2755 preceptis,
271 2679 303 2736 et
320 2692 386 2735 esso
399 2673 520 2750 justum
530 2669 685 2750 judicium
699 2670 764 2747 Dei,
786 2689 851 2750 quo
906 2672 1060 2734 sufficiens
1072 2672 1224 2734 auxilium
1244 2678 1357 2751 praesto
1372 2673 1416 2733 illi
1434 2674 1474 2733 ad
1497 2673 1627 2748 bonum,
1646 2674 1674 2735 si

91 2768 208 2828 damnet
220 2766 435 2848 peccantrslu
904 2766 988 2841 velit,
1005 2766 1196 2845 eligendum,
1211 2765 1305 2827 etiam
1317 2783 1389 2826 cum
1400 2783 1525 2846 peceare
1540 2766 1671 2842 mavult,

126 2861 175 2921 llic
186 2858 354 2938 Augustini
366 2858 454 2920 locus
466 2874 531 2918 non
552 2855 653 2916 solum
667 2860 849 2934 potestatem
903 2874 968 2918 esse
995 2857 1195 2918 demonstrat.
1222 2877 1237 2915 c
1261 2858 1336 2931 Quis
1360 2858 1445 2917 anim
1470 2857 1670 2931 dubitauerit,

91 2952 371 3015 liberaevoluutatis
385 2951 419 3011 iu
439 2948 592 3011 utrumvis
610 2948 774 3008 amborum
797 2966 851 3008 ex·
903 2948 1016 3030 inquit,
1040 2949 1123 3027 quod
1146 2949 1245 3009 iudas
1269 2949 1437 3024 Christum,
1460 2948 1487 3009 si
1512 2949 1670 3021 voluisset,

92 3046 215 3125 peditam
228 3045 383 3127 approbat
399 3064 407 3104 :
423 3042 476 3104 sed
489 3041 583 3103 etiam
597 3038 751 3101 sufficiens
763 3041 850 3102 auxi·
903 3059 968 3102 non
982 3041 1089 3120 utiquc
1100 3040 1293 3102 tradidisset:
1310 3047 1342 3103 et
1355 3042 1463 3103 Petrus
1477 3042 1504 3102 si
1513 3041 1671 3119 voluisset,

91 3137 158 3198 lium
168 3139 279 3217 gratias
293 3137 349 3198 Dei
365 3140 508 3216 paratum
528 3131 718 3203 bominibus
734 3132 848 3211 quibus
902 3139 950 3194 ter
962 3133 1131 3193 Dominum
1142 3150 1206 3192 uon
1221 3133 1385 3212 negasset?
1403 3134 1465 3195 Sed
1479 3134 1549 3195 ideo
1562 3133 1620 3196 fuit
1631 3135 1671 3197 de

91 3231 288 3311 postlspsum
301 3228 578 3307 Adamipraecepta
595 3225 740 3303 legesque
753 3243 849 3286 noras
902 3225 969 3285 istis
996 3228 1081 3285 certa
1105 3224 1279 3303 praedictio,
1308 3227 1381 3304 qtria
1408 3231 1439 3286 ct
1464 3227 1546 3286 Deus
1576 3227 1670 3287 etiam

90 3323 177 3385 edidit
190 3343 198 3384 :
211 3322 253 3384 ad
267 3339 345 3403 quas
362 3318 526 3381 servandas
544 3322 678 3397 potestus
695 3316 756 3379 iilis
773 3336 846 3397 sup·
902 3316 1022 3377 futuras
1034 3316 1182 3395 praevidet
1201 3317 1412 3378 voluntates.»
1429 3319 1478 3378 An
1495 3336 1581 3393 vero,
1594 3320 1671 3380 citra

89 3421 184 3494 petere
196 3414 301 3490 debet,
316 3432 357 3474 ne
370 3414 410 3472 sit
420 3410 565 3490 iniquitas
577 3408 612 3469 in
628 3411 702 3470 Deo.
714 3411 850 3471 Potestas
901 3408 1053 3469 auxilium
1074 3408 1190 3483 gratim,
1206 3408 1255 3468 rel
1274 3410 1369 3470 iudas
1392 3408 1575 3488 proditionis
1592 3409 1670 3472 illud

89 3516 185 3569 autem
204 3507 305 3581 nulla,
323 3506 401 3565 citra
419 3501 524 3578 gratiae
543 3501 749 3578 adjutorium,
769 3501 849 3563 inest
901 3499 1000 3559 scelus
1017 3518 1053 3559 ac
1067 3498 1182 3558 diaboli
1202 3499 1350 3559 tentantis
1370 3499 1523 3578 impetum
1542 3503 1670 3581 propul-

88 3595 212 3675 bomini,
227 3598 270 3659 ad
281 3597 337 3657 Dei
350 3593 530 3673 exequenda
540 3591 697 3653 mandata.
902 3608 969 3651 sare
979 3590 1089 3669 potuit,
1105 3596 1158 3650 aut
1169 3589 1278 3650 Petrus
1296 3592 1418 3652 Satanae
1431 3591 1618 3667 incursione,
1634 3612 1670 3655 ac

122 3688 206 3751 Idem
229 3690 262 3750 ia
290 3686 441 3749 eccum
463 3684 844 3763 centesimumdecimum,
902 3683 1010 3743 mortis
1020 3688 1107 3742 metu
1121 3689 1276 3761 superato,
1293 3684 1399 3762 negati
1415 3683 1538 3744 Domini
1550 3684 1669 3747 crimen

88 3779 307 3843 indifferentem
320 3780 361 3841 ad
374 3785 542 3857 utrumque
552 3778 788 3856 propensionem
798 3795 846 3839 ar·
902 3774 1038 3852 effugere
1053 3771 1081 3833 ti

87 3870 162 3933 bitrii
174 3873 266 3935 liberi
276 3872 319 3933 ita
331 3871 483 3950 significat
504 3890 511 3930 :
531 3869 658 3947 «Eligat
677 3868 737 3929 sibi
749 3869 845 3932 homo
943 3865 994 3926 stc
1007 3865 1040 3925 in
1053 3865 1132 3925 libro
1144 3865 1279 3927 sectrndo
1293 3872 1391 3926 eontra
1412 3866 1607 3944 Potitiorum,
1622 3888 1670 3930 ca·

87 3965 249 4041 quodlibet.
265 3965 335 4025 Nou
353 3964 397 4024 sic
408 3959 573 4022 constituta
590 3965 664 4020 sunt
681 3978 775 4039 opera
789 3963 848 4022 llo·
900 3958 963 4037 pite
983 3975 1117 4018 rxxxur.
1139 3957 1325 4037 «Numquid
1343 3959 1417 4037 quia
1437 3976 1539 4020 mores
1559 3961 1669 4039 optimi

86 4055 214 4127 minant
227 4062 371 4118 creatura
384 4054 417 4115 in
430 4052 556 4114 arbitrio
564 4052 662 4113 libero
670 4053 846 4131 constituta,
900 4049 1041 4111 libertate
1067 4049 1232 4110 voluntatis
1260 4049 1439 4128 eliguntur,
1470 4050 1539 4112 ideo
1565 4068 1669 4114 mores

86 4149 224 4209 creatoris
236 4154 362 4229 superet
377 4147 569 4208 voluntatem
584 4165 591 4206 :
607 4142 728 4206 etiamsi
742 4152 849 4208 contra
899 4141 1021 4222 pessimi
1037 4159 1103 4202 non
1115 4140 1193 4219 legis
1206 4141 1382 4216 integritate
1392 4141 1614 4220 puniunturia
1630 4145 1670 4205 Et

87 4239 146 4318 cjus
172 4240 265 4302 iaciat
290 4240 494 4301 voluntatem.
524 4238 593 4298 Nou
612 4237 679 4298 vult
710 4238 788 4298 Deris
814 4244 850 4299 ut
899 4232 1097 4314 paulopost.
1124 4233 1232 4293 «Nam
1247 4232 1327 4294 bene
1343 4233 1443 4294 iacere
1461 4251 1554 4294 nemo
1566 4239 1669 4312 potest

87 4348 195 4409 pesam,
219 4352 294 4394 uam
316 4330 460 4411 prohibet
476 4352 484 4389 z
500 4334 605 4390 tamen
625 4328 652 4389 si
665 4330 848 4408 peccaveris,
899 4325 959 4386 uisi
972 4323 1115 4402 clegerit;
1132 4324 1191 4385 nisi
1205 4324 1366 4399 amaverit,
1376 4324 1512 4404 quodest
1524 4325 1558 4385 in
1572 4325 1668 4405 libera

87 4439 144 4482 non
162 4431 253 4504 putes
275 4424 437 4485 hominem
459 4422 563 4484 fecisse
587 4421 670 4499 quod
688 4420 796 4493 voluit,
819 4426 850 4481 et
898 4416 1068 4477 voluntate.
1084 4435 1100 4472 n
1115 4415 1172 4475 Vel
1186 4415 1289 4494 ipsum
1300 4434 1418 4477 nomen
1431 4415 1576 4477 electionis
1589 4436 1667 4496 pen·

88 4513 301 4577 &caecidisse
314 4516 399 4596 quod
412 4514 523 4576 noluit.
539 4513 624 4574 Sicut
637 4512 721 4573 enim
734 4512 801 4572 vult
815 4519 850 4573 ut
898 4510 1023 4570 dentem
1053 4508 1135 4567 inter
1167 4512 1352 4586 utrumque,
1380 4514 1410 4568 et
1437 4507 1666 4570 indifferentem

87 4604 172 4667 harno
186 4626 251 4668 nou
269 4614 388 4688 peccet,
403 4607 447 4668 ita
464 4605 531 4666 vult
551 4605 690 4685 peccanti
710 4623 848 4684 parcere,
899 4608 1013 4663 utrium
1038 4600 1208 4660 uoluntatis
1235 4599 1381 4660 ostendit.
1410 4600 1486 4660 Vide
1513 4600 1666 4680 imprimis

86 4702 118 4755 at
128 4706 310 4772 revertatur,
330 4705 361 4760 et
373 4700 457 4760 vivat
473 4718 480 4758 :
498 4699 539 4758 ita
560 4697 628 4757 vult
645 4703 800 4776 postremo
816 4698 849 4757 iu
899 4692 1015 4763 librum
1030 4691 1166 4772 ejusdem
1187 4689 1221 4751 de
1242 4691 1344 4772 pratia
1362 4698 1388 4753 et
1410 4690 1501 4752 libero
1525 4691 1664 4770 arbitrio,

85 4795 203 4866 peceato
228 4797 476 4871 perseverantem
502 4788 629 4869 punire,
657 4795 693 4849 ut
720 4788 848 4867 justitiae
900 4783 1155 4865 capitesecundo.

87 4882 250 4956 potentiam
272 4890 443 4947 contumax
468 4900 532 4942 uon
552 4882 672 4942 evadat.
693 4883 739 4942 lta
759 4881 847 4960 quid·
940 4875 1185 4954 Quoquidemin
1198 4875 1500 4955 lihroegregiumest
1513 4876 1595 4940 inter
1607 4881 1668 4941 alia

36 4986 47 5005 ·
86 4972 155 5049 quid
177 4974 316 5054 elegeris,
332 4976 538 5054 omnipotenti
549 4993 613 5035 non
635 4973 742 5051 deerit,
764 4974 847 5035 unde
900 4966 1057 5030 delibera
1083 4965 1242 5027 voluntate
1266 4968 1477 5028 testimonium
1500 4969 1534 5030 ia
1556 4977 1667 5050 quarto

87 5078 171 5124 snam
181 5065 259 5127 dcte
273 5067 429 5144 compleat
441 5067 645 5127 voluntatem.
658 5088 674 5123 u
900 5061 1008 5138 capite,
1025 5057 1079 5117 ubi
1101 5057 1144 5118 ita
1167 5059 1272 5119 scrilut
1289 5079 1296 5120 :
1316 5082 1331 5118 c
1346 5061 1387 5121 Ut
1407 5067 1512 5122 autem
1527 5063 1585 5123 ista
1601 5082 1667 5124 non

122 5154 171 5216 tt.
194 5158 246 5219 Est
268 5161 360 5220 etiam
390 5157 600 5220 memorabilis
627 5159 765 5237 ejusdcm
788 5162 849 5219 Au·
900 5154 1061 5214 serrantur
1091 5151 1238 5211 castitatis
1260 5158 1366 5213 sancta
1393 5154 1554 5228 mandata,
1576 5174 1665 5216 uuas·

87 5247 200 5320 glutini
226 5249 309 5312 locus
333 5251 367 5312 in
393 5250 473 5313 libro
500 5250 535 5312 de
562 5251 679 5311 ciuitate
707 5249 850 5311 Ecclesia
900 5246 1021 5327 quiaque
1041 5248 1202 5304 tentatura
1221 5245 1452 5325 coucupiscentia
1466 5265 1520 5307 sua
1537 5245 1668 5309 abstrac-

87 5345 185 5398 contra
199 5337 377 5418 Donatistae,
392 5343 491 5421 capite
504 5361 588 5404 nono
612 5362 619 5403 :
640 5343 673 5403 in
686 5362 748 5422 quo
761 5341 852 5403 liberi
902 5347 958 5411 tus,
973 5343 999 5395 et
1018 5332 1140 5396 illectus.
1158 5334 1217 5397 Ubi
1237 5337 1262 5397 si
1281 5338 1390 5398 dixerit
1413 5358 1419 5398 :
1441 5336 1512 5398 volo
1531 5356 1664 5416 servare,

91 5427 209 5488 arbitrii
223 5434 380 5495 notionem
395 5436 535 5495 camdem
557 5434 694 5512 agnoscit
708 5433 848 5503 ansuino,
901 5428 955 5489 sod
968 5426 1076 5486 uincor
1097 5428 1375 5508 aconcupisceutia
1390 5447 1459 5489 mea
1476 5447 1483 5489 ε
1501 5431 1667 5507 respondet
