3990 6130
531 362 580 425 DE
600 359 906 438 menandriana,
930 360 1005 422 LIB.
1027 361 1095 436 Vll,
1118 360 1206 423 ΟΑΡ.
1224 361 1278 423 ΧΙ.
1641 362 1697 425 rat

121 508 307 589 temporarie
316 505 572 587 significationem
586 506 626 567 ad
634 504 763 567 loannis
776 503 879 566 locum
929 504 987 566 hac
1000 503 1094 581 igitur
1104 507 1217 568 omissa
1237 506 1456 582 contentione;
1477 506 1559 586 quod
1577 506 1638 567 hoc
1651 525 1699 568 ca·

122 600 212 681 capite
241 599 342 681 primo
369 599 530 681 Evangelii
560 598 818 671 accommodant,
845 602 880 658 nt
927 596 992 678 pite
1019 599 1211 678 propositum
1238 599 1316 661 mihi
1343 616 1408 660 esse
1434 600 1509 673 disi,
1538 598 1699 660 videamus

123 694 269 769 Ermmus,
298 697 330 755 et
352 710 426 755 eum
452 692 548 754 seculi
575 691 645 752 ulii:
675 691 791 770 quasi«
813 708 878 750 non
926 689 1034 763 modo,
1054 691 1138 770 quod
1161 692 1195 752 in
1215 692 1269 752 illa
1289 690 1632 772 retemptantem,
1650 691 1698 752 vel

122 785 458 864 tanquamindigcnain
469 783 569 864 patria
581 801 648 851 sua,
661 782 715 843 sed
728 787 878 861 tanquam
928 780 1086 843 habitandi
1104 783 1330 862 significatione
1346 789 1465 844 veteres
1487 783 1586 844 inesse
1608 801 1696 845 eom-

120 876 233 957 hospes,
249 882 281 938 et
294 876 476 956 peregrinus
489 876 522 937 in
539 874 641 936 aliana
657 873 740 953 apud
761 891 819 935 nos
838 873 878 934 ad
927 873 1014 935 modi
1054 875 1231 953 putaverint
1257 875 1297 934 ad
1327 874 1508 936 catholicam
1541 876 1695 936 incarnati

122 973 232 1046 tempus
241 973 364 1030 tantum
374 967 568 1029 habitaverit.
581 988 597 1025 a
610 966 740 1028 Videtur
752 964 827 1034 σκηνὴ
838 964 878 1026 ab
927 964 1022 1025 Verbi
1047 966 1274 1041 declarandam,
1295 972 1326 1027 et
1345 967 1558 1027 illustrandam
1582 967 1696 1046 profes-

120 1059 261 1122 llebraieo
278 1060 374 1122 verbo
397 1076 456 1157 pm
473 1059 625 1139 originem
641 1059 778 1134 traxisse,
793 1057 877 1137 quod
926 1057 1056 1119 sionem.
1085 1059 1152 1124 Qua
1179 1058 1214 1119 in
1240 1059 1448 1139 disputatione
1474 1058 1643 1139 implicata,
1665 1065 1695 1120 et

120 1158 159 1213 est
182 1150 327 1214 dubitare.
347 1154 392 1213 Ex
414 1170 477 1232 quo
499 1169 616 1213 nomen
646 1166 743 1220 aaran
763 1150 876 1211 divinas
925 1151 1260 1229 eompletaneeessario
1275 1153 1442 1227 eruntilla,
1457 1170 1527 1231 quae
1540 1152 1580 1212 ad
1595 1152 1695 1212 Eran-

119 1244 279 1323 majestatis
289 1245 484 1324 presentiam
498 1243 658 1322 significat,
674 1247 705 1304 et
724 1241 874 1320 gloriam3
924 1241 1016 1319 geliei
1045 1242 1132 1302 istius
1157 1243 1230 1304 dieti
1257 1244 1443 1305 sententiam
1471 1243 1694 1305 enucleandam

119 1341 149 1396 ut
171 1354 243 1399 eum
262 1337 345 1398 inter
365 1336 509 1398 homines
531 1334 644 1396 illustri
660 1334 764 1414 aliquo
787 1335 875 1411 signo
924 1332 1095 1412 pertinent;
1123 1353 1194 1395 cum
1217 1335 1317 1396 multa
1344 1337 1405 1396 sint
1426 1356 1445 1397 a
1463 1335 1605 1398 Patribus
1623 1335 1694 1396 uni·

119 1429 310 1508 conspicuum
323 1447 355 1491 se
368 1428 487 1509 prebet
504 1446 539 1490 ae
551 1432 737 1508 praesentem
757 1444 790 1486 se
810 1443 876 1486 essa
923 1443 1011 1486 verse
1033 1426 1072 1487 de
1096 1426 1207 1506 templo
1229 1432 1260 1487 et
1280 1426 1463 1489 latitat-ione
1483 1428 1588 1504 Verbi,
1610 1427 1693 1487 illias

118 1526 248 1582 testatm.
262 1522 307 1582 lle
325 1539 387 1602 qua
404 1538 478 1582 voce
494 1520 645 1599 legendus
657 1524 703 1580 est
717 1520 758 1579 tt.
776 1518 876 1578 lloses
923 1516 984 1579 loci
998 1519 1157 1579 occasione
1172 1519 1291 1598 scriptis
1307 1520 1440 1598 prodita.

118 1611 255 1692 inprime
269 1620 358 1693 parta
375 1612 460 1674 More
481 1610 652 1686 deductim,
675 1610 774 1688 eapite
794 1628 871 1670 xxv.
963 1610 1032 1671 Vll.
1055 1610 1232 1689 Praecipuus
1249 1629 1287 1671 er
1303 1611 1429 1672 illarum
1445 1630 1557 1673 vocum
1570 1630 1691 1673 accom·
1732 1639 1856 1697 emm„

84 1768 95 1779 ‚
119 1702 195 1766 Hane
216 1706 316 1767 Graeci
339 1712 477 1784 aspectas
500 1704 655 1783 appellare
675 1701 785 1762 solent.
808 1702 873 1780 Ego
923 1701 1226 1763 modationefructus
1235 1703 1293 1763 iste
1302 1705 1383 1782 apud
1394 1703 1679 1783 antiquoshabetur
1717 1693 1887 1751 sf¹¹⁰¹¹¹⁸¹¹¹¹¹·.

1682 1751 1690 1778 t
1721 1757 1856 1794 rumrooum

118 1814 181 1857 raro
192 1797 375 1877 simpliciter
386 1797 519 1857 arbitror
529 1793 762 1874 usurpatumab
777 1794 873 1853 Euan·
922 1794 1005 1872 quod
1021 1793 1093 1854 inde
1108 1795 1291 1873 colligimus.
1308 1797 1446 1857 Verbum
1461 1796 1548 1856 nulla
1561 1797 1609 1856 sui
1624 1814 1691 1856 mu·
1739 1802 1842 1898 tqepppd

117 1888 212 1967 gelista
236 1890 425 1951 vocabulum
451 1889 534 1950 istud
552 1906 608 1968 pro
637 1904 685 1964 eo,
715 1885 800 1965 quod
828 1892 873 1946 est
922 1886 1038 1946 tatione
1051 1886 1140 1961 laeta,
1157 1887 1301 1967 idipsum,
1320 1889 1403 1968 quod
1426 1895 1492 1950 erat
1506 1894 1596 1949 antea
1609 1889 1690 1949 inte·
1732 1905 1850 1969 ,ramun-

118 1983 285 2043 commorari
297 1988 328 2043 et
347 1980 492 2043 habiture.
921 1995 1025 2056 grum,
1045 1977 1259 2059 illibatumque
1281 1983 1442 2058 mansisse,
1464 1987 1557 2060 atque
1575 1980 1616 2039 ita
1637 1998 1691 2041 na·
1716 1958 1862 2066 ,ffssffisspffi

149 2074 196 2134 Vl.
220 2075 283 2136 Sed
300 2075 427 2154 majoris
449 2078 494 2135 est
511 2072 662 2133 momenti
682 2069 812 2151 quaestio
825 2070 872 2148 {de
919 2071 999 2130 turis
1012 2069 1132 2130 duabus
1146 2070 1287 2150 perfectis
1305 2078 1443 2133 constare
1458 2073 1690 2133 Christumase
1723 2065 1849 2164 ⁶¹⁸3}th

117 2167 331 2228 construetione
351 2166 436 2227 racis
459 2165 595 2244 ejusdem
618 2163 653 2225 in
674 2161 804 2224 loannis
817 2161 870 2223 illo
920 2160 1054 2223 invicem
1072 2162 1233 2235 distinctis,
1254 2163 1333 2223 sieut
1348 2163 1504 2224 habitator
1521 2183 1539 2224 a
1558 2164 1686 2243 templo,
1722 2170 1767 2214 aar
1785 2180 1849 2224 aaut.

116 2256 195 2319 loco:
219 2264 329 2319 utrum
352 2257 506 2319 habitasse
528 2256 667 2317 Verbum
690 2255 870 2334 incorpore
919 2254 970 2315 vel
988 2254 1081 2314 domo
1100 2260 1212 2315 natura
1230 2254 1371 2316 diversus
1391 2261 1446 2318 est.
1467 2257 1561 2317 Doceat
1578 2256 1638 2315 hoc
1655 2254 1688 2316 in
1726 2236 1856 2322 iherh'i'

116 2357 281 2430 asumpto,
310 2368 351 2410 an
377 2350 459 2410 inter
484 2348 627 2410 homines
651 2346 870 2407 tantummodo
919 2346 1142 2407 commentario
1157 2346 1196 2407 ad
1209 2346 1300 2407 illum
1313 2349 1443 2409 loannis
1465 2348 1569 2409 locum
1589 2347 1687 2427 Chry·
1735 2329 1837 2439 {ssffiflff

116 2448 327 2503 commoratam
341 2460 408 2503 esse
421 2441 551 2502 dicatur.
570 2439 700 2499 Variant
713 2438 799 2498 enim
812 2437 870 2498 hae
918 2439 1279 2517 sostomus,eujasverha
1289 2440 1467 2502 insecundo
1480 2438 1685 2520 libroposui¹,
1744 2436 1831 2484 orecte.

115 2533 148 2593 dc
160 2550 190 2595 re
203 2535 406 2614 antiquorum
419 2532 598 2607 sententiaa3
614 2550 653 2609 ae
662 2530 801 2611 plerique
813 2529 869 2589 ha·
918 2536 954 2591 ut
967 2537 998 2591 et
1012 2531 1129 2611 (lyrilb.

115 2625 284 2688 bitationem
303 2627 338 2687 in
356 2644 462 2701 earne,
482 2626 532 2686 rel
549 2623 752 2698 humanitate,
771 2621 869 2682 divini
890 2674 896 2685 ,
958 2623 1012 2684 His
1029 2624 1178 2685 accedunt
1198 2623 1608 2709 Flavianusrlntiochenus‚
1631 2625 1686 2704 qui

116 2718 198 2780 Verbi
222 2720 347 2781 malunt
368 2718 519 2797 intelligi:
543 2722 575 2778 et
593 2715 746 2777 nonnulla
768 2732 808 2775 ex
830 2732 867 2775 eo
916 2713 974 2774 ista
997 2715 1105 2775 eadem
1124 2714 1253 2775 loannis
1277 2734 1452 2795 exponens,
1474 2719 1517 2778 ita
1539 2716 1683 2796 scripsit:

115 2811 260 2874 deducunt
272 2812 359 2873 velut
377 2809 576 2883 consectaria,
597 2807 710 2888 quihus
729 2805 869 2886 mysterii
921 2805 1120 2882 «Habitaait,
1137 2807 1249 2885 inquit,
1270 2807 1302 2868 iu
1319 2806 1419 2876 nebim
1433 2827 1497 2868 non
1511 2808 1545 2868 in
1559 2826 1686 2870 carnem

114 2903 185 2965 illius
197 2904 369 2985 proprietas
380 2903 478 2982 magis
487 2902 648 2963 elucescit:
664 2899 748 2979 quod
762 2899 796 2958 in
807 2897 868 2958 hoc
917 2903 1074 2958 mutatum
1086 2902 1142 2971 est,
1163 2916 1221 2959 nec
1233 2900 1314 2959 Deus
1328 2916 1393 2958 osse
1408 2900 1532 2961 destitit.
1552 2900 1613 2960 Sed
1627 2899 1687 2960 hoc

115 2999 214 3075 eapite,
229 3015 265 3058 ac
277 2997 460 3057 tractatione
477 2993 671 3075 potissimum
685 2990 867 3070 quaerimus.
918 2990 1044 3069 quidem
1058 2995 1125 3050 erat
1144 3008 1183 3051 ex
1207 2989 1294 3050 omni
1317 2989 1499 3064 eternitate,
1515 2991 1592 3052 illud
1612 3009 1686 3052 vero

114 3090 166 3151 lllii
179 3091 329 3151 duntaxat
347 3089 383 3149 in
402 3087 503 3160 nobis,
524 3086 556 3147 id
570 3090 617 3146 est
630 3084 708 3146 iuter
720 3101 770 3143 aas
783 3081 868 3143 tatt—
917 3100 957 3143 ex
970 3082 1197 3161 dispensatione
1216 3081 1332 3142 factum
1346 3087 1412 3142 est«
1429 3103 1444 3140 a
1462 3082 1598 3144 Gelasius
1611 3082 1687 3144 item

116 3183 243 3245 tamediei
251 3179 585 3247 Verbumexistimant,
594 3195 658 3238 non
669 3177 701 3237 in
711 3179 869 3253 assumpta
919 3173 1109 3235 Caesarcaein
1131 3173 1293 3263 Palaestina
1307 3177 1480 3254 episcopus,
1499 3197 1514 3233 a
1535 3175 1606 3237 Non
1621 3177 1687 3255 ipse

115 3293 212 3347 earne,
237 3274 290 3335 vel
310 3273 450 3335 homine.
479 3271 631 3351 Equidem
657 3274 693 3330 ut
720 3267 779 3328 illis
804 3285 869 3327 non
918 3270 1057 3327 mutatus
1071 3272 1126 3339 est,
1148 3266 1260 3344 inquit,
1288 3267 1394 3327 sedin
1415 3267 1505 3327 nobis
1523 3267 1685 3329 habitarit.

115 3370 265 3435 assentior,
279 3368 334 3447 qui
347 3373 480 3442 introeo
491 3370 515 3425 tv
529 3371 602 3443 ἡμῖν,
616 3361 649 3422 id
663 3365 708 3421 est
721 3358 870 3420 habitauit
918 3356 1011 3419 Aliud
1022 3362 1068 3417 est
1078 3357 1324 3432 tabernaculum,
1333 3357 1418 3418 aliud
1428 3357 1568 3419 Verbum
1582 3376 1589 3418 ε
1603 3359 1688 3419 aliud

116 3459 238 3535 arnald,
256 3460 393 3539 idipsum
407 3474 471 3518 esse
488 3453 607 3531 volunt,
625 3452 709 3533 quod
728 3452 761 3512 in
774 3460 871 3512 acero
919 3453 1030 3509 esttem
1035 3448 1133 3526 plum,
1143 3447 1290 3527 aliudqui
1300 3448 1334 3507 in
1344 3449 1410 3527 ipso
1417 3447 1536 3508 habitat
1547 3447 1682 3510 uenat.»

49 3594 58 3615 .
115 3569 222 3633 torpore
233 3551 282 3613 rel
304 3549 399 3612 nostri
411 3547 518 3609 simili.
539 3545 649 3609 Melias
662 3544 746 3605 enim
761 3549 785 3605 tv
798 3551 868 3622 ἡμῖν,
958 3538 1090 3618 Gyrillus
1105 3537 1332 3600 Alexandrinus
1345 3537 1439 3599 variis
1452 3538 1486 3598 in
1506 3539 1581 3601 loeis
1596 3558 1687 3602 eam-

116 3642 254 3721 iaternoa,
268 3643 301 3704 id
315 3649 362 3703 est
376 3640 460 3701 borno
473 3638 550 3699 iuter
568 3636 696 3698 homines
709 3634 873 3696 diciintel-
919 3631 991 3692 dem
1017 3630 1081 3691 vim
1107 3629 1218 3690 tribuit
1243 3629 1303 3690 illis
1322 3630 1482 3709 Evangelii
1506 3632 1621 3708 verbis,
1643 3632 1690 3695 Et

116 3734 220 3813 ligitur,
244 3751 341 3815 quam
361 3733 394 3793 in
413 3739 525 3792 natura
545 3734 655 3806 nostro,
675 3727 763 3808 quasi
785 3744 871 3788 com·
921 3721 1071 3786 dubitauit
1095 3723 1126 3785 ia
1149 3721 1254 3783 nobis:
1283 3742 1298 3780 c
1318 3727 1354 3783 ut
1372 3741 1436 3782 non
1457 3722 1560 3784 sinant
1573 3723 1689 3785 intelli-

116 3826 194 3888 muni
207 3826 350 3888 omnium
366 3823 554 3896 hominum;
573 3825 609 3881 ut
626 3821 721 3899 igitur
742 3836 807 3879 non
827 3817 871 3878 sic
920 3834 1004 3895 gere,
1018 3813 1167 3891 Verbum,
1183 3815 1267 3894 quod
1281 3833 1320 3876 ex
1333 3816 1395 3876 Deo
1410 3817 1585 3878 secundnm
1597 3822 1690 3879 natu-

115 3917 291 3998 interpretor
303 3915 381 3978 illud
396 3915 427 3975 ia
439 3913 540 3974 nobis:
556 3912 600 3974 ita
612 3920 642 3974 το
656 3919 791 3988 ἐσκήνωσεν
805 3916 872 3971 tan-
919 3926 988 3968 ram
1010 3906 1164 3987 processit,
1182 3907 1216 3967 in
1229 3925 1366 3984 earnem,
1382 3926 1453 3987 queo
1475 3909 1513 3970 de
1529 3915 1612 3970 terra
1632 3916 1687 3986 est,

117 4011 246 4073 tamdem
263 4015 340 4090 puto
359 4006 402 4076 vi,
422 4013 453 4068 et
472 4008 565 4068 tacita
587 4003 723 4084 quadam
744 4002 872 4063 natione
920 3999 1014 4061 fuisse
1036 4009 1249 4061 conversum0.
1273 4020 1289 4057 a
1319 4001 1359 4060 Et
1378 4000 1546 4078 interjectis
1573 4001 1691 4081 aliquot

115 4101 276 4179 significare
293 4121 301 4162 :
317 4116 430 4179 nempe
445 4098 487 4159 sic
505 4096 657 4159 habitasse
677 4096 776 4156 Deum
795 4094 871 4153 Ver·
920 4092 1060 4173 paginis:
1079 4091 1621 4170 aldcmvero,inqait‚cumestcaro
1632 4092 1693 4153 fac·

116 4190 195 4271 hum,
205 4195 250 4255 nti
263 4192 509 4274 corpus'rcram,
519 4207 556 4250 ac
568 4188 703 4249 solidum
714 4185 870 4261 habuerit,
921 4191 1001 4261 tum,
1017 4201 1080 4245 non
1091 4183 1124 4243 in
1139 4185 1238 4261 qarnis
1252 4183 1408 4244 transiisse
1422 4188 1568 4245 naturam
1580 4203 1588 4258 ;
1601 4184 1643 4245 ita
1657 4189 1693 4245 ut

116 4286 146 4345 ia
163 4305 223 4365 quo
247 4292 399 4365 tanquam
426 4283 460 4343 in
484 4280 598 4361 templo
620 4286 650 4341 et
676 4277 872 4342 tabernaculo
921 4277 954 4337 in
968 4275 1012 4353 id,
1023 4276 1107 4355 quod
1115 4294 1178 4336 non
1188 4280 1264 4349 erat,
1283 4276 1540 4336 vertereturzscd
1554 4293 1626 4336 cum
1641 4294 1690 4350 eo,

116 4379 253 4453 reidens,
277 4379 361 4438 inter
386 4373 529 4436 homines
555 4374 670 4434 horum
695 4370 803 4433 similis
822 4371 872 4431 iu·
923 4368 1006 4447 quod
1020 4367 1117 4428 nostri
1131 4367 1230 4428 simile
1249 4371 1295 4427 est
1313 4366 1440 4440 iactum,
1457 4367 1693 4450 idipsumrquod

117 4469 213 4531 coluit.
231 4470 294 4532 Nec
310 4483 416 4531 tamen
435 4467 474 4529 de
497 4466 589 4546 hujus
612 4464 789 4544 Evangeliei
810 4461 871 4523 loci
921 4464 987 4521 erat
998 4460 1158 4533 mansisse,
1176 4476 1283 4519 rursus
1297 4459 1456 4539 perspicue
1476 4458 1603 4535 indicat,
1618 4476 1692 4521 cum

115 4562 227 4624 veriore
239 4580 333 4624 sensu
346 4561 481 4622 multum
494 4558 614 4635 litigare
629 4556 738 4632 velim,
755 4558 873 4616 namet
920 4551 999 4625 baec,
1019 4550 1065 4612 Et
1078 4548 1226 4615 latitavit
1247 4550 1281 4611 io
1294 4548 1388 4626 uate,
1408 4550 1566 4631 prioribus
1579 4549 1691 4627 adjun-

117 4651 204 4716 dmm
219 4654 432 4735 interpretatio
449 4649 618 4733 probabilis
632 4647 711 4710 milri
730 4647 871 4710 ridetur:
922 4641 1002 4722 gitt.
1024 4663 1040 4702 a

149 4871 169 4911 a
186 4856 311 4914 futuit.
327 4854 403 4927 apud
424 4852 588 4911 theodoret.
607 4851 673 4908 dial.
689 4852 710 4907 1.
735 4849 769 4905 Ὃ
786 4850 872 4922 λόγος,
923 4848 1006 4920 ἕτερον
1028 4846 1043 4901 ὁ
1065 4847 1149 4919 λόγος.
1171 4845 1253 4918 ἕτερον
1277 4843 1383 4911 brebe,
1397 4844 1439 4899 ael
1457 4844 1568 4920 ἔτερονὸ
1593 4845 1694 4904 troada

119 4938 187 5009 pqei,
208 4939 264 5013 σὰρξ
278 4939 392 5013 ἐγένετο,
412 4937 454 4991 καὶ
482 4935 616 5005 ἐσκήνωσεν
638 4933 662 4988 ἔν
683 4934 752 5007 ἡμῖν.
778 4933 822 4988 οὒκ
842 4932 875 4994 εἷς
924 4930 992 5002 οῶτῷ
1006 4931 1069 4992 θεός.

118 5023 192 5093 οάριι
204 5024 388 5095 μεταὸίόληται,
414 5020 470 5074 atet
493 5019 585 5087 ἀπέστη
603 5023 646 5072 τοῦ
660 5011 721 5071 εἶναι
735 5018 798 5080 θεός·
819 5015 875 5070 ἀλλ’
960 5014 1104 5069 oCtnttt.
1120 5018 1188 5068 lom.
1202 5011 1248 5069 Vl.
1269 5011 1316 5065 aaa
1336 5013 1362 5068 δὲ
1376 5018 1420 5069 τοῦ
1434 5014 1475 5067 nal
1495 5013 1519 5068 ἔν
1539 5013 1599 5087 ἡμῖν
1619 5014 1693 5070 αὐτὸν

120 5099 194 5158 ἐκεῖνο
208 5103 289 5179 phin
303 5106 399 5168 ἀϊδίους,
415 5097 637 5175 τοῦτοδὶγὶγονεν
652 5100 820 5172 οἰκονομικῶς.
924 5103 1050 5166 maumam
1076 5097 1175 5169 λέγειν,
1205 5094 1250 5149 οὔκ
1274 5094 1353 5167 ἐφίησι
1377 5099 1459 5163 νοεῖν,
1489 5096 1522 5159 εἰς
1550 5099 1629 5170 σάρκα
1649 5098 1693 5166 τὴν

150 5187 310 5245 thusrus
336 5187 410 5259 apud
440 5184 535 5243 eumd.
563 5184 700 5242 Theodor.
732 5183 783 5239 ota
805 5182 877 5247 οὗτος
925 5179 974 5234 ἀπὸ
988 5184 1033 5252 γῆς
1057 5179 1100 5234 τον
1122 5177 1148 5232 ἐκ
1175 5179 1230 5234 θεοῦ
1249 5179 1399 5254 κατὰφύσιν
1421 5185 1594 5256 paragraphum
1606 5181 1691 5254 λόγον.

120 5270 277 5340 μετώληθιὶς,
291 5270 348 5326 ἀλλ’
366 5269 390 5327 la
405 5268 465 5344 ἡμῖν
488 5269 622 5340 σκηνώσεις.
638 5268 721 5342 ἕτερον
736 5266 822 5339 σκηνὴ,
836 5267 876 5320 nal
926 5262 995 5321 Villa
1007 5267 1071 5318 emt.

961 5343 982 5402 d
1000 5345 1041 5401 ltl.
1061 5343 1118 5401 Ὅτι
1132 5344 1158 5400 δὲ
1173 5344 1233 5418 σὰρξ
1249 5347 1367 5420 γεγονὼς,
1381 5345 1426 5400 οὒκ
1440 5344 1472 5411 εἰς
1486 5346 1531 5415 τὴν
1548 5350 1592 5414 τῆς
1604 5346 1693 5419 σαρκὸς

143 5506 378 5567 thr-amm
