<?xml version="1.0" encoding="UTF-8"?>
<!DOCTYPE html PUBLIC "-//W3C//DTD XHTML 1.0 Transitional//EN"
    "http://www.w3.org/TR/xhtml1/DTD/xhtml1-transitional.dtd">
<html xmlns="http://www.w3.org/1999/xhtml" xml:lang="en" lang="en">
 <head>
  <title>
</title>
<meta http-equiv="Content-Type" content="text/html;charset=utf-8" />
  <meta name='ocr-system' content='tesseract 3.04.00' />
  <meta name='ocr-capabilities' content='ocr_page ocr_carea ocr_par ocr_line ocrx_word'/>
</head>
<body>
  <div class='ocr_page' id='page_1' title='image "./dogmatatheologi00zaccgoog_0378.png"; bbox 0 0 3936 6146; ppageno 0'>
   <div class='ocr_carea' id='block_1_1' title="bbox 495 335 1632 414">
    <p class='ocr_par' dir='ltr' id='par_1_1' title="bbox 495 335 1632 414">
     <span class='ocr_line' id='line_1_1' title="bbox 495 335 1632 414; baseline 0.001 -17"><span class='ocrx_word' id='word_1_1' title='bbox 495 335 868 411; x_wconf 64' lang='lat' dir='ltr'><strong>autumabamus,</strong></span> <span class='ocrx_word' id='word_1_2' title='bbox 896 337 969 398; x_wconf 84' lang='lat' dir='ltr'><strong>LlB.</strong></span> <span class='ocrx_word' id='word_1_3' title='bbox 992 338 1036 414; x_wconf 87' lang='lat' dir='ltr'><strong>X,</strong></span> <span class='ocrx_word' id='word_1_4' title='bbox 1059 339 1144 400; x_wconf 82' lang='lat' dir='ltr'><strong>CAP.</strong></span> <span class='ocrx_word' id='word_1_5' title='bbox 1170 341 1205 400; x_wconf 91' lang='lat' dir='ltr'><strong>ll.</strong></span> <span class='ocrx_word' id='word_1_6' title='bbox 1573 337 1632 399; x_wconf 78' lang='lat' dir='ltr'><strong>ste</strong></span> 
     </span>
    </p>
   </div>
   <div class='ocr_carea' id='block_1_2' title="bbox 73 502 1784 781">
    <p class='ocr_par' dir='ltr' id='par_1_2' title="bbox 73 502 1784 781">
     <span class='ocr_line' id='line_1_2' title="bbox 74 502 1633 585; baseline -0.004 -16"><span class='ocrx_word' id='word_1_7' title='bbox 74 506 326 584; x_wconf 68' lang='lat' dir='ltr'><strong>amoabutroque</strong></span> <span class='ocrx_word' id='word_1_8' title='bbox 339 512 488 584; x_wconf 83' lang='lat' dir='ltr'><strong>tanquam</strong></span> <span class='ocrx_word' id='word_1_9' title='bbox 503 522 566 566; x_wconf 87' lang='lat' dir='ltr'><strong>unu</strong></span> <span class='ocrx_word' id='word_1_10' title='bbox 579 502 815 584; x_wconf 78' lang='lat' dir='ltr'><strong>causaprolicis</strong></span> <span class='ocrx_word' id='word_1_11' title='bbox 865 505 992 567; x_wconf 74' lang='lat' dir='ltr'><strong>cahonis</strong></span> <span class='ocrx_word' id='word_1_12' title='bbox 1014 505 1074 566; x_wconf 92' lang='lat' dir='ltr'><strong>illis</strong></span> <span class='ocrx_word' id='word_1_13' title='bbox 1100 505 1313 585; x_wconf 77' lang='lat' dir='ltr'><strong>impertiendae</strong></span> <span class='ocrx_word' id='word_1_14' title='bbox 1340 504 1404 564; x_wconf 92' lang='lat' dir='ltr'><strong>vim</strong></span> <span class='ocrx_word' id='word_1_15' title='bbox 1426 503 1554 579; x_wconf 89' lang='lat' dir='ltr'><strong>babere,</strong></span> <span class='ocrx_word' id='word_1_16' title='bbox 1579 503 1633 581; x_wconf 92' lang='lat' dir='ltr'><strong>qui</strong></span> 
     </span>
     <span class='ocr_line' id='line_1_3' title="bbox 74 596 1170 677; baseline -0.005 -16"><span class='ocrx_word' id='word_1_17' title='bbox 74 603 155 673; x_wconf 85' lang='lat' dir='ltr'><strong>eatur,</strong></span> <span class='ocrx_word' id='word_1_18' title='bbox 177 597 246 676; x_wconf 80' lang='lat' dir='ltr'><strong>igue</strong></span> <span class='ocrx_word' id='word_1_19' title='bbox 272 603 364 677; x_wconf 88' lang='lat' dir='ltr'><strong>etque</strong></span> <span class='ocrx_word' id='word_1_20' title='bbox 386 596 481 659; x_wconf 70' lang='lat' dir='ltr'><strong>terro.</strong></span> <span class='ocrx_word' id='word_1_21' title='bbox 510 598 560 659; x_wconf 84' lang='lat' dir='ltr'><strong>Sic</strong></span> <span class='ocrx_word' id='word_1_22' title='bbox 585 596 677 658; x_wconf 88' lang='lat' dir='ltr'><strong>etiam</strong></span> <span class='ocrx_word' id='word_1_23' title='bbox 706 596 814 657; x_wconf 89' lang='lat' dir='ltr'><strong>eadem</strong></span> <span class='ocrx_word' id='word_1_24' title='bbox 864 616 934 659; x_wconf 86' lang='lat' dir='ltr'><strong>eam</strong></span> <span class='ocrx_word' id='word_1_25' title='bbox 944 604 1170 677; x_wconf 53' lang='lat' dir='ltr'><strong>tangoreutao</strong></span> 
     </span>
     <span class='ocr_line' id='line_1_4' title="bbox 73 687 1784 781; baseline -0.004 -28"><span class='ocrx_word' id='word_1_26' title='bbox 73 690 313 753; x_wconf 73' lang='lat' dir='ltr'><strong>communicanda</strong></span> <span class='ocrx_word' id='word_1_27' title='bbox 344 688 434 765; x_wconf 76' lang='lat' dir='ltr'><strong>vitm,</strong></span> <span class='ocrx_word' id='word_1_28' title='bbox 469 690 638 769; x_wconf 62' lang='lat' dir='ltr'><strong>metimque</strong></span> <span class='ocrx_word' id='word_1_29' title='bbox 672 689 751 749; x_wconf 86' lang='lat' dir='ltr'><strong>actio</strong></span> <span class='ocrx_word' id='word_1_30' title='bbox 774 689 814 749; x_wconf 91' lang='lat' dir='ltr'><strong>ab</strong></span> <span class='ocrx_word' id='word_1_31' title='bbox 904 691 941 750; x_wconf 92' lang='lat' dir='ltr'><strong>V.</strong></span> <span class='ocrx_word' id='word_1_32' title='bbox 964 691 1198 751; x_wconf 82' lang='lat' dir='ltr'><strong>Adversushaea</strong></span> <span class='ocrx_word' id='word_1_33' title='bbox 1212 707 1368 769; x_wconf 88' lang='lat' dir='ltr'><strong>opponere</strong></span> <span class='ocrx_word' id='word_1_34' title='bbox 1383 687 1522 748; x_wconf 89' lang='lat' dir='ltr'><strong>solebant</strong></span> <span class='ocrx_word' id='word_1_35' title='bbox 1537 687 1634 748; x_wconf 77' lang='lat' dir='ltr'><strong>bare·</strong></span> <span class='ocrx_word' id='word_1_36' title='bbox 1684 734 1784 781; x_wconf 70' lang='lat' dir='ltr'><strong>attona</strong></span> 
     </span>
    </p>
   </div>
   <div class='ocr_carea' id='block_1_3' title="bbox 71 778 1803 4636">
    <p class='ocr_par' dir='ltr' id='par_1_3' title="bbox 71 778 1803 4636">
     <span class='ocr_line' id='line_1_5' title="bbox 73 778 1796 852; baseline -0.003 -8"><span class='ocrx_word' id='word_1_37' title='bbox 73 782 157 844; x_wconf 84' lang='lat' dir='ltr'><strong>Verbo</strong></span> <span class='ocrx_word' id='word_1_38' title='bbox 169 781 256 843; x_wconf 76' lang='lat' dir='ltr'><strong>amul</strong></span> <span class='ocrx_word' id='word_1_39' title='bbox 276 786 307 843; x_wconf 87' lang='lat' dir='ltr'><strong>ct</strong></span> <span class='ocrx_word' id='word_1_40' title='bbox 324 800 416 845; x_wconf 89' lang='lat' dir='ltr'><strong>carne</strong></span> <span class='ocrx_word' id='word_1_41' title='bbox 436 781 583 843; x_wconf 90' lang='lat' dir='ltr'><strong>manavit.</strong></span> <span class='ocrx_word' id='word_1_42' title='bbox 610 782 692 842; x_wconf 87' lang='lat' dir='ltr'><strong>Tum</strong></span> <span class='ocrx_word' id='word_1_43' title='bbox 707 780 813 841; x_wconf 89' lang='lat' dir='ltr'><strong>itidem</strong></span> <span class='ocrx_word' id='word_1_44' title='bbox 863 782 915 842; x_wconf 89' lang='lat' dir='ltr'><strong>tici</strong></span> <span class='ocrx_word' id='word_1_45' title='bbox 930 783 1100 845; x_wconf 85' lang='lat' dir='ltr'><strong>Nestoriani</strong></span> <span class='ocrx_word' id='word_1_46' title='bbox 1116 783 1233 844; x_wconf 89' lang='lat' dir='ltr'><strong>dietum</strong></span> <span class='ocrx_word' id='word_1_47' title='bbox 1247 783 1324 842; x_wconf 90' lang='lat' dir='ltr'><strong>illud</strong></span> <span class='ocrx_word' id='word_1_48' title='bbox 1339 781 1449 842; x_wconf 87' lang='lat' dir='ltr'><strong>Christi</strong></span> <span class='ocrx_word' id='word_1_49' title='bbox 1462 779 1598 852; x_wconf 74' lang='lat' dir='ltr'><strong>{Domini</strong></span> <span class='ocrx_word' id='word_1_50' title='bbox 1607 778 1630 849; x_wconf 83' lang='lat'><strong>²,</strong></span> <span class='ocrx_word' id='word_1_51' title='bbox 1668 786 1796 839; x_wconf 70' lang='lat' dir='ltr'><strong>obtunsa</strong></span> 
     </span>
     <span class='ocr_line' id='line_1_6' title="bbox 73 842 1772 962; baseline -0.003 -26"><span class='ocrx_word' id='word_1_52' title='bbox 73 872 255 947; x_wconf 77' lang='lat' dir='ltr'><strong>hoadtfieri,</strong></span> <span class='ocrx_word' id='word_1_53' title='bbox 271 873 358 934; x_wconf 86' lang='lat' dir='ltr'><strong>utab</strong></span> <span class='ocrx_word' id='word_1_54' title='bbox 372 873 477 935; x_wconf 87' lang='lat' dir='ltr'><strong>anima</strong></span> <span class='ocrx_word' id='word_1_55' title='bbox 490 873 617 953; x_wconf 86' lang='lat' dir='ltr'><strong>pariter,</strong></span> <span class='ocrx_word' id='word_1_56' title='bbox 631 878 811 951; x_wconf 83' lang='lat' dir='ltr'><strong>etcorpore,</strong></span> <span class='ocrx_word' id='word_1_57' title='bbox 866 873 1003 954; x_wconf 74' lang='lat' dir='ltr'><strong>Spiritus</strong></span> <span class='ocrx_word' id='word_1_58' title='bbox 1027 883 1070 936; x_wconf 81' lang='lat' dir='ltr'><strong>eat</strong></span> <span class='ocrx_word' id='word_1_59' title='bbox 1098 876 1153 956; x_wconf 85' lang='lat' dir='ltr'><strong>qui</strong></span> <span class='ocrx_word' id='word_1_60' title='bbox 1178 874 1322 954; x_wconf 75' lang='lat' dir='ltr'><strong>vivificat,</strong></span> <span class='ocrx_word' id='word_1_61' title='bbox 1346 892 1413 933; x_wconf 86' lang='lat' dir='ltr'><strong>caro</strong></span> <span class='ocrx_word' id='word_1_62' title='bbox 1435 892 1493 933; x_wconf 83' lang='lat' dir='ltr'><strong>nou</strong></span> <span class='ocrx_word' id='word_1_63' title='bbox 1510 870 1633 953; x_wconf 81' lang='lat' dir='ltr'><strong>prodest</strong></span> <span class='ocrx_word' id='word_1_64' title='bbox 1691 842 1772 962; x_wconf 46' lang='lat' dir='ltr'><strong>iffi,</strong></span> 
     </span>
     <span class='ocr_line' id='line_1_7' title="bbox 73 957 1803 1054; baseline -0.002 -28"><span class='ocrx_word' id='word_1_65' title='bbox 73 966 162 1026; x_wconf 79' lang='lat' dir='ltr'><strong>mdem</strong></span> <span class='ocrx_word' id='word_1_66' title='bbox 172 965 268 1025; x_wconf 85' lang='lat' dir='ltr'><strong>vitalis</strong></span> <span class='ocrx_word' id='word_1_67' title='bbox 280 964 445 1027; x_wconf 85' lang='lat' dir='ltr'><strong>efficientia</strong></span> <span class='ocrx_word' id='word_1_68' title='bbox 457 965 664 1045; x_wconf 80' lang='lat' dir='ltr'><strong>progreditur.</strong></span> <span class='ocrx_word' id='word_1_69' title='bbox 864 966 1036 1047; x_wconf 76' lang='lat' dir='ltr'><strong><em>quidquam.</em></strong></span> <span class='ocrx_word' id='word_1_70' title='bbox 1055 969 1119 1028; x_wconf 92' lang='lat' dir='ltr'><strong>Hoc</strong></span> <span class='ocrx_word' id='word_1_71' title='bbox 1133 968 1243 1028; x_wconf 86' lang='lat' dir='ltr'><strong>eodem</strong></span> <span class='ocrx_word' id='word_1_72' title='bbox 1265 967 1333 1027; x_wconf 89' lang='lat' dir='ltr'><strong>loco</strong></span> <span class='ocrx_word' id='word_1_73' title='bbox 1356 966 1524 1041; x_wconf 82' lang='lat' dir='ltr'><strong>Nestorius,</strong></span> <span class='ocrx_word' id='word_1_74' title='bbox 1541 970 1577 1024; x_wconf 91' lang='lat' dir='ltr'><strong>ut</strong></span> <span class='ocrx_word' id='word_1_75' title='bbox 1594 981 1633 1024; x_wconf 87' lang='lat' dir='ltr'><strong>ex</strong></span> <span class='ocrx_word' id='word_1_76' title='bbox 1656 957 1803 1054; x_wconf 51' lang='lat' dir='ltr'><strong>,ww</strong></span> 
     </span>
     <span class='ocr_line' id='line_1_8' title="bbox 103 1055 1796 1138; baseline -0.001 -20"><span class='ocrx_word' id='word_1_77' title='bbox 103 1055 220 1118; x_wconf 73' lang='lat' dir='ltr'><strong>Adhibet</strong></span> <span class='ocrx_word' id='word_1_78' title='bbox 231 1056 312 1119; x_wconf 87' lang='lat' dir='ltr'><strong>hanc</strong></span> <span class='ocrx_word' id='word_1_79' title='bbox 333 1057 475 1125; x_wconf 84' lang='lat' dir='ltr'><strong>eamdem</strong></span> <span class='ocrx_word' id='word_1_80' title='bbox 487 1057 567 1132; x_wconf 81' lang='lat' dir='ltr'><strong>ignis</strong></span> <span class='ocrx_word' id='word_1_81' title='bbox 579 1055 813 1117; x_wconf 88' lang='lat' dir='ltr'><strong>similitudinem</strong></span> <span class='ocrx_word' id='word_1_82' title='bbox 864 1059 931 1138; x_wconf 88' lang='lat' dir='ltr'><strong>ejus</strong></span> <span class='ocrx_word' id='word_1_83' title='bbox 959 1060 1216 1121; x_wconf 79' lang='lat' dir='ltr'><strong>anathematismo</strong></span> <span class='ocrx_word' id='word_1_84' title='bbox 1242 1059 1406 1119; x_wconf 90' lang='lat' dir='ltr'><strong>undecimo</strong></span> <span class='ocrx_word' id='word_1_85' title='bbox 1442 1062 1569 1124; x_wconf 87' lang='lat' dir='ltr'><strong>constat,</strong></span> <span class='ocrx_word' id='word_1_86' title='bbox 1602 1061 1632 1117; x_wconf 92' lang='lat' dir='ltr'><strong>et</strong></span> <span class='ocrx_word' id='word_1_87' title='bbox 1657 1070 1703 1104; x_wconf 58' lang='grc' dir='ltr'><strong>νῦν</strong></span> <span class='ocrx_word' id='word_1_88' title='bbox 1784 1074 1796 1107; x_wconf 75' lang='lat'>⁸</span> 
     </span>
     <span class='ocr_line' id='line_1_9' title="bbox 73 1147 1801 1231; baseline 0.001 -22"><span class='ocrx_word' id='word_1_89' title='bbox 73 1148 185 1227; x_wconf 69' lang='lat' dir='ltr'><strong>Cyrillm</strong></span> <span class='ocrx_word' id='word_1_90' title='bbox 208 1147 287 1210; x_wconf 90' lang='lat' dir='ltr'><strong>libro</strong></span> <span class='ocrx_word' id='word_1_91' title='bbox 321 1148 422 1228; x_wconf 87' lang='lat' dir='ltr'><strong>primo</strong></span> <span class='ocrx_word' id='word_1_92' title='bbox 447 1149 480 1209; x_wconf 83' lang='lat' dir='ltr'><strong>in</strong></span> <span class='ocrx_word' id='word_1_93' title='bbox 501 1147 678 1222; x_wconf 84' lang='lat' dir='ltr'><strong>.louuuem¹,</strong></span> <span class='ocrx_word' id='word_1_94' title='bbox 707 1147 813 1209; x_wconf 87' lang='lat' dir='ltr'><strong>absur-</strong></span> <span class='ocrx_word' id='word_1_95' title='bbox 865 1158 936 1213; x_wconf 88' lang='lat' dir='ltr'><strong>ante</strong></span> <span class='ocrx_word' id='word_1_96' title='bbox 950 1152 1034 1214; x_wconf 79' lang='lat' dir='ltr'><strong>brino</strong></span> <span class='ocrx_word' id='word_1_97' title='bbox 1045 1153 1225 1213; x_wconf 86' lang='lat' dir='ltr'><strong>Theodorus</strong></span> <span class='ocrx_word' id='word_1_98' title='bbox 1238 1153 1471 1231; x_wconf 87' lang='lat' dir='ltr'><strong>Mopsuestcnus</strong></span> <span class='ocrx_word' id='word_1_99' title='bbox 1488 1149 1634 1210; x_wconf 89' lang='lat' dir='ltr'><strong>abuteba-</strong></span> <span class='ocrx_word' id='word_1_100' title='bbox 1795 1147 1801 1159; x_wconf 87' lang='lat'>&#39;</span> 
     </span>
     <span class='ocr_line' id='line_1_10' title="bbox 72 1240 1634 1323; baseline 0 -22"><span class='ocrx_word' id='word_1_101' title='bbox 72 1241 187 1320; x_wconf 86' lang='lat' dir='ltr'><strong>dumque</strong></span> <span class='ocrx_word' id='word_1_102' title='bbox 205 1240 405 1319; x_wconf 87' lang='lat' dir='ltr'><strong>essejudicat,</strong></span> <span class='ocrx_word' id='word_1_103' title='bbox 421 1242 482 1305; x_wconf 87' lang='lat' dir='ltr'><strong>vim</strong></span> <span class='ocrx_word' id='word_1_104' title='bbox 494 1240 577 1303; x_wconf 85' lang='lat' dir='ltr'><strong>illius</strong></span> <span class='ocrx_word' id='word_1_105' title='bbox 590 1241 671 1303; x_wconf 89' lang='lat' dir='ltr'><strong>banc</strong></span> <span class='ocrx_word' id='word_1_106' title='bbox 685 1259 761 1315; x_wconf 85' lang='lat' dir='ltr'><strong>esse,</strong></span> <span class='ocrx_word' id='word_1_107' title='bbox 777 1247 813 1301; x_wconf 90' lang='lat' dir='ltr'><strong>ut</strong></span> <span class='ocrx_word' id='word_1_108' title='bbox 865 1250 926 1316; x_wconf 91' lang='lat' dir='ltr'><strong>tur,</strong></span> <span class='ocrx_word' id='word_1_109' title='bbox 950 1244 1081 1306; x_wconf 85' lang='lat' dir='ltr'><strong>Nestorii</strong></span> <span class='ocrx_word' id='word_1_110' title='bbox 1095 1244 1261 1323; x_wconf 77' lang='lat' dir='ltr'><strong>magister3</strong></span> <span class='ocrx_word' id='word_1_111' title='bbox 1277 1250 1314 1304; x_wconf 88' lang='lat' dir='ltr'><strong>ut</strong></span> <span class='ocrx_word' id='word_1_112' title='bbox 1325 1244 1411 1305; x_wconf 89' lang='lat' dir='ltr'><strong>testis</strong></span> <span class='ocrx_word' id='word_1_113' title='bbox 1425 1248 1472 1304; x_wconf 91' lang='lat' dir='ltr'><strong>est</strong></span> <span class='ocrx_word' id='word_1_114' title='bbox 1489 1241 1634 1302; x_wconf 87' lang='lat' dir='ltr'><strong>Rabbula</strong></span> 
     </span>
     <span class='ocr_line' id='line_1_11' title="bbox 71 1333 1631 1416; baseline -0.001 -23"><span class='ocrx_word' id='word_1_115' title='bbox 71 1333 361 1413; x_wconf 76' lang='lat' dir='ltr'><strong>admotaquaequeiu</strong></span> <span class='ocrx_word' id='word_1_116' title='bbox 374 1352 406 1395; x_wconf 90' lang='lat' dir='ltr'><strong>se</strong></span> <span class='ocrx_word' id='word_1_117' title='bbox 420 1334 649 1413; x_wconf 85' lang='lat' dir='ltr'><strong>quodammodo</strong></span> <span class='ocrx_word' id='word_1_118' title='bbox 664 1337 813 1400; x_wconf 88' lang='lat' dir='ltr'><strong>transfor·</strong></span> <span class='ocrx_word' id='word_1_119' title='bbox 866 1337 1205 1416; x_wconf 85' lang='lat' dir='ltr'><strong>Edessenusepisoopue</strong></span> <span class='ocrx_word' id='word_1_120' title='bbox 1217 1335 1250 1395; x_wconf 90' lang='lat' dir='ltr'><strong>in</strong></span> <span class='ocrx_word' id='word_1_121' title='bbox 1265 1335 1391 1415; x_wconf 88' lang='lat' dir='ltr'><strong>epistola</strong></span> <span class='ocrx_word' id='word_1_122' title='bbox 1412 1333 1452 1395; x_wconf 86' lang='lat' dir='ltr'><strong>ud</strong></span> <span class='ocrx_word' id='word_1_123' title='bbox 1465 1333 1631 1415; x_wconf 76' lang='lat' dir='ltr'><strong>cyrillum.</strong></span> 
     </span>
     <span class='ocr_line' id='line_1_12' title="bbox 71 1423 1633 1509; baseline 0.002 -24"><span class='ocrx_word' id='word_1_124' title='bbox 71 1431 130 1498; x_wconf 86' lang='lat' dir='ltr'><strong>net,</strong></span> <span class='ocrx_word' id='word_1_125' title='bbox 151 1423 244 1505; x_wconf 88' lang='lat' dir='ltr'><strong>iisque</strong></span> <span class='ocrx_word' id='word_1_126' title='bbox 261 1425 423 1498; x_wconf 73' lang='lat' dir='ltr'><strong>vbtutem,</strong></span> <span class='ocrx_word' id='word_1_127' title='bbox 445 1431 477 1486; x_wconf 89' lang='lat' dir='ltr'><strong>et</strong></span> <span class='ocrx_word' id='word_1_128' title='bbox 502 1425 700 1487; x_wconf 88' lang='lat' dir='ltr'><strong>efficientiam</strong></span> <span class='ocrx_word' id='word_1_129' title='bbox 723 1447 811 1492; x_wconf 87' lang='lat' dir='ltr'><strong>suam</strong></span> <span class='ocrx_word' id='word_1_130' title='bbox 869 1431 975 1506; x_wconf 81' lang='lat' dir='ltr'><strong>«lete,</strong></span> <span class='ocrx_word' id='word_1_131' title='bbox 992 1428 1123 1509; x_wconf 65' lang='lat' dir='ltr'><strong>inquit,</strong></span> <span class='ocrx_word' id='word_1_132' title='bbox 1151 1434 1180 1489; x_wconf 88' lang='lat' dir='ltr'><strong>et</strong></span> <span class='ocrx_word' id='word_1_133' title='bbox 1195 1445 1321 1488; x_wconf 90' lang='lat' dir='ltr'><strong>carnem</strong></span> <span class='ocrx_word' id='word_1_134' title='bbox 1346 1427 1469 1488; x_wconf 88' lang='lat' dir='ltr'><strong>Domini</strong></span> <span class='ocrx_word' id='word_1_135' title='bbox 1493 1445 1633 1504; x_wconf 89' lang='lat' dir='ltr'><strong>pronun·</strong></span> 
     </span>
     <span class='ocr_line' id='line_1_13' title="bbox 71 1515 1635 1600; baseline 0.002 -23"><span class='ocrx_word' id='word_1_136' title='bbox 71 1515 164 1581; x_wconf 77' lang='lat' dir='ltr'><strong>adut</strong></span> <span class='ocrx_word' id='word_1_137' title='bbox 178 1536 185 1577; x_wconf 75' lang='grc' dir='ltr'><strong><em>ε</em></strong></span> <span class='ocrx_word' id='word_1_138' title='bbox 199 1517 341 1579; x_wconf 85' lang='lat' dir='ltr'><strong>Verbum</strong></span> <span class='ocrx_word' id='word_1_139' title='bbox 361 1523 477 1592; x_wconf 82' lang='lat' dir='ltr'><strong>eutem,</strong></span> <span class='ocrx_word' id='word_1_140' title='bbox 492 1536 557 1579; x_wconf 92' lang='lat' dir='ltr'><strong>non</strong></span> <span class='ocrx_word' id='word_1_141' title='bbox 576 1518 611 1578; x_wconf 88' lang='lat' dir='ltr'><strong>in</strong></span> <span class='ocrx_word' id='word_1_142' title='bbox 623 1527 813 1600; x_wconf 90' lang='lat' dir='ltr'><strong>assumptam</strong></span> <span class='ocrx_word' id='word_1_143' title='bbox 864 1522 951 1582; x_wconf 82' lang='lat' dir='ltr'><strong>tiuvit</strong></span> <span class='ocrx_word' id='word_1_144' title='bbox 973 1521 1052 1581; x_wconf 92' lang='lat' dir='ltr'><strong>nihil</strong></span> <span class='ocrx_word' id='word_1_145' title='bbox 1075 1521 1203 1581; x_wconf 92' lang='lat' dir='ltr'><strong>omnino</strong></span> <span class='ocrx_word' id='word_1_146' title='bbox 1221 1520 1375 1598; x_wconf 74' lang='lat' dir='ltr'><strong>prodesse,</strong></span> <span class='ocrx_word' id='word_1_147' title='bbox 1404 1518 1555 1597; x_wconf 88' lang='lat' dir='ltr'><strong>dissipans</strong></span> <span class='ocrx_word' id='word_1_148' title='bbox 1577 1520 1635 1580; x_wconf 89' lang='lat' dir='ltr'><strong>Do·</strong></span> 
     </span>
     <span class='ocr_line' id='line_1_14' title="bbox 71 1608 1634 1692; baseline 0.002 -23"><span class='ocrx_word' id='word_1_149' title='bbox 71 1608 486 1689; x_wconf 80' lang='lat' dir='ltr'><strong>carnempropriumbonum,</strong></span> <span class='ocrx_word' id='word_1_150' title='bbox 503 1609 562 1671; x_wconf 91' lang='lat' dir='ltr'><strong>hoc</strong></span> <span class='ocrx_word' id='word_1_151' title='bbox 576 1616 621 1670; x_wconf 89' lang='lat' dir='ltr'><strong>est</strong></span> <span class='ocrx_word' id='word_1_152' title='bbox 638 1612 735 1673; x_wconf 87' lang='lat' dir='ltr'><strong>vitam</strong></span> <span class='ocrx_word' id='word_1_153' title='bbox 753 1614 811 1675; x_wconf 84' lang='lat' dir='ltr'><strong>dii·</strong></span> <span class='ocrx_word' id='word_1_154' title='bbox 865 1615 941 1675; x_wconf 87' lang='lat' dir='ltr'><strong>mini</strong></span> <span class='ocrx_word' id='word_1_155' title='bbox 957 1630 1078 1687; x_wconf 85' lang='lat' dir='ltr'><strong>vocem,</strong></span> <span class='ocrx_word' id='word_1_156' title='bbox 1112 1631 1183 1692; x_wconf 88' lang='lat' dir='ltr'><strong>quae</strong></span> <span class='ocrx_word' id='word_1_157' title='bbox 1211 1618 1276 1688; x_wconf 86' lang='lat' dir='ltr'><strong>est,</strong></span> <span class='ocrx_word' id='word_1_158' title='bbox 1313 1610 1389 1673; x_wconf 83' lang='lat' dir='ltr'><strong>Caro</strong></span> <span class='ocrx_word' id='word_1_159' title='bbox 1423 1628 1479 1670; x_wconf 81' lang='lat' dir='ltr'><strong>aaa</strong></span> <span class='ocrx_word' id='word_1_160' title='bbox 1510 1609 1634 1686; x_wconf 81' lang='lat' dir='ltr'><strong>prodest</strong></span> 
     </span>
     <span class='ocr_line' id='line_1_15' title="bbox 71 1698 1634 1787; baseline 0.002 -27"><span class='ocrx_word' id='word_1_161' title='bbox 71 1698 186 1762; x_wconf 82' lang='lat' dir='ltr'><strong>laudere.</strong></span> <span class='ocrx_word' id='word_1_162' title='bbox 209 1700 286 1761; x_wconf 85' lang='lat' dir='ltr'><strong>Vide</strong></span> <span class='ocrx_word' id='word_1_163' title='bbox 311 1701 384 1761; x_wconf 85' lang='lat' dir='ltr'><strong>libri</strong></span> <span class='ocrx_word' id='word_1_164' title='bbox 410 1702 510 1762; x_wconf 85' lang='lat' dir='ltr'><strong>octavi</strong></span> <span class='ocrx_word' id='word_1_165' title='bbox 531 1702 699 1781; x_wconf 88' lang='lat' dir='ltr'><strong>superioris</strong></span> <span class='ocrx_word' id='word_1_166' title='bbox 721 1721 813 1784; x_wconf 83' lang='lat' dir='ltr'><strong>caput</strong></span> <span class='ocrx_word' id='word_1_167' title='bbox 864 1704 1079 1787; x_wconf 52' lang='lat' dir='ltr'><strong>quisquamne</strong></span> <span class='ocrx_word' id='word_1_168' title='bbox 1094 1704 1184 1770; x_wconf 85' lang='lat' dir='ltr'><strong>Quod</strong></span> <span class='ocrx_word' id='word_1_169' title='bbox 1198 1704 1572 1782; x_wconf 83' lang='lat' dir='ltr'><strong>etlangeantea,vetercs</strong></span> <span class='ocrx_word' id='word_1_170' title='bbox 1589 1703 1634 1763; x_wconf 91' lang='lat' dir='ltr'><strong>illi</strong></span> 
     </span>
     <span class='ocr_line' id='line_1_16' title="bbox 71 1792 1633 1875; baseline 0.001 -22"><span class='ocrx_word' id='word_1_171' title='bbox 71 1792 210 1866; x_wconf 77' lang='lat' dir='ltr'><strong>dmimum,</strong></span> <span class='ocrx_word' id='word_1_172' title='bbox 231 1799 263 1854; x_wconf 89' lang='lat' dir='ltr'><strong>et</strong></span> <span class='ocrx_word' id='word_1_173' title='bbox 283 1794 456 1873; x_wconf 80' lang='lat' dir='ltr'><strong>sequentia,</strong></span> <span class='ocrx_word' id='word_1_174' title='bbox 486 1793 540 1854; x_wconf 92' lang='lat' dir='ltr'><strong>ubi</strong></span> <span class='ocrx_word' id='word_1_175' title='bbox 566 1794 605 1855; x_wconf 87' lang='lat' dir='ltr'><strong>de</strong></span> <span class='ocrx_word' id='word_1_176' title='bbox 633 1795 812 1859; x_wconf 82' lang='lat' dir='ltr'><strong>theandrica</strong></span> <span class='ocrx_word' id='word_1_177' title='bbox 863 1798 1012 1873; x_wconf 83' lang='lat' dir='ltr'><strong>haeretiei,</strong></span> <span class='ocrx_word' id='word_1_178' title='bbox 1044 1796 1100 1875; x_wconf 92' lang='lat' dir='ltr'><strong>qui</strong></span> <span class='ocrx_word' id='word_1_179' title='bbox 1126 1796 1385 1856; x_wconf 86' lang='lat' dir='ltr'><strong>resurrectionem</strong></span> <span class='ocrx_word' id='word_1_180' title='bbox 1412 1794 1514 1854; x_wconf 87' lang='lat' dir='ltr'><strong>carnis</strong></span> <span class='ocrx_word' id='word_1_181' title='bbox 1541 1811 1633 1871; x_wconf 80' lang='lat' dir='ltr'><strong>nega-</strong></span> 
     </span>
     <span class='ocr_line' id='line_1_17' title="bbox 71 1884 1633 1965; baseline 0.002 -21"><span class='ocrx_word' id='word_1_182' title='bbox 71 1885 221 1962; x_wconf 85' lang='lat' dir='ltr'><strong>operatione</strong></span> <span class='ocrx_word' id='word_1_183' title='bbox 242 1885 436 1955; x_wconf 85' lang='lat' dir='ltr'><strong>disserimus,</strong></span> <span class='ocrx_word' id='word_1_184' title='bbox 451 1891 544 1964; x_wconf 87' lang='lat' dir='ltr'><strong>atque</strong></span> <span class='ocrx_word' id='word_1_185' title='bbox 562 1886 644 1947; x_wconf 91' lang='lat' dir='ltr'><strong>idem</strong></span> <span class='ocrx_word' id='word_1_186' title='bbox 667 1888 757 1965; x_wconf 78' lang='lat' dir='ltr'><strong>ignis,</strong></span> <span class='ocrx_word' id='word_1_187' title='bbox 781 1898 813 1953; x_wconf 86' lang='lat' dir='ltr'><strong>et</strong></span> <span class='ocrx_word' id='word_1_188' title='bbox 863 1889 950 1961; x_wconf 87' lang='lat' dir='ltr'><strong>bant,</strong></span> <span class='ocrx_word' id='word_1_189' title='bbox 973 1893 1082 1949; x_wconf 83' lang='lat' dir='ltr'><strong>oontm</strong></span> <span class='ocrx_word' id='word_1_190' title='bbox 1102 1887 1274 1948; x_wconf 84' lang='lat' dir='ltr'><strong>Catholicae</strong></span> <span class='ocrx_word' id='word_1_191' title='bbox 1298 1884 1505 1957; x_wconf 77' lang='lat' dir='ltr'><strong>intentabant,</strong></span> <span class='ocrx_word' id='word_1_192' title='bbox 1532 1892 1567 1945; x_wconf 89' lang='lat' dir='ltr'><strong>ut</strong></span> <span class='ocrx_word' id='word_1_193' title='bbox 1594 1905 1633 1947; x_wconf 80' lang='lat' dir='ltr'><strong>ex</strong></span> 
     </span>
     <span class='ocr_line' id='line_1_18' title="bbox 71 1975 1631 2058; baseline 0.003 -23"><span class='ocrx_word' id='word_1_194' title='bbox 71 1975 128 2036; x_wconf 88' lang='lat' dir='ltr'><strong>lerri</strong></span> <span class='ocrx_word' id='word_1_195' title='bbox 138 1977 289 2038; x_wconf 82' lang='lat' dir='ltr'><strong>candentis</strong></span> <span class='ocrx_word' id='word_1_196' title='bbox 305 1978 483 2055; x_wconf 83' lang='lat' dir='ltr'><strong>exemplum</strong></span> <span class='ocrx_word' id='word_1_197' title='bbox 494 1978 687 2041; x_wconf 88' lang='lat' dir='ltr'><strong>adducimus.</strong></span> <span class='ocrx_word' id='word_1_198' title='bbox 864 1981 1054 2042; x_wconf 84' lang='lat' dir='ltr'><strong>Tertulliano</strong></span> <span class='ocrx_word' id='word_1_199' title='bbox 1075 1980 1232 2058; x_wconf 76' lang='lat' dir='ltr'><strong>colligitur</strong></span> <span class='ocrx_word' id='word_1_200' title='bbox 1255 1979 1288 2039; x_wconf 91' lang='lat' dir='ltr'><strong>in</strong></span> <span class='ocrx_word' id='word_1_201' title='bbox 1308 1978 1390 2039; x_wconf 90' lang='lat' dir='ltr'><strong>libro</strong></span> <span class='ocrx_word' id='word_1_202' title='bbox 1412 1976 1448 2038; x_wconf 83' lang='lat' dir='ltr'><strong>da</strong></span> <span class='ocrx_word' id='word_1_203' title='bbox 1476 1976 1631 2039; x_wconf 67' lang='lat' dir='ltr'><strong>desumer-</strong></span> 
     </span>
     <span class='ocr_line' id='line_1_19' title="bbox 101 2068 1632 2150; baseline 0.003 -23"><span class='ocrx_word' id='word_1_204' title='bbox 101 2068 142 2127; x_wconf 92' lang='lat' dir='ltr'><strong>lV.</strong></span> <span class='ocrx_word' id='word_1_205' title='bbox 162 2069 210 2131; x_wconf 87' lang='lat' dir='ltr'><strong>Sic</strong></span> <span class='ocrx_word' id='word_1_206' title='bbox 241 2069 319 2131; x_wconf 90' lang='lat' dir='ltr'><strong>illud</strong></span> <span class='ocrx_word' id='word_1_207' title='bbox 355 2071 469 2144; x_wconf 89' lang='lat' dir='ltr'><strong>etiam,</strong></span> <span class='ocrx_word' id='word_1_208' title='bbox 505 2070 588 2149; x_wconf 90' lang='lat' dir='ltr'><strong>quod</strong></span> <span class='ocrx_word' id='word_1_209' title='bbox 624 2090 642 2131; x_wconf 91' lang='lat' dir='ltr'><strong>a</strong></span> <span class='ocrx_word' id='word_1_210' title='bbox 675 2073 811 2135; x_wconf 88' lang='lat' dir='ltr'><strong>Maximo</strong></span> <span class='ocrx_word' id='word_1_211' title='bbox 864 2075 941 2134; x_wconf 83' lang='lat' dir='ltr'><strong>tione</strong></span> <span class='ocrx_word' id='word_1_212' title='bbox 957 2069 1096 2146; x_wconf 71' lang='lat' dir='ltr'><strong>camis‘3</strong></span> <span class='ocrx_word' id='word_1_213' title='bbox 1118 2078 1150 2133; x_wconf 91' lang='lat' dir='ltr'><strong>et</strong></span> <span class='ocrx_word' id='word_1_214' title='bbox 1174 2071 1330 2150; x_wconf 86' lang='lat' dir='ltr'><strong>hodieque</strong></span> <span class='ocrx_word' id='word_1_215' title='bbox 1351 2076 1460 2130; x_wconf 86' lang='lat' dir='ltr'><strong>contra</strong></span> <span class='ocrx_word' id='word_1_216' title='bbox 1486 2087 1544 2129; x_wconf 94' lang='lat' dir='ltr'><strong>nos</strong></span> <span class='ocrx_word' id='word_1_217' title='bbox 1570 2071 1632 2131; x_wconf 91' lang='lat' dir='ltr'><strong>telo</strong></span> 
     </span>
     <span class='ocr_line' id='line_1_20' title="bbox 71 2160 1633 2243; baseline 0.003 -24"><span class='ocrx_word' id='word_1_218' title='bbox 71 2160 185 2238; x_wconf 82' lang='lat' dir='ltr'><strong>proxime</strong></span> <span class='ocrx_word' id='word_1_219' title='bbox 205 2166 250 2222; x_wconf 88' lang='lat' dir='ltr'><strong>est</strong></span> <span class='ocrx_word' id='word_1_220' title='bbox 273 2161 419 2237; x_wconf 89' lang='lat' dir='ltr'><strong>allatum,</strong></span> <span class='ocrx_word' id='word_1_221' title='bbox 439 2161 601 2223; x_wconf 87' lang='lat' dir='ltr'><strong>confirmat</strong></span> <span class='ocrx_word' id='word_1_222' title='bbox 624 2165 758 2242; x_wconf 79' lang='lat' dir='ltr'><strong>cyrillus</strong></span> <span class='ocrx_word' id='word_1_223' title='bbox 778 2167 811 2226; x_wconf 89' lang='lat' dir='ltr'><strong>in</strong></span> <span class='ocrx_word' id='word_1_224' title='bbox 864 2166 974 2227; x_wconf 89' lang='lat' dir='ltr'><strong>eodem</strong></span> <span class='ocrx_word' id='word_1_225' title='bbox 987 2170 1150 2224; x_wconf 90' lang='lat' dir='ltr'><strong>armantur</strong></span> <span class='ocrx_word' id='word_1_226' title='bbox 1163 2163 1565 2238; x_wconf 78' lang='lat' dir='ltr'><strong>haereticiSacramcntarii3</strong></span> <span class='ocrx_word' id='word_1_227' title='bbox 1580 2163 1633 2243; x_wconf 91' lang='lat' dir='ltr'><strong>qui</strong></span> 
     </span>
     <span class='ocr_line' id='line_1_21' title="bbox 71 2254 1633 2329; baseline 0.001 -16"><span class='ocrx_word' id='word_1_228' title='bbox 71 2258 160 2329; x_wconf 84' lang='lat' dir='ltr'><strong>quarto</strong></span> <span class='ocrx_word' id='word_1_229' title='bbox 181 2254 482 2317; x_wconf 85' lang='lat' dir='ltr'><strong>Commentariorum</strong></span> <span class='ocrx_word' id='word_1_230' title='bbox 507 2254 537 2315; x_wconf 83' lang='lat' dir='ltr'><strong>ia</strong></span> <span class='ocrx_word' id='word_1_231' title='bbox 561 2254 703 2317; x_wconf 75' lang='lat' dir='ltr'><strong>ioannem</strong></span> <span class='ocrx_word' id='word_1_232' title='bbox 722 2276 734 2319; x_wconf 89' lang='lat'><strong>.·</strong></span> <span class='ocrx_word' id='word_1_233' title='bbox 747 2258 812 2318; x_wconf 90' lang='lat' dir='ltr'><strong>imo</strong></span> <span class='ocrx_word' id='word_1_234' title='bbox 864 2258 950 2318; x_wconf 88' lang='lat' dir='ltr'><strong>carni</strong></span> <span class='ocrx_word' id='word_1_235' title='bbox 965 2256 1075 2317; x_wconf 86' lang='lat' dir='ltr'><strong>Christi</strong></span> <span class='ocrx_word' id='word_1_236' title='bbox 1090 2261 1126 2315; x_wconf 89' lang='lat' dir='ltr'><strong>ut</strong></span> <span class='ocrx_word' id='word_1_237' title='bbox 1144 2273 1261 2327; x_wconf 87' lang='lat' dir='ltr'><strong>veram,</strong></span> <span class='ocrx_word' id='word_1_238' title='bbox 1282 2274 1319 2316; x_wconf 85' lang='lat' dir='ltr'><strong>aa</strong></span> <span class='ocrx_word' id='word_1_239' title='bbox 1341 2255 1457 2316; x_wconf 87' lang='lat' dir='ltr'><strong>realem</strong></span> <span class='ocrx_word' id='word_1_240' title='bbox 1476 2256 1510 2316; x_wconf 92' lang='lat' dir='ltr'><strong>in</strong></span> <span class='ocrx_word' id='word_1_241' title='bbox 1533 2273 1633 2315; x_wconf 88' lang='lat' dir='ltr'><strong>sacra·</strong></span> 
     </span>
     <span class='ocr_line' id='line_1_22' title="bbox 71 2343 1633 2427; baseline 0.003 -24"><span class='ocrx_word' id='word_1_242' title='bbox 71 2343 268 2408; x_wconf 77' lang='lat' dir='ltr'><strong>llanimilocus</strong></span> <span class='ocrx_word' id='word_1_243' title='bbox 287 2364 327 2407; x_wconf 87' lang='lat' dir='ltr'><strong>ex</strong></span> <span class='ocrx_word' id='word_1_244' title='bbox 346 2346 406 2406; x_wconf 90' lang='lat' dir='ltr'><strong>hoo</strong></span> <span class='ocrx_word' id='word_1_245' title='bbox 427 2346 536 2425; x_wconf 86' lang='lat' dir='ltr'><strong>Cyrilli</strong></span> <span class='ocrx_word' id='word_1_246' title='bbox 558 2364 638 2427; x_wconf 87' lang='lat' dir='ltr'><strong>pene</strong></span> <span class='ocrx_word' id='word_1_247' title='bbox 660 2348 812 2410; x_wconf 85' lang='lat' dir='ltr'><strong>verbatim</strong></span> <span class='ocrx_word' id='word_1_248' title='bbox 863 2353 970 2409; x_wconf 88' lang='lat' dir='ltr'><strong>mento</strong></span> <span class='ocrx_word' id='word_1_249' title='bbox 1005 2348 1109 2409; x_wconf 87' lang='lat' dir='ltr'><strong>altaris</strong></span> <span class='ocrx_word' id='word_1_250' title='bbox 1134 2347 1353 2425; x_wconf 66' lang='lat' dir='ltr'><strong>praesentiam</strong></span> <span class='ocrx_word' id='word_1_251' title='bbox 1383 2347 1426 2407; x_wconf 87' lang='lat' dir='ltr'><strong>sic</strong></span> <span class='ocrx_word' id='word_1_252' title='bbox 1462 2347 1496 2407; x_wconf 88' lang='lat' dir='ltr'><strong>iu</strong></span> <span class='ocrx_word' id='word_1_253' title='bbox 1523 2347 1633 2407; x_wconf 91' lang='lat' dir='ltr'><strong>eodem</strong></span> 
     </span>
     <span class='ocr_line' id='line_1_23' title="bbox 72 2435 1634 2519; baseline 0.004 -25"><span class='ocrx_word' id='word_1_254' title='bbox 72 2435 211 2517; x_wconf 89' lang='lat' dir='ltr'><strong>descriptus</strong></span> <span class='ocrx_word' id='word_1_255' title='bbox 231 2444 290 2509; x_wconf 87' lang='lat' dir='ltr'><strong>est,</strong></span> <span class='ocrx_word' id='word_1_256' title='bbox 306 2437 361 2498; x_wconf 93' lang='lat' dir='ltr'><strong>ubi</strong></span> <span class='ocrx_word' id='word_1_257' title='bbox 384 2437 537 2499; x_wconf 81' lang='lat' dir='ltr'><strong>Christum</strong></span> <span class='ocrx_word' id='word_1_258' title='bbox 564 2438 656 2500; x_wconf 87' lang='lat' dir='ltr'><strong>refert</strong></span> <span class='ocrx_word' id='word_1_259' title='bbox 675 2440 813 2502; x_wconf 90' lang='lat' dir='ltr'><strong>admira</strong></span> <span class='ocrx_word' id='word_1_260' title='bbox 863 2440 1016 2502; x_wconf 85' lang='lat' dir='ltr'><strong>vivificam</strong></span> <span class='ocrx_word' id='word_1_261' title='bbox 1037 2440 1102 2500; x_wconf 92' lang='lat' dir='ltr'><strong>vim</strong></span> <span class='ocrx_word' id='word_1_262' title='bbox 1130 2439 1284 2501; x_wconf 88' lang='lat' dir='ltr'><strong>adimunt.</strong></span> <span class='ocrx_word' id='word_1_263' title='bbox 1309 2440 1414 2519; x_wconf 89' lang='lat' dir='ltr'><strong>ltaque</strong></span> <span class='ocrx_word' id='word_1_264' title='bbox 1435 2439 1508 2499; x_wconf 89' lang='lat' dir='ltr'><strong>trita</strong></span> <span class='ocrx_word' id='word_1_265' title='bbox 1530 2445 1586 2511; x_wconf 87' lang='lat' dir='ltr'><strong>est,</strong></span> <span class='ocrx_word' id='word_1_266' title='bbox 1603 2446 1634 2500; x_wconf 88' lang='lat' dir='ltr'><strong>et</strong></span> 
     </span>
     <span class='ocr_line' id='line_1_24' title="bbox 72 2528 1631 2611; baseline 0.001 -22"><span class='ocrx_word' id='word_1_267' title='bbox 72 2546 144 2607; x_wconf 80' lang='lat' dir='ltr'><strong>opere</strong></span> <span class='ocrx_word' id='word_1_268' title='bbox 155 2528 300 2602; x_wconf 85' lang='lat' dir='ltr'><strong>iacienda,</strong></span> <span class='ocrx_word' id='word_1_269' title='bbox 315 2530 400 2591; x_wconf 89' lang='lat' dir='ltr'><strong>velut</strong></span> <span class='ocrx_word' id='word_1_270' title='bbox 419 2530 458 2590; x_wconf 87' lang='lat' dir='ltr'><strong>ad</strong></span> <span class='ocrx_word' id='word_1_271' title='bbox 472 2531 650 2591; x_wconf 81' lang='lat' dir='ltr'><strong>excitandos</strong></span> <span class='ocrx_word' id='word_1_272' title='bbox 664 2532 704 2592; x_wconf 89' lang='lat' dir='ltr'><strong>ad</strong></span> <span class='ocrx_word' id='word_1_273' title='bbox 716 2533 813 2592; x_wconf 86' lang='lat' dir='ltr'><strong>vitam</strong></span> <span class='ocrx_word' id='word_1_274' title='bbox 864 2532 1003 2593; x_wconf 86' lang='lat' dir='ltr'><strong>obsoleta</strong></span> <span class='ocrx_word' id='word_1_275' title='bbox 1020 2533 1087 2593; x_wconf 82' lang='lat' dir='ltr'><strong>haee</strong></span> <span class='ocrx_word' id='word_1_276' title='bbox 1116 2532 1359 2609; x_wconf 79' lang='lat' dir='ltr'><strong>argumentatio,</strong></span> <span class='ocrx_word' id='word_1_277' title='bbox 1386 2550 1483 2610; x_wconf 90' lang='lat' dir='ltr'><strong>quam</strong></span> <span class='ocrx_word' id='word_1_278' title='bbox 1496 2532 1631 2611; x_wconf 86' lang='lat' dir='ltr'><strong>utrique,</strong></span> 
     </span>
     <span class='ocr_line' id='line_1_25' title="bbox 73 2621 1634 2703; baseline 0.004 -24"><span class='ocrx_word' id='word_1_279' title='bbox 73 2626 194 2698; x_wconf 75' lang='lat' dir='ltr'><strong>nonnos,</strong></span> <span class='ocrx_word' id='word_1_280' title='bbox 212 2622 320 2683; x_wconf 85' lang='lat' dir='ltr'><strong>atalia</strong></span> <span class='ocrx_word' id='word_1_281' title='bbox 342 2621 506 2701; x_wconf 89' lang='lat' dir='ltr'><strong>ejusmodi,</strong></span> <span class='ocrx_word' id='word_1_282' title='bbox 528 2639 665 2699; x_wconf 88' lang='lat' dir='ltr'><strong>carnem,</strong></span> <span class='ocrx_word' id='word_1_283' title='bbox 686 2624 813 2703; x_wconf 85' lang='lat' dir='ltr'><strong>ejusque</strong></span> <span class='ocrx_word' id='word_1_284' title='bbox 864 2631 983 2685; x_wconf 88' lang='lat' dir='ltr'><strong>veteres</strong></span> <span class='ocrx_word' id='word_1_285' title='bbox 1010 2625 1145 2698; x_wconf 84' lang='lat' dir='ltr'><strong>scilieet,</strong></span> <span class='ocrx_word' id='word_1_286' title='bbox 1175 2629 1205 2684; x_wconf 90' lang='lat' dir='ltr'><strong>et</strong></span> <span class='ocrx_word' id='word_1_287' title='bbox 1240 2623 1312 2685; x_wconf 90' lang='lat' dir='ltr'><strong>novi</strong></span> <span class='ocrx_word' id='word_1_288' title='bbox 1340 2623 1498 2684; x_wconf 74' lang='lat' dir='ltr'><strong>catholicae</strong></span> <span class='ocrx_word' id='word_1_289' title='bbox 1530 2623 1634 2685; x_wconf 86' lang='lat' dir='ltr'><strong>hostes</strong></span> 
     </span>
     <span class='ocr_line' id='line_1_26' title="bbox 72 2713 1634 2792; baseline 0.003 -20"><span class='ocrx_word' id='word_1_290' title='bbox 72 2713 481 2790; x_wconf 74' lang='lat' dir='ltr'><strong>tenuatumeteffieientiam</strong></span> <span class='ocrx_word' id='word_1_291' title='bbox 494 2715 814 2791; x_wconf 83' lang='lat' dir='ltr'><strong>accommodasse,aut</strong></span> <span class='ocrx_word' id='word_1_292' title='bbox 865 2717 948 2792; x_wconf 85' lang='lat' dir='ltr'><strong>fidei,</strong></span> <span class='ocrx_word' id='word_1_293' title='bbox 975 2734 1014 2777; x_wconf 85' lang='lat' dir='ltr'><strong>ex</strong></span> <span class='ocrx_word' id='word_1_294' title='bbox 1047 2716 1107 2779; x_wconf 92' lang='lat' dir='ltr'><strong>illis</strong></span> <span class='ocrx_word' id='word_1_295' title='bbox 1132 2714 1247 2776; x_wconf 85' lang='lat' dir='ltr'><strong>Christi</strong></span> <span class='ocrx_word' id='word_1_296' title='bbox 1274 2715 1375 2776; x_wconf 88' lang='lat' dir='ltr'><strong>verbis</strong></span> <span class='ocrx_word' id='word_1_297' title='bbox 1397 2716 1567 2775; x_wconf 87' lang='lat' dir='ltr'><strong>instruunt.</strong></span> <span class='ocrx_word' id='word_1_298' title='bbox 1596 2716 1634 2777; x_wconf 85' lang='lat' dir='ltr'><strong>Et</strong></span> 
     </span>
     <span class='ocr_line' id='line_1_27' title="bbox 73 2806 1633 2886; baseline 0.001 -21"><span class='ocrx_word' id='word_1_299' title='bbox 73 2806 417 2886; x_wconf 60' lang='lat' dir='ltr'><strong>montemepssulanum</strong></span> <span class='ocrx_word' id='word_1_300' title='bbox 432 2807 529 2886; x_wconf 90' lang='lat' dir='ltr'><strong>ipsam</strong></span> <span class='ocrx_word' id='word_1_301' title='bbox 542 2807 693 2885; x_wconf 88' lang='lat' dir='ltr'><strong>impertiri</strong></span> <span class='ocrx_word' id='word_1_302' title='bbox 703 2809 810 2882; x_wconf 88' lang='lat' dir='ltr'><strong>vitam,</strong></span> <span class='ocrx_word' id='word_1_303' title='bbox 864 2809 1011 2870; x_wconf 87' lang='lat' dir='ltr'><strong>adversus</strong></span> <span class='ocrx_word' id='word_1_304' title='bbox 1024 2808 1105 2871; x_wconf 89' lang='lat' dir='ltr'><strong>hano</strong></span> <span class='ocrx_word' id='word_1_305' title='bbox 1117 2806 1280 2886; x_wconf 85' lang='lat' dir='ltr'><strong>multiplex</strong></span> <span class='ocrx_word' id='word_1_306' title='bbox 1287 2813 1464 2884; x_wconf 89' lang='lat' dir='ltr'><strong>comparata</strong></span> <span class='ocrx_word' id='word_1_307' title='bbox 1474 2808 1633 2885; x_wconf 86' lang='lat' dir='ltr'><strong>responsio</strong></span> 
     </span>
     <span class='ocr_line' id='line_1_28' title="bbox 73 2899 1634 2979; baseline 0.003 -24"><span class='ocrx_word' id='word_1_308' title='bbox 73 2903 238 2977; x_wconf 76' lang='lat' dir='ltr'><strong>achnquam</strong></span> <span class='ocrx_word' id='word_1_309' title='bbox 251 2916 355 2960; x_wconf 87' lang='lat' dir='ltr'><strong>unum</strong></span> <span class='ocrx_word' id='word_1_310' title='bbox 373 2899 490 2978; x_wconf 89' lang='lat' dir='ltr'><strong>aliquid</strong></span> <span class='ocrx_word' id='word_1_311' title='bbox 504 2899 644 2959; x_wconf 86' lang='lat' dir='ltr'><strong>effectam</strong></span> <span class='ocrx_word' id='word_1_312' title='bbox 662 2917 727 2960; x_wconf 80' lang='lat' dir='ltr'><strong>esse</strong></span> <span class='ocrx_word' id='word_1_313' title='bbox 741 2918 813 2961; x_wconf 88' lang='lat' dir='ltr'><strong>cum</strong></span> <span class='ocrx_word' id='word_1_314' title='bbox 865 2906 921 2971; x_wconf 90' lang='lat' dir='ltr'><strong>cst,</strong></span> <span class='ocrx_word' id='word_1_315' title='bbox 932 2917 970 2960; x_wconf 85' lang='lat' dir='ltr'><strong>ex</strong></span> <span class='ocrx_word' id='word_1_316' title='bbox 984 2901 1182 2978; x_wconf 88' lang='lat' dir='ltr'><strong>antiquorum</strong></span> <span class='ocrx_word' id='word_1_317' title='bbox 1197 2900 1325 2959; x_wconf 84' lang='lat' dir='ltr'><strong>Petrum</strong></span> <span class='ocrx_word' id='word_1_318' title='bbox 1347 2899 1500 2978; x_wconf 89' lang='lat' dir='ltr'><strong>responsis</strong></span> <span class='ocrx_word' id='word_1_319' title='bbox 1521 2917 1557 2960; x_wconf 91' lang='lat' dir='ltr'><strong>ac</strong></span> <span class='ocrx_word' id='word_1_320' title='bbox 1569 2900 1634 2979; x_wconf 89' lang='lat' dir='ltr'><strong>plu-</strong></span> 
     </span>
     <span class='ocr_line' id='line_1_29' title="bbox 73 2987 1633 3071; baseline 0.003 -24"><span class='ocrx_word' id='word_1_321' title='bbox 73 2987 171 3064; x_wconf 60' lang='lat' dir='ltr'><strong>ipset»</strong></span> <span class='ocrx_word' id='word_1_322' title='bbox 186 2992 291 3070; x_wconf 89' lang='lat' dir='ltr'><strong>Neque</strong></span> <span class='ocrx_word' id='word_1_323' title='bbox 308 2990 479 3070; x_wconf 88' lang='lat' dir='ltr'><strong>veroquod</strong></span> <span class='ocrx_word' id='word_1_324' title='bbox 493 3000 519 3053; x_wconf 81' lang='lat' dir='ltr'><strong>tv</strong></span> <span class='ocrx_word' id='word_1_325' title='bbox 533 2991 565 3051; x_wconf 96' lang='lat' dir='ltr'><strong>id</strong></span> <span class='ocrx_word' id='word_1_326' title='bbox 581 2997 627 3052; x_wconf 88' lang='lat' dir='ltr'><strong>ast</strong></span> <span class='ocrx_word' id='word_1_327' title='bbox 641 3010 732 3052; x_wconf 82' lang='lat' dir='ltr'><strong>uuum</strong></span> <span class='ocrx_word' id='word_1_328' title='bbox 745 3010 812 3053; x_wconf 86' lang='lat' dir='ltr'><strong>cum</strong></span> <span class='ocrx_word' id='word_1_329' title='bbox 863 2993 943 3063; x_wconf 87' lang='lat' dir='ltr'><strong>uitis,</strong></span> <span class='ocrx_word' id='word_1_330' title='bbox 972 3011 1042 3071; x_wconf 88' lang='lat' dir='ltr'><strong>quae</strong></span> <span class='ocrx_word' id='word_1_331' title='bbox 1070 2993 1167 3052; x_wconf 90' lang='lat' dir='ltr'><strong>aciem</strong></span> <span class='ocrx_word' id='word_1_332' title='bbox 1193 3008 1320 3051; x_wconf 88' lang='lat' dir='ltr'><strong>omnem</strong></span> <span class='ocrx_word' id='word_1_333' title='bbox 1348 2990 1522 3070; x_wconf 77' lang='lat' dir='ltr'><strong>sophistica</strong></span> <span class='ocrx_word' id='word_1_334' title='bbox 1551 2991 1633 3053; x_wconf 88' lang='lat' dir='ltr'><strong>illius</strong></span> 
     </span>
     <span class='ocr_line' id='line_1_30' title="bbox 78 3076 1258 3162; baseline 0.003 -24"><span class='ocrx_word' id='word_1_335' title='bbox 78 3076 143 3141; x_wconf 82' lang='lat' dir='ltr'><strong>Verbo</strong></span> <span class='ocrx_word' id='word_1_336' title='bbox 159 3082 266 3144; x_wconf 78' lang='lat' dir='ltr'><strong>butam</strong></span> <span class='ocrx_word' id='word_1_337' title='bbox 286 3101 355 3144; x_wconf 85' lang='lat' dir='ltr'><strong>csse</strong></span> <span class='ocrx_word' id='word_1_338' title='bbox 376 3101 503 3145; x_wconf 78' lang='lat' dir='ltr'><strong>canuam</strong></span> <span class='ocrx_word' id='word_1_339' title='bbox 522 3083 654 3162; x_wconf 85' lang='lat' dir='ltr'><strong>Cyrillus</strong></span> <span class='ocrx_word' id='word_1_340' title='bbox 667 3084 721 3155; x_wconf 90' lang='lat' dir='ltr'><strong>ait,</strong></span> <span class='ocrx_word' id='word_1_341' title='bbox 738 3084 812 3146; x_wconf 87' lang='lat' dir='ltr'><strong>inde</strong></span> <span class='ocrx_word' id='word_1_342' title='bbox 863 3084 1065 3145; x_wconf 85' lang='lat' dir='ltr'><strong>cavillationis</strong></span> <span class='ocrx_word' id='word_1_343' title='bbox 1074 3082 1258 3144; x_wconf 87' lang='lat' dir='ltr'><strong>retundunt.</strong></span> 
     </span>
     <span class='ocr_line' id='line_1_31' title="bbox 71 3174 1634 3256; baseline 0.003 -23"><span class='ocrx_word' id='word_1_344' title='bbox 71 3174 275 3237; x_wconf 71' lang='lat' dir='ltr'><strong>calumniandus</strong></span> <span class='ocrx_word' id='word_1_345' title='bbox 290 3181 348 3251; x_wconf 87' lang='lat' dir='ltr'><strong>est,</strong></span> <span class='ocrx_word' id='word_1_346' title='bbox 363 3175 449 3255; x_wconf 90' lang='lat' dir='ltr'><strong>quasi</strong></span> <span class='ocrx_word' id='word_1_347' title='bbox 467 3175 653 3255; x_wconf 76' lang='lat' dir='ltr'><strong>Apollinaris</strong></span> <span class='ocrx_word' id='word_1_348' title='bbox 673 3175 812 3237; x_wconf 90' lang='lat' dir='ltr'><strong>imbutus</strong></span> <span class='ocrx_word' id='word_1_349' title='bbox 904 3177 1040 3256; x_wconf 82' lang='lat' dir='ltr'><strong>Cyrillus</strong></span> <span class='ocrx_word' id='word_1_350' title='bbox 1054 3174 1208 3254; x_wconf 89' lang='lat' dir='ltr'><strong>imprimis</strong></span> <span class='ocrx_word' id='word_1_351' title='bbox 1223 3174 1305 3235; x_wconf 89' lang='lat' dir='ltr'><strong>libro</strong></span> <span class='ocrx_word' id='word_1_352' title='bbox 1318 3174 1485 3236; x_wconf 88' lang='lat' dir='ltr'><strong>undecimo</strong></span> <span class='ocrx_word' id='word_1_353' title='bbox 1499 3180 1532 3237; x_wconf 80' lang='lat' dir='ltr'><strong>in</strong></span> <span class='ocrx_word' id='word_1_354' title='bbox 1545 3177 1634 3238; x_wconf 81' lang='lat' dir='ltr'><strong>Joca-</strong></span> 
     </span>
     <span class='ocr_line' id='line_1_32' title="bbox 72 3262 1630 3348; baseline 0.001 -21"><span class='ocrx_word' id='word_1_355' title='bbox 72 3262 167 3339; x_wconf 72' lang='lat' dir='ltr'><strong>hum,</strong></span> <span class='ocrx_word' id='word_1_356' title='bbox 180 3269 323 3329; x_wconf 83' lang='lat' dir='ltr'><strong>munem</strong></span> <span class='ocrx_word' id='word_1_357' title='bbox 345 3266 485 3328; x_wconf 82' lang='lat' dir='ltr'><strong>confusas</strong></span> <span class='ocrx_word' id='word_1_358' title='bbox 506 3285 570 3328; x_wconf 90' lang='lat' dir='ltr'><strong>esse</strong></span> <span class='ocrx_word' id='word_1_359' title='bbox 591 3272 718 3328; x_wconf 89' lang='lat' dir='ltr'><strong>naturas</strong></span> <span class='ocrx_word' id='word_1_360' title='bbox 735 3269 812 3335; x_wconf 90' lang='lat' dir='ltr'><strong>duas</strong></span> <span class='ocrx_word' id='word_1_361' title='bbox 863 3288 939 3337; x_wconf 81' lang='lat' dir='ltr'><strong>nem,</strong></span> <span class='ocrx_word' id='word_1_362' title='bbox 956 3268 1011 3329; x_wconf 91' lang='lat' dir='ltr'><strong>illa</strong></span> <span class='ocrx_word' id='word_1_363' title='bbox 1032 3268 1127 3329; x_wconf 85' lang='lat' dir='ltr'><strong>verba</strong></span> <span class='ocrx_word' id='word_1_364' title='bbox 1148 3267 1282 3327; x_wconf 86' lang='lat' dir='ltr'><strong>declarat</strong></span> <span class='ocrx_word' id='word_1_365' title='bbox 1308 3267 1404 3329; x_wconf 79' lang='lat' dir='ltr'><strong>siat«</strong></span> <span class='ocrx_word' id='word_1_366' title='bbox 1427 3269 1493 3337; x_wconf 89' lang='lat' dir='ltr'><strong>Hic,</strong></span> <span class='ocrx_word' id='word_1_367' title='bbox 1516 3268 1630 3348; x_wconf 90' lang='lat' dir='ltr'><strong>inquit,</strong></span> 
     </span>
     <span class='ocr_line' id='line_1_33' title="bbox 72 3359 1633 3440; baseline 0.002 -20"><span class='ocrx_word' id='word_1_368' title='bbox 72 3359 284 3421; x_wconf 75' lang='lat' dir='ltr'><strong>existimaverit:</strong></span> <span class='ocrx_word' id='word_1_369' title='bbox 315 3365 350 3420; x_wconf 86' lang='lat' dir='ltr'><strong>ut</strong></span> <span class='ocrx_word' id='word_1_370' title='bbox 363 3359 548 3438; x_wconf 76' lang='lat' dir='ltr'><strong>Anonymus</strong></span> <span class='ocrx_word' id='word_1_371' title='bbox 567 3359 717 3438; x_wconf 88' lang='lat' dir='ltr'><strong>impostor</strong></span> <span class='ocrx_word' id='word_1_372' title='bbox 730 3361 811 3422; x_wconf 90' lang='lat' dir='ltr'><strong>libro</strong></span> <span class='ocrx_word' id='word_1_373' title='bbox 864 3361 1008 3440; x_wconf 87' lang='lat' dir='ltr'><strong>prodesse</strong></span> <span class='ocrx_word' id='word_1_374' title='bbox 1023 3360 1331 3439; x_wconf 87' lang='lat' dir='ltr'><strong>uibilposseoarnem</strong></span> <span class='ocrx_word' id='word_1_375' title='bbox 1347 3359 1466 3435; x_wconf 87' lang='lat' dir='ltr'><strong>asserit,</strong></span> <span class='ocrx_word' id='word_1_376' title='bbox 1475 3363 1633 3440; x_wconf 90' lang='lat' dir='ltr'><strong>nempead</strong></span> 
     </span>
     <span class='ocr_line' id='line_1_34' title="bbox 72 3449 1633 3532; baseline 0.004 -25"><span class='ocrx_word' id='word_1_377' title='bbox 72 3449 167 3511; x_wconf 88' lang='lat' dir='ltr'><strong>anobis</strong></span> <span class='ocrx_word' id='word_1_378' title='bbox 178 3458 259 3513; x_wconf 86' lang='lat' dir='ltr'><strong>sexto</strong></span> <span class='ocrx_word' id='word_1_379' title='bbox 273 3450 451 3514; x_wconf 84' lang='lat' dir='ltr'><strong>confutatus</strong></span> <span class='ocrx_word' id='word_1_380' title='bbox 464 3451 586 3529; x_wconf 88' lang='lat' dir='ltr'><strong>objecit.</strong></span> <span class='ocrx_word' id='word_1_381' title='bbox 603 3450 721 3531; x_wconf 83' lang='lat' dir='ltr'><strong>Quippe</strong></span> <span class='ocrx_word' id='word_1_382' title='bbox 730 3460 759 3513; x_wconf 76' lang='grc' dir='ltr'><strong>το</strong></span> <span class='ocrx_word' id='word_1_383' title='bbox 772 3461 809 3527; x_wconf 78' lang='lat' dir='ltr'><strong>tv,</strong></span> <span class='ocrx_word' id='word_1_384' title='bbox 863 3452 1138 3513; x_wconf 84' lang='lat' dir='ltr'><strong>sanctificationem</strong></span> <span class='ocrx_word' id='word_1_385' title='bbox 1148 3457 1179 3512; x_wconf 87' lang='lat' dir='ltr'><strong>et</strong></span> <span class='ocrx_word' id='word_1_386' title='bbox 1192 3450 1430 3511; x_wconf 85' lang='lat' dir='ltr'><strong>vivificationem</strong></span> <span class='ocrx_word' id='word_1_387' title='bbox 1444 3469 1565 3524; x_wconf 88' lang='lat' dir='ltr'><strong>eorum,</strong></span> <span class='ocrx_word' id='word_1_388' title='bbox 1578 3454 1633 3532; x_wconf 91' lang='lat' dir='ltr'><strong>qui</strong></span> 
     </span>
     <span class='ocr_line' id='line_1_35' title="bbox 71 3542 1633 3624; baseline 0.004 -24"><span class='ocrx_word' id='word_1_389' title='bbox 71 3542 168 3603; x_wconf 84' lang='lat' dir='ltr'><strong>utahas</strong></span> <span class='ocrx_word' id='word_1_390' title='bbox 178 3562 267 3624; x_wconf 78' lang='lat' dir='ltr'><strong>sape,</strong></span> <span class='ocrx_word' id='word_1_391' title='bbox 282 3562 350 3605; x_wconf 92' lang='lat' dir='ltr'><strong>non</strong></span> <span class='ocrx_word' id='word_1_392' title='bbox 364 3562 460 3604; x_wconf 77' lang='lat' dir='ltr'><strong>runem</strong></span> <span class='ocrx_word' id='word_1_393' title='bbox 474 3544 812 3613; x_wconf 86' lang='lat' dir='ltr'><strong>naturam,seduna1n</strong></span> <span class='ocrx_word' id='word_1_394' title='bbox 862 3544 949 3604; x_wconf 89' lang='lat' dir='ltr'><strong>illam</strong></span> <span class='ocrx_word' id='word_1_395' title='bbox 972 3543 1137 3622; x_wconf 89' lang='lat' dir='ltr'><strong>recipiunt,</strong></span> <span class='ocrx_word' id='word_1_396' title='bbox 1165 3547 1319 3620; x_wconf 85' lang='lat' dir='ltr'><strong>quantum</strong></span> <span class='ocrx_word' id='word_1_397' title='bbox 1342 3542 1456 3603; x_wconf 81' lang='lat' dir='ltr'><strong>sedicet</strong></span> <span class='ocrx_word' id='word_1_398' title='bbox 1479 3543 1518 3602; x_wconf 90' lang='lat' dir='ltr'><strong>ad</strong></span> <span class='ocrx_word' id='word_1_399' title='bbox 1532 3545 1633 3605; x_wconf 85' lang='lat' dir='ltr'><strong>earnis</strong></span> 
     </span>
     <span class='ocr_line' id='line_1_36' title="bbox 72 3631 1633 3715; baseline 0.005 -25"><span class='ocrx_word' id='word_1_400' title='bbox 72 3631 256 3712; x_wconf 70' lang='lat' dir='ltr'><strong>rubentium,</strong></span> <span class='ocrx_word' id='word_1_401' title='bbox 272 3636 339 3697; x_wconf 88' lang='lat' dir='ltr'><strong>sive</strong></span> <span class='ocrx_word' id='word_1_402' title='bbox 353 3652 517 3715; x_wconf 88' lang='lat' dir='ltr'><strong>personam</strong></span> <span class='ocrx_word' id='word_1_403' title='bbox 530 3634 690 3713; x_wconf 82' lang='lat' dir='ltr'><strong>signifieat.</strong></span> <span class='ocrx_word' id='word_1_404' title='bbox 864 3638 1010 3696; x_wconf 81' lang='lat' dir='ltr'><strong>humana</strong></span> <span class='ocrx_word' id='word_1_405' title='bbox 1033 3640 1177 3695; x_wconf 81' lang='lat' dir='ltr'><strong>nutrirem</strong></span> <span class='ocrx_word' id='word_1_406' title='bbox 1201 3634 1322 3695; x_wconf 86' lang='lat' dir='ltr'><strong>attinet.</strong></span> <span class='ocrx_word' id='word_1_407' title='bbox 1349 3636 1389 3694; x_wconf 83' lang='lat' dir='ltr'><strong>At</strong></span> <span class='ocrx_word' id='word_1_408' title='bbox 1421 3651 1493 3696; x_wconf 90' lang='lat' dir='ltr'><strong>oum</strong></span> <span class='ocrx_word' id='word_1_409' title='bbox 1524 3636 1633 3698; x_wconf 87' lang='lat' dir='ltr'><strong>eadem</strong></span> 
     </span>
     <span class='ocr_line' id='line_1_37' title="bbox 102 3726 1631 3805; baseline -0.002 -13"><span class='ocrx_word' id='word_1_410' title='bbox 102 3726 259 3792; x_wconf 77' lang='lat' dir='ltr'><strong>Quinetiam</strong></span> <span class='ocrx_word' id='word_1_411' title='bbox 272 3729 308 3789; x_wconf 91' lang='lat' dir='ltr'><strong>in</strong></span> <span class='ocrx_word' id='word_1_412' title='bbox 325 3726 437 3790; x_wconf 78' lang='lat' dir='ltr'><strong>Caicus</strong></span> <span class='ocrx_word' id='word_1_413' title='bbox 460 3726 562 3790; x_wconf 75' lang='lat' dir='ltr'><strong>Graes</strong></span> <span class='ocrx_word' id='word_1_414' title='bbox 577 3728 611 3789; x_wconf 91' lang='lat' dir='ltr'><strong>in</strong></span> <span class='ocrx_word' id='word_1_415' title='bbox 631 3727 812 3789; x_wconf 81' lang='lat' dir='ltr'><strong>Mattbsaum</strong></span> <span class='ocrx_word' id='word_1_416' title='bbox 863 3727 1063 3805; x_wconf 83' lang='lat' dir='ltr'><strong>intelligatur,</strong></span> <span class='ocrx_word' id='word_1_417' title='bbox 1079 3733 1110 3787; x_wconf 86' lang='lat' dir='ltr'><strong>ct</strong></span> <span class='ocrx_word' id='word_1_418' title='bbox 1118 3726 1262 3787; x_wconf 85' lang='lat' dir='ltr'><strong>credetur</strong></span> <span class='ocrx_word' id='word_1_419' title='bbox 1274 3726 1426 3803; x_wconf 87' lang='lat' dir='ltr'><strong>templum</strong></span> <span class='ocrx_word' id='word_1_420' title='bbox 1440 3745 1505 3788; x_wconf 88' lang='lat' dir='ltr'><strong>esse</strong></span> <span class='ocrx_word' id='word_1_421' title='bbox 1518 3728 1631 3805; x_wconf 83' lang='lat' dir='ltr'><strong>Verbi3</strong></span> 
     </span>
     <span class='ocr_line' id='line_1_38' title="bbox 72 3818 1635 3899; baseline 0.004 -22"><span class='ocrx_word' id='word_1_422' title='bbox 72 3819 214 3882; x_wconf 86' lang='lat' dir='ltr'><strong>tP.Petro</strong></span> <span class='ocrx_word' id='word_1_423' title='bbox 228 3819 358 3882; x_wconf 87' lang='lat' dir='ltr'><strong>Possino</strong></span> <span class='ocrx_word' id='word_1_424' title='bbox 372 3837 473 3899; x_wconf 87' lang='lat' dir='ltr'><strong>nuper</strong></span> <span class='ocrx_word' id='word_1_425' title='bbox 487 3819 580 3893; x_wconf 86' lang='lat' dir='ltr'><strong>edita,</strong></span> <span class='ocrx_word' id='word_1_426' title='bbox 609 3819 716 3897; x_wconf 76' lang='lat' dir='ltr'><strong>Cyrilli</strong></span> <span class='ocrx_word' id='word_1_427' title='bbox 735 3819 813 3879; x_wconf 86' lang='lat' dir='ltr'><strong>elius</strong></span> <span class='ocrx_word' id='word_1_428' title='bbox 863 3820 992 3881; x_wconf 89' lang='lat' dir='ltr'><strong>omnino</strong></span> <span class='ocrx_word' id='word_1_429' title='bbox 1015 3818 1274 3891; x_wconf 85' lang='lat' dir='ltr'><strong>sanctificationis,</strong></span> <span class='ocrx_word' id='word_1_430' title='bbox 1300 3825 1331 3879; x_wconf 89' lang='lat' dir='ltr'><strong>et</strong></span> <span class='ocrx_word' id='word_1_431' title='bbox 1349 3819 1420 3879; x_wconf 78' lang='lat' dir='ltr'><strong>vitre</strong></span> <span class='ocrx_word' id='word_1_432' title='bbox 1445 3820 1635 3883; x_wconf 75' lang='lat' dir='ltr'><strong>conciliatrix</strong></span> 
     </span>
     <span class='ocr_line' id='line_1_39' title="bbox 72 3909 1633 3994; baseline 0.004 -25"><span class='ocrx_word' id='word_1_433' title='bbox 72 3916 108 3970; x_wconf 86' lang='lat' dir='ltr'><strong>est</strong></span> <span class='ocrx_word' id='word_1_434' title='bbox 116 3910 189 3974; x_wconf 84' lang='lat' dir='ltr'><strong>locas</strong></span> <span class='ocrx_word' id='word_1_435' title='bbox 197 3911 407 3975; x_wconf 87' lang='lat' dir='ltr'><strong>sanctificandi</strong></span> <span class='ocrx_word' id='word_1_436' title='bbox 415 3912 479 3972; x_wconf 91' lang='lat' dir='ltr'><strong>vim</strong></span> <span class='ocrx_word' id='word_1_437' title='bbox 494 3911 578 3971; x_wconf 89' lang='lat' dir='ltr'><strong>carni</strong></span> <span class='ocrx_word' id='word_1_438' title='bbox 589 3909 647 3989; x_wconf 88' lang='lat' dir='ltr'><strong>ipsi</strong></span> <span class='ocrx_word' id='word_1_439' title='bbox 659 3909 812 3972; x_wconf 84' lang='lat' dir='ltr'><strong>deierans.</strong></span> <span class='ocrx_word' id='word_1_440' title='bbox 864 3911 942 3987; x_wconf 75' lang='lat' dir='ltr'><strong>erit,</strong></span> <span class='ocrx_word' id='word_1_441' title='bbox 958 3929 1069 3971; x_wconf 89' lang='lat' dir='ltr'><strong>verum</strong></span> <span class='ocrx_word' id='word_1_442' title='bbox 1096 3929 1160 3973; x_wconf 91' lang='lat' dir='ltr'><strong>non</strong></span> <span class='ocrx_word' id='word_1_443' title='bbox 1181 3911 1320 3971; x_wconf 87' lang='lat' dir='ltr'><strong>absolute</strong></span> <span class='ocrx_word' id='word_1_444' title='bbox 1342 3918 1468 3991; x_wconf 91' lang='lat' dir='ltr'><strong>propter</strong></span> <span class='ocrx_word' id='word_1_445' title='bbox 1489 3913 1633 3994; x_wconf 88' lang='lat' dir='ltr'><strong>seipsam,</strong></span> 
     </span>
     <span class='ocr_line' id='line_1_40' title="bbox 75 4002 1634 4085; baseline 0.004 -26"><span class='ocrx_word' id='word_1_446' title='bbox 75 4002 288 4085; x_wconf 76' lang='lat' dir='ltr'><strong>«Coudngens,</strong></span> <span class='ocrx_word' id='word_1_447' title='bbox 318 4004 432 4083; x_wconf 89' lang='lat' dir='ltr'><strong>inquit,</strong></span> <span class='ocrx_word' id='word_1_448' title='bbox 461 4004 629 4082; x_wconf 84' lang='lat' dir='ltr'><strong>Leprosum</strong></span> <span class='ocrx_word' id='word_1_449' title='bbox 660 4003 810 4076; x_wconf 84' lang='lat' dir='ltr'><strong>Salvator,</strong></span> <span class='ocrx_word' id='word_1_450' title='bbox 863 4003 916 4064; x_wconf 91' lang='lat' dir='ltr'><strong>sed</strong></span> <span class='ocrx_word' id='word_1_451' title='bbox 953 4011 1081 4083; x_wconf 89' lang='lat' dir='ltr'><strong>propter</strong></span> <span class='ocrx_word' id='word_1_452' title='bbox 1114 4003 1238 4063; x_wconf 91' lang='lat' dir='ltr'><strong>unitum</strong></span> <span class='ocrx_word' id='word_1_453' title='bbox 1266 4003 1324 4062; x_wconf 86' lang='lat' dir='ltr'><strong>sibi</strong></span> <span class='ocrx_word' id='word_1_454' title='bbox 1364 4003 1511 4075; x_wconf 87' lang='lat' dir='ltr'><strong>Verbum,</strong></span> <span class='ocrx_word' id='word_1_455' title='bbox 1550 4006 1634 4084; x_wconf 90' lang='lat' dir='ltr'><strong>quod</strong></span> 
     </span>
     <span class='ocr_line' id='line_1_41' title="bbox 72 4092 1634 4175; baseline 0.003 -18"><span class='ocrx_word' id='word_1_456' title='bbox 72 4092 154 4171; x_wconf 81' lang='lat' dir='ltr'><strong>ipsum</strong></span> <span class='ocrx_word' id='word_1_457' title='bbox 162 4100 276 4159; x_wconf 87' lang='lat' dir='ltr'><strong>curavit</strong></span> <span class='ocrx_word' id='word_1_458' title='bbox 295 4096 459 4158; x_wconf 84' lang='lat' dir='ltr'><strong>ostendens</strong></span> <span class='ocrx_word' id='word_1_459' title='bbox 474 4096 628 4175; x_wconf 86' lang='lat' dir='ltr'><strong>spiritum,</strong></span> <span class='ocrx_word' id='word_1_460' title='bbox 651 4095 704 4173; x_wconf 90' lang='lat' dir='ltr'><strong>qui</strong></span> <span class='ocrx_word' id='word_1_461' title='bbox 727 4095 761 4154; x_wconf 91' lang='lat' dir='ltr'><strong>in</strong></span> <span class='ocrx_word' id='word_1_462' title='bbox 781 4112 813 4156; x_wconf 87' lang='lat' dir='ltr'><strong>se</strong></span> <span class='ocrx_word' id='word_1_463' title='bbox 864 4101 1006 4155; x_wconf 87' lang='lat' dir='ltr'><strong>sanctum</strong></span> <span class='ocrx_word' id='word_1_464' title='bbox 1020 4101 1077 4171; x_wconf 89' lang='lat' dir='ltr'><strong>est,</strong></span> <span class='ocrx_word' id='word_1_465' title='bbox 1091 4101 1184 4173; x_wconf 89' lang='lat' dir='ltr'><strong>atque</strong></span> <span class='ocrx_word' id='word_1_466' title='bbox 1197 4096 1293 4164; x_wconf 67' lang='lat' dir='ltr'><strong>vita0,</strong></span> <span class='ocrx_word' id='word_1_467' title='bbox 1311 4116 1323 4151; x_wconf 87' lang='grc' dir='ltr'>ν</span> <span class='ocrx_word' id='word_1_468' title='bbox 1347 4096 1425 4155; x_wconf 90' lang='lat' dir='ltr'><strong>Nam</strong></span> <span class='ocrx_word' id='word_1_469' title='bbox 1439 4102 1475 4157; x_wconf 85' lang='lat' dir='ltr'><strong>ut</strong></span> <span class='ocrx_word' id='word_1_470' title='bbox 1491 4099 1553 4159; x_wconf 90' lang='lat' dir='ltr'><strong>alio</strong></span> <span class='ocrx_word' id='word_1_471' title='bbox 1567 4101 1634 4162; x_wconf 88' lang='lat' dir='ltr'><strong>loeo</strong></span> 
     </span>
     <span class='ocr_line' id='line_1_42' title="bbox 74 4186 1635 4267; baseline 0.005 -20"><span class='ocrx_word' id='word_1_472' title='bbox 74 4186 161 4263; x_wconf 84' lang='lat' dir='ltr'><strong>iuerat,</strong></span> <span class='ocrx_word' id='word_1_473' title='bbox 174 4190 297 4251; x_wconf 90' lang='lat' dir='ltr'><strong>morbos</strong></span> <span class='ocrx_word' id='word_1_474' title='bbox 320 4205 447 4249; x_wconf 79' lang='lat' dir='ltr'><strong>muare:</strong></span> <span class='ocrx_word' id='word_1_475' title='bbox 474 4205 588 4265; x_wconf 89' lang='lat' dir='ltr'><strong>corpus</strong></span> <span class='ocrx_word' id='word_1_476' title='bbox 601 4205 675 4247; x_wconf 87' lang='lat' dir='ltr'><strong>vero</strong></span> <span class='ocrx_word' id='word_1_477' title='bbox 698 4192 812 4246; x_wconf 87' lang='lat' dir='ltr'><strong>attactu</strong></span> <span class='ocrx_word' id='word_1_478' title='bbox 864 4193 948 4254; x_wconf 87' lang='lat' dir='ltr'><strong>idom</strong></span> <span class='ocrx_word' id='word_1_479' title='bbox 968 4189 1126 4267; x_wconf 87' lang='lat' dir='ltr'><strong>disputat:</strong></span> <span class='ocrx_word' id='word_1_480' title='bbox 1149 4209 1164 4244; x_wconf 84' lang='lat' dir='ltr'><strong>u</strong></span> <span class='ocrx_word' id='word_1_481' title='bbox 1190 4188 1260 4248; x_wconf 89' lang='lat' dir='ltr'><strong>Non</strong></span> <span class='ocrx_word' id='word_1_482' title='bbox 1283 4187 1343 4248; x_wconf 87' lang='lat' dir='ltr'><strong>alia</strong></span> <span class='ocrx_word' id='word_1_483' title='bbox 1370 4189 1490 4252; x_wconf 89' lang='lat' dir='ltr'><strong>ratione</strong></span> <span class='ocrx_word' id='word_1_484' title='bbox 1512 4194 1635 4260; x_wconf 79' lang='lat' dir='ltr'><strong>vivifica</strong></span> 
     </span>
     <span class='ocr_line' id='line_1_43' title="bbox 73 4277 1633 4362; baseline 0.001 -24"><span class='ocrx_word' id='word_1_485' title='bbox 73 4295 115 4339; x_wconf 87' lang='lat' dir='ltr'><strong>suu</strong></span> <span class='ocrx_word' id='word_1_486' title='bbox 131 4282 394 4343; x_wconf 84' lang='lat' dir='ltr'><strong>sanctificationem</strong></span> <span class='ocrx_word' id='word_1_487' title='bbox 417 4277 589 4360; x_wconf 70' lang='lat' dir='ltr'><strong>preberet.</strong></span> <span class='ocrx_word' id='word_1_488' title='bbox 621 4302 633 4336; x_wconf 75' lang='grc' dir='ltr'>ν</span> <span class='ocrx_word' id='word_1_489' title='bbox 662 4279 706 4338; x_wconf 86' lang='lat' dir='ltr'><strong>lta</strong></span> <span class='ocrx_word' id='word_1_490' title='bbox 719 4280 813 4339; x_wconf 89' lang='lat' dir='ltr'><strong>etiam</strong></span> <span class='ocrx_word' id='word_1_491' title='bbox 865 4283 952 4345; x_wconf 80' lang='lat' dir='ltr'><strong>reddi</strong></span> <span class='ocrx_word' id='word_1_492' title='bbox 966 4299 1037 4343; x_wconf 82' lang='lat' dir='ltr'><strong>caro</strong></span> <span class='ocrx_word' id='word_1_493' title='bbox 1061 4284 1191 4358; x_wconf 85' lang='lat' dir='ltr'><strong>poterat,</strong></span> <span class='ocrx_word' id='word_1_494' title='bbox 1217 4298 1284 4358; x_wconf 79' lang='lat' dir='ltr'><strong>qua</strong></span> <span class='ocrx_word' id='word_1_495' title='bbox 1303 4299 1341 4341; x_wconf 86' lang='lat' dir='ltr'><strong>ex</strong></span> <span class='ocrx_word' id='word_1_496' title='bbox 1362 4283 1497 4362; x_wconf 83' lang='lat' dir='ltr'><strong>propriae</strong></span> <span class='ocrx_word' id='word_1_497' title='bbox 1511 4292 1633 4352; x_wconf 66' lang='lat' dir='ltr'><strong>natum</strong></span> 
     </span>
     <span class='ocr_line' id='line_1_44' title="bbox 74 4369 1632 4451; baseline 0.003 -18"><span class='ocrx_word' id='word_1_498' title='bbox 74 4369 285 4451; x_wconf 65' lang='lat' dir='ltr'><strong>chrysostomus</strong></span> <span class='ocrx_word' id='word_1_499' title='bbox 298 4375 331 4437; x_wconf 91' lang='lat' dir='ltr'><strong>in</strong></span> <span class='ocrx_word' id='word_1_500' title='bbox 341 4373 448 4435; x_wconf 87' lang='lat' dir='ltr'><strong>eadem</strong></span> <span class='ocrx_word' id='word_1_501' title='bbox 465 4371 586 4446; x_wconf 78' lang='lat' dir='ltr'><strong>Catane,</strong></span> <span class='ocrx_word' id='word_1_502' title='bbox 603 4371 716 4431; x_wconf 85' lang='lat' dir='ltr'><strong>ideirco</strong></span> <span class='ocrx_word' id='word_1_503' title='bbox 727 4369 813 4430; x_wconf 90' lang='lat' dir='ltr'><strong>Chri·</strong></span> <span class='ocrx_word' id='word_1_504' title='bbox 866 4371 1042 4434; x_wconf 86' lang='lat' dir='ltr'><strong>conditione</strong></span> <span class='ocrx_word' id='word_1_505' title='bbox 1059 4369 1244 4448; x_wconf 76' lang='lat' dir='ltr'><strong>corruptela</strong></span> <span class='ocrx_word' id='word_1_506' title='bbox 1263 4371 1436 4431; x_wconf 85' lang='lat' dir='ltr'><strong>necessitati</strong></span> <span class='ocrx_word' id='word_1_507' title='bbox 1451 4380 1518 4434; x_wconf 88' lang='lat' dir='ltr'><strong>crat</strong></span> <span class='ocrx_word' id='word_1_508' title='bbox 1532 4375 1632 4438; x_wconf 89' lang='lat' dir='ltr'><strong>obno-</strong></span> 
     </span>
     <span class='ocr_line' id='line_1_45' title="bbox 74 4461 1633 4546; baseline 0.007 -26"><span class='ocrx_word' id='word_1_509' title='bbox 74 4467 139 4524; x_wconf 84' lang='lat' dir='ltr'><strong>stum</strong></span> <span class='ocrx_word' id='word_1_510' title='bbox 148 4467 275 4546; x_wconf 71' lang='lat' dir='ltr'><strong>tetigime</strong></span> <span class='ocrx_word' id='word_1_511' title='bbox 302 4467 460 4546; x_wconf 87' lang='lat' dir='ltr'><strong>leprosum</strong></span> <span class='ocrx_word' id='word_1_512' title='bbox 471 4463 560 4525; x_wconf 93' lang='lat' dir='ltr'><strong>illum</strong></span> <span class='ocrx_word' id='word_1_513' title='bbox 574 4464 628 4539; x_wconf 90' lang='lat' dir='ltr'><strong>ait,</strong></span> <span class='ocrx_word' id='word_1_514' title='bbox 640 4469 676 4524; x_wconf 90' lang='lat' dir='ltr'><strong>ut</strong></span> <span class='ocrx_word' id='word_1_515' title='bbox 698 4463 813 4524; x_wconf 85' lang='lat' dir='ltr'><strong>indica·</strong></span> <span class='ocrx_word' id='word_1_516' title='bbox 865 4466 932 4539; x_wconf 65' lang='grc' dir='ltr'><strong>Χίος</strong></span> <span class='ocrx_word' id='word_1_517' title='bbox 952 4464 1010 4525; x_wconf 87' lang='lat' dir='ltr'><strong>nisi</strong></span> <span class='ocrx_word' id='word_1_518' title='bbox 1032 4463 1158 4542; x_wconf 86' lang='lat' dir='ltr'><strong>propria</strong></span> <span class='ocrx_word' id='word_1_519' title='bbox 1189 4461 1295 4522; x_wconf 87' lang='lat' dir='ltr'><strong>fuisset</strong></span> <span class='ocrx_word' id='word_1_520' title='bbox 1316 4462 1500 4527; x_wconf 89' lang='lat' dir='ltr'><strong>vivificantis</strong></span> <span class='ocrx_word' id='word_1_521' title='bbox 1526 4469 1633 4532; x_wconf 88' lang='lat' dir='ltr'><strong>omnia</strong></span> 
     </span>
     <span class='ocr_line' id='line_1_46' title="bbox 74 4554 1634 4636; baseline -0.003 -9"><span class='ocrx_word' id='word_1_522' title='bbox 74 4562 117 4627; x_wconf 57' lang='lat' dir='ltr'><strong>iti,</strong></span> <span class='ocrx_word' id='word_1_523' title='bbox 133 4577 453 4623; x_wconf 83' lang='lat' dir='ltr'><strong>‹carnemsuamesse</strong></span> <span class='ocrx_word' id='word_1_524' title='bbox 468 4564 618 4633; x_wconf 86' lang='lat' dir='ltr'><strong>sanctam,</strong></span> <span class='ocrx_word' id='word_1_525' title='bbox 634 4556 814 4617; x_wconf 86' lang='lat' dir='ltr'><strong>etsanctifi·</strong></span> <span class='ocrx_word' id='word_1_526' title='bbox 867 4556 972 4617; x_wconf 89' lang='lat' dir='ltr'><strong>Verbi.</strong></span> <span class='ocrx_word' id='word_1_527' title='bbox 993 4556 1057 4616; x_wconf 82' lang='lat' dir='ltr'><strong>Hoc</strong></span> <span class='ocrx_word' id='word_1_528' title='bbox 1082 4555 1166 4616; x_wconf 91' lang='lat' dir='ltr'><strong>enim</strong></span> <span class='ocrx_word' id='word_1_529' title='bbox 1193 4554 1286 4615; x_wconf 91' lang='lat' dir='ltr'><strong>modo</strong></span> <span class='ocrx_word' id='word_1_530' title='bbox 1323 4573 1392 4633; x_wconf 72' lang='lat' dir='ltr'><strong>quae</strong></span> <span class='ocrx_word' id='word_1_531' title='bbox 1419 4557 1516 4636; x_wconf 89' lang='lat' dir='ltr'><strong>ipsius</strong></span> <span class='ocrx_word' id='word_1_532' title='bbox 1544 4568 1634 4623; x_wconf 76' lang='lat' dir='ltr'><strong>mant</strong></span> 
     </span>
    </p>
   </div>
   <div class='ocr_carea' id='block_1_4' title="bbox 73 4753 1633 5417">
    <p class='ocr_par' dir='ltr' id='par_1_4' title="bbox 73 4753 1632 4917">
     <span class='ocr_line' id='line_1_47' title="bbox 99 4753 1613 4830; baseline -0.004 -13"><span class='ocrx_word' id='word_1_533' title='bbox 99 4764 256 4820; x_wconf 76' lang='lat' dir='ltr'><strong>quiirstus</strong></span> <span class='ocrx_word' id='word_1_534' title='bbox 280 4764 315 4820; x_wconf 94' lang='lat' dir='ltr'><strong>lV</strong></span> <span class='ocrx_word' id='word_1_535' title='bbox 334 4767 366 4818; x_wconf 83' lang='lat' dir='ltr'><strong>tu</strong></span> <span class='ocrx_word' id='word_1_536' title='bbox 387 4764 472 4818; x_wconf 75' lang='lat' dir='ltr'><strong>toan.</strong></span> <span class='ocrx_word' id='word_1_537' title='bbox 492 4758 553 4813; x_wconf 83' lang='grc' dir='ltr'><strong>Ἵνα</strong></span> <span class='ocrx_word' id='word_1_538' title='bbox 565 4759 660 4830; x_wconf 76' lang='grc' dir='ltr'><strong>δεικνύῃ</strong></span> <span class='ocrx_word' id='word_1_539' title='bbox 683 4760 812 4820; x_wconf 78' lang='grc' dir='ltr'>ζωοποιεῖν</span> <span class='ocrx_word' id='word_1_540' title='bbox 899 4754 921 4812; x_wconf 80' lang='lat' dir='ltr'><strong>d</strong></span> <span class='ocrx_word' id='word_1_541' title='bbox 941 4755 1131 4824; x_wconf 86' lang='lat' dir='ltr'><strong>Dissipareest</strong></span> <span class='ocrx_word' id='word_1_542' title='bbox 1146 4753 1219 4825; x_wconf 88' lang='lat' dir='ltr'><strong>quod</strong></span> <span class='ocrx_word' id='word_1_543' title='bbox 1236 4753 1327 4810; x_wconf 83' lang='lat' dir='ltr'><strong>Craeei</strong></span> <span class='ocrx_word' id='word_1_544' title='bbox 1341 4753 1613 4828; x_wconf 73' lang='lat' dir='ltr'><strong>dicunttiutpuliutv.</strong></span> 
     </span>
     <span class='ocr_line' id='line_1_48' title="bbox 73 4837 1632 4917; baseline -0.003 -21"><span class='ocrx_word' id='word_1_545' title='bbox 73 4845 195 4915; x_wconf 68' lang='lat' dir='ltr'><strong>hvuphqv,</strong></span> <span class='ocrx_word' id='word_1_546' title='bbox 207 4846 248 4901; x_wconf 72' lang='grc' dir='ltr'><strong>καὶ</strong></span> <span class='ocrx_word' id='word_1_547' title='bbox 261 4847 296 4908; x_wconf 83' lang='grc' dir='ltr'><strong>ὡς</strong></span> <span class='ocrx_word' id='word_1_548' title='bbox 309 4845 334 4901; x_wconf 73' lang='grc' dir='ltr'><strong>ἔν</strong></span> <span class='ocrx_word' id='word_1_549' title='bbox 349 4846 395 4913; x_wconf 67' lang='grc' dir='ltr'><strong>ἤδη</strong></span> <span class='ocrx_word' id='word_1_550' title='bbox 408 4843 541 4917; x_wconf 67' lang='grc' dir='ltr'>γινομένην</span> <span class='ocrx_word' id='word_1_551' title='bbox 555 4842 616 4913; x_wconf 77' lang='grc' dir='ltr'>πρὸς</span> <span class='ocrx_word' id='word_1_552' title='bbox 627 4840 710 4894; x_wconf 71' lang='grc' dir='ltr'>αὐτον.</span> <span class='ocrx_word' id='word_1_553' title='bbox 899 4854 915 4895; x_wconf 86' lang='lat' dir='ltr'><strong>e</strong></span> <span class='ocrx_word' id='word_1_554' title='bbox 933 4842 1043 4895; x_wconf 75' lang='lat' dir='ltr'><strong>Ciuica.</strong></span> <span class='ocrx_word' id='word_1_555' title='bbox 1066 4837 1088 4892; x_wconf 91' lang='grc' dir='ltr'><strong>ΙΙ</strong></span> <span class='ocrx_word' id='word_1_556' title='bbox 1107 4840 1139 4892; x_wconf 82' lang='lat' dir='ltr'><strong>ist</strong></span> <span class='ocrx_word' id='word_1_557' title='bbox 1159 4841 1244 4893; x_wconf 81' lang='lat' dir='ltr'><strong>Joatu.</strong></span> <span class='ocrx_word' id='word_1_558' title='bbox 1265 4837 1452 4911; x_wconf 63' lang='lat' dir='ltr'><strong>leventaque</strong></span> <span class='ocrx_word' id='word_1_559' title='bbox 1471 4838 1545 4894; x_wconf 79' lang='grc' dir='ltr'>πάλιν</span> <span class='ocrx_word' id='word_1_560' title='bbox 1563 4840 1632 4898; x_wconf 68' lang='grc' dir='ltr'>οὐδὲν</span> 
     </span>
    </p>

    <p class='ocr_par' dir='ltr' id='par_1_5' title="bbox 74 4919 1633 5251">
     <span class='ocr_line' id='line_1_49' title="bbox 101 4919 1632 4996; baseline -0.008 -15"><span class='ocrx_word' id='word_1_561' title='bbox 101 4928 115 4981; x_wconf 82' lang='lat' dir='ltr'><strong>b</strong></span> <span class='ocrx_word' id='word_1_562' title='bbox 130 4930 229 4985; x_wconf 73' lang='lat' dir='ltr'><strong>Cunus..</strong></span> <span class='ocrx_word' id='word_1_563' title='bbox 245 4929 353 4985; x_wconf 73' lang='lat' dir='ltr'><strong>trtCat.</strong></span> <span class='ocrx_word' id='word_1_564' title='bbox 368 4931 401 4984; x_wconf 80' lang='lat' dir='ltr'><strong>ist</strong></span> <span class='ocrx_word' id='word_1_565' title='bbox 414 4930 488 4982; x_wconf 82' lang='lat' dir='ltr'><strong>Mat.</strong></span> <span class='ocrx_word' id='word_1_566' title='bbox 512 4922 711 4995; x_wconf 72' lang='grc' dir='ltr'>Ἃπτόμενοςτοῦ</span> <span class='ocrx_word' id='word_1_567' title='bbox 722 4924 813 4996; x_wconf 82' lang='grc' dir='ltr'>λεπροῦ</span> <span class='ocrx_word' id='word_1_568' title='bbox 863 4921 968 4993; x_wconf 80' lang='grc' dir='ltr'>ὠφελεῖν</span> <span class='ocrx_word' id='word_1_569' title='bbox 982 4920 1095 4974; x_wconf 74' lang='grc' dir='ltr'><strong>δύνασθαι</strong></span> <span class='ocrx_word' id='word_1_570' title='bbox 1110 4919 1153 4988; x_wconf 65' lang='grc' dir='ltr'><strong>τὴν</strong></span> <span class='ocrx_word' id='word_1_571' title='bbox 1165 4921 1244 4991; x_wconf 73' lang='grc' dir='ltr'>σάρκα</span> <span class='ocrx_word' id='word_1_572' title='bbox 1255 4919 1338 4991; x_wconf 72' lang='grc' dir='ltr'>φησὶν,</span> <span class='ocrx_word' id='word_1_573' title='bbox 1349 4920 1410 4992; x_wconf 77' lang='grc' dir='ltr'>προς</span> <span class='ocrx_word' id='word_1_574' title='bbox 1422 4920 1542 4995; x_wconf 75' lang='grc' dir='ltr'><strong>ἁγιαομον</strong></span> <span class='ocrx_word' id='word_1_575' title='bbox 1555 4925 1632 4994; x_wconf 50' lang='lat' dir='ltr'><strong>tello.</strong></span> 
     </span>
     <span class='ocr_line' id='line_1_50' title="bbox 74 4999 1632 5084; baseline -0.003 -19"><span class='ocrx_word' id='word_1_576' title='bbox 74 5008 164 5083; x_wconf 70' lang='lat' dir='ltr'><strong>bEsrrip</strong></span> <span class='ocrx_word' id='word_1_577' title='bbox 176 5010 326 5084; x_wconf 65' lang='grc' dir='ltr'><strong>ἐθεράπευσεν</strong></span> <span class='ocrx_word' id='word_1_578' title='bbox 340 5010 414 5064; x_wconf 71' lang='grc' dir='ltr'>αὐτὸν</span> <span class='ocrx_word' id='word_1_579' title='bbox 430 5011 522 5070; x_wconf 74' lang='grc' dir='ltr'><strong>δεικνὺς</strong></span> <span class='ocrx_word' id='word_1_580' title='bbox 535 5009 569 5070; x_wconf 77' lang='grc' dir='ltr'><strong>ὣς</strong></span> <span class='ocrx_word' id='word_1_581' title='bbox 589 5009 619 5060; x_wconf 85' lang='grc' dir='ltr'><strong>τὸ</strong></span> <span class='ocrx_word' id='word_1_582' title='bbox 633 4999 727 5078; x_wconf 65' lang='lat' dir='ltr'><strong>medua</strong></span> <span class='ocrx_word' id='word_1_583' title='bbox 742 5007 771 5058; x_wconf 75' lang='grc' dir='ltr'><strong>το</strong></span> <span class='ocrx_word' id='word_1_584' title='bbox 789 5005 813 5059; x_wconf 80' lang='grc' dir='ltr'><strong>ἔν</strong></span> <span class='ocrx_word' id='word_1_585' title='bbox 864 5007 926 5075; x_wconf 75' lang='grc' dir='ltr'>νότι,</span> <span class='ocrx_word' id='word_1_586' title='bbox 941 5007 982 5058; x_wconf 77' lang='grc' dir='ltr'><strong>καὶ</strong></span> <span class='ocrx_word' id='word_1_587' title='bbox 998 5003 1146 5071; x_wconf 59' lang='lat' dir='ltr'><strong>{monetans</strong></span> <span class='ocrx_word' id='word_1_588' title='bbox 1166 5008 1215 5057; x_wconf 86' lang='grc' dir='ltr'><strong>τῶν</strong></span> <span class='ocrx_word' id='word_1_589' title='bbox 1238 5003 1376 5076; x_wconf 76' lang='grc' dir='ltr'>δεχομένων</span> <span class='ocrx_word' id='word_1_590' title='bbox 1398 5003 1483 5074; x_wconf 64' lang='grc' dir='ltr'>αὐτὴν,</span> <span class='ocrx_word' id='word_1_591' title='bbox 1503 5009 1561 5061; x_wconf 79' lang='grc' dir='ltr'>ὅσον</span> <span class='ocrx_word' id='word_1_592' title='bbox 1575 5005 1632 5077; x_wconf 65' lang='grc' dir='ltr'><strong>ἧκον</strong></span> 
     </span>
     <span class='ocr_line' id='line_1_51' title="bbox 75 5086 1633 5166; baseline -0.007 -19"><span class='ocrx_word' id='word_1_593' title='bbox 75 5091 129 5163; x_wconf 64' lang='lat' dir='ltr'><strong>sistis</strong></span> <span class='ocrx_word' id='word_1_594' title='bbox 139 5096 253 5166; x_wconf 71' lang='grc' dir='ltr'><strong>θεραπεύει</strong></span> <span class='ocrx_word' id='word_1_595' title='bbox 267 5096 309 5158; x_wconf 78' lang='grc' dir='ltr'><strong>τὰς</strong></span> <span class='ocrx_word' id='word_1_596' title='bbox 329 5097 423 5157; x_wconf 78' lang='grc' dir='ltr'>νόσους·</span> <span class='ocrx_word' id='word_1_597' title='bbox 446 5093 476 5147; x_wconf 76' lang='lat' dir='ltr'><strong>rb</strong></span> <span class='ocrx_word' id='word_1_598' title='bbox 489 5091 516 5145; x_wconf 77' lang='grc' dir='ltr'><strong>δὲ</strong></span> <span class='ocrx_word' id='word_1_599' title='bbox 530 5094 647 5163; x_wconf 75' lang='grc' dir='ltr'><strong>σῶματῇ</strong></span> <span class='ocrx_word' id='word_1_600' title='bbox 665 5089 813 5162; x_wconf 59' lang='lat' dir='ltr'><strong>spectabest</strong></span> <span class='ocrx_word' id='word_1_601' title='bbox 865 5087 995 5159; x_wconf 77' lang='grc' dir='ltr'>εἰςσαρκος</span> <span class='ocrx_word' id='word_1_602' title='bbox 1009 5086 1160 5158; x_wconf 73' lang='grc' dir='ltr'>ἀνθρωπίνης</span> <span class='ocrx_word' id='word_1_603' title='bbox 1171 5086 1250 5157; x_wconf 76' lang='grc' dir='ltr'><strong>φύσιν.</strong></span> <span class='ocrx_word' id='word_1_604' title='bbox 1262 5086 1633 5162; x_wconf 67' lang='grc' dir='ltr'>ὅτανδὲνοῆται,καὶπωτεοη.</span> 
     </span>
     <span class='ocr_line' id='line_1_52' title="bbox 74 5167 1631 5251; baseline 0 -25"><span class='ocrx_word' id='word_1_605' title='bbox 74 5173 108 5226; x_wconf 74' lang='grc' dir='ltr'><strong>τοι</strong></span> <span class='ocrx_word' id='word_1_606' title='bbox 119 5175 226 5249; x_wconf 71' lang='grc' dir='ltr'><strong>ὁγιωμὸν</strong></span> <span class='ocrx_word' id='word_1_607' title='bbox 235 5180 374 5251; x_wconf 68' lang='grc' dir='ltr'><strong>παρέχεται,</strong></span> <span class='ocrx_word' id='word_1_608' title='bbox 863 5174 953 5225; x_wconf 73' lang='lat' dir='ltr'><strong>sarred</strong></span> <span class='ocrx_word' id='word_1_609' title='bbox 967 5171 1044 5241; x_wconf 75' lang='grc' dir='ltr'>λόγου</span> <span class='ocrx_word' id='word_1_610' title='bbox 1058 5168 1125 5234; x_wconf 72' lang='grc' dir='ltr'>ναδς,</span> <span class='ocrx_word' id='word_1_611' title='bbox 1140 5171 1197 5222; x_wconf 79' lang='grc' dir='ltr'><strong>τότε</strong></span> <span class='ocrx_word' id='word_1_612' title='bbox 1211 5167 1240 5237; x_wconf 73' lang='grc' dir='ltr'><strong>δὴ</strong></span> <span class='ocrx_word' id='word_1_613' title='bbox 1255 5169 1484 5232; x_wconf 62' lang='lat' dir='ltr'><strong>aeterternae</strong></span> <span class='ocrx_word' id='word_1_614' title='bbox 1499 5171 1631 5247; x_wconf 53' lang='lat' dir='ltr'><strong>arant,</strong></span> 
     </span>
    </p>

    <p class='ocr_par' dir='ltr' id='par_1_6' title="bbox 76 5250 1633 5417">
     <span class='ocr_line' id='line_1_53' title="bbox 102 5250 1633 5333; baseline -0.003 -22"><span class='ocrx_word' id='word_1_615' title='bbox 102 5258 190 5314; x_wconf 81' lang='lat' dir='ltr'><strong>ulbid.</strong></span> <span class='ocrx_word' id='word_1_616' title='bbox 209 5261 255 5313; x_wconf 74' lang='lat' dir='ltr'><strong>lat</strong></span> <span class='ocrx_word' id='word_1_617' title='bbox 268 5262 305 5314; x_wconf 76' lang='grc' dir='ltr'><strong>ὅτι</strong></span> <span class='ocrx_word' id='word_1_618' title='bbox 318 5261 378 5333; x_wconf 75' lang='grc' dir='ltr'><strong>ἁγία</strong></span> <span class='ocrx_word' id='word_1_619' title='bbox 390 5257 446 5329; x_wconf 68' lang='grc' dir='ltr'><strong>ἦνῆ</strong></span> <span class='ocrx_word' id='word_1_620' title='bbox 460 5257 518 5331; x_wconf 70' lang='grc' dir='ltr'>σὰρξ</span> <span class='ocrx_word' id='word_1_621' title='bbox 532 5257 622 5322; x_wconf 74' lang='grc' dir='ltr'>αὺτοῦ,</span> <span class='ocrx_word' id='word_1_622' title='bbox 636 5256 677 5308; x_wconf 80' lang='grc' dir='ltr'><strong>καὶ</strong></span> <span class='ocrx_word' id='word_1_623' title='bbox 691 5255 814 5327; x_wconf 80' lang='grc' dir='ltr'><strong>ἇγιαοριοῦ</strong></span> <span class='ocrx_word' id='word_1_624' title='bbox 864 5254 904 5308; x_wconf 75' lang='grc' dir='ltr'><strong>καὶ</strong></span> <span class='ocrx_word' id='word_1_625' title='bbox 918 5255 983 5319; x_wconf 79' lang='grc' dir='ltr'><strong>ζωῆς</strong></span> <span class='ocrx_word' id='word_1_626' title='bbox 995 5250 1119 5323; x_wconf 76' lang='grc' dir='ltr'>πρόξενος,</span> <span class='ocrx_word' id='word_1_627' title='bbox 1134 5250 1198 5320; x_wconf 68' lang='grc' dir='ltr'>πλὴν</span> <span class='ocrx_word' id='word_1_628' title='bbox 1212 5252 1240 5305; x_wconf 78' lang='grc' dir='ltr'>ὠ</span> <span class='ocrx_word' id='word_1_629' title='bbox 1254 5254 1351 5314; x_wconf 84' lang='grc' dir='ltr'>πάντως</span> <span class='ocrx_word' id='word_1_630' title='bbox 1365 5253 1397 5306; x_wconf 79' lang='grc' dir='ltr'><strong>δι’</strong></span> <span class='ocrx_word' id='word_1_631' title='bbox 1407 5254 1504 5324; x_wconf 68' lang='grc' dir='ltr'>ἑαυτὴν,</span> <span class='ocrx_word' id='word_1_632' title='bbox 1515 5256 1581 5311; x_wconf 77' lang='grc' dir='ltr'>ἀλλὰ</span> <span class='ocrx_word' id='word_1_633' title='bbox 1593 5257 1633 5312; x_wconf 78' lang='grc' dir='ltr'><strong>διὰ</strong></span> 
     </span>
     <span class='ocr_line' id='line_1_54' title="bbox 76 5334 1457 5417; baseline -0.006 -20"><span class='ocrx_word' id='word_1_634' title='bbox 76 5341 182 5408; x_wconf 69' lang='grc' dir='ltr'><strong>μῐεόῐδου</strong></span> <span class='ocrx_word' id='word_1_635' title='bbox 188 5345 238 5411; x_wconf 74' lang='grc' dir='ltr'>τοῖς</span> <span class='ocrx_word' id='word_1_636' title='bbox 250 5344 395 5417; x_wconf 67' lang='grc' dir='ltr'><strong>ἁπτομένοις</strong></span> <span class='ocrx_word' id='word_1_637' title='bbox 407 5341 489 5413; x_wconf 63' lang='lat' dir='ltr'><strong>uitiis.</strong></span> <span class='ocrx_word' id='word_1_638' title='bbox 864 5337 907 5391; x_wconf 78' lang='grc' dir='ltr'><strong>τον</strong></span> <span class='ocrx_word' id='word_1_639' title='bbox 922 5336 1040 5390; x_wconf 77' lang='grc' dir='ltr'>ἓνωθέντα</span> <span class='ocrx_word' id='word_1_640' title='bbox 1050 5334 1114 5399; x_wconf 78' lang='grc' dir='ltr'>θεὸν,</span> <span class='ocrx_word' id='word_1_641' title='bbox 1129 5336 1157 5397; x_wconf 78' lang='grc' dir='ltr'><strong>ὅς</strong></span> <span class='ocrx_word' id='word_1_642' title='bbox 1170 5335 1235 5395; x_wconf 76' lang='grc' dir='ltr'>ἔστιν</span> <span class='ocrx_word' id='word_1_643' title='bbox 1250 5338 1327 5409; x_wconf 67' lang='grc' dir='ltr'><strong>ἅγιος,</strong></span> <span class='ocrx_word' id='word_1_644' title='bbox 1341 5337 1382 5389; x_wconf 74' lang='grc' dir='ltr'><strong>καὶ</strong></span> <span class='ocrx_word' id='word_1_645' title='bbox 1396 5339 1457 5411; x_wconf 68' lang='grc' dir='ltr'><strong>ζωή.</strong></span> 
     </span>
    </p>
   </div>
   <div class='ocr_carea' id='block_1_5' title="bbox 96 5506 1602 5559">
    <p class='ocr_par' dir='ltr' id='par_1_7' title="bbox 96 5506 1602 5559">
     <span class='ocr_line' id='line_1_55' title="bbox 96 5506 1602 5559; baseline 0.004 -9"><span class='ocrx_word' id='word_1_646' title='bbox 96 5506 158 5559; x_wconf 75' lang='lat' dir='ltr'><strong>ler.</strong></span> <span class='ocrx_word' id='word_1_647' title='bbox 172 5521 186 5553; x_wconf 86' lang='grc' dir='ltr'><strong>ι.</strong></span> <span class='ocrx_word' id='word_1_648' title='bbox 196 5511 334 5556; x_wconf 67' lang='lat' dir='ltr'><strong>laimun—</strong></span> <span class='ocrx_word' id='word_1_649' title='bbox 349 5512 454 5556; x_wconf 58' lang='lat' dir='ltr'><strong>amun,</strong></span> <span class='ocrx_word' id='word_1_650' title='bbox 468 5522 499 5559; x_wconf 81' lang='lat' dir='ltr'><strong>st.</strong></span> <span class='ocrx_word' id='word_1_651' title='bbox 511 5509 545 5555; x_wconf 83' lang='lat' dir='ltr'><strong>at.</strong></span> <span class='ocrx_word' id='word_1_652' title='bbox 556 5533 583 5543; x_wconf 98' lang='lat'>-</span> <span class='ocrx_word' id='word_1_653' title='bbox 595 5509 609 5552; x_wconf 88' lang='lat' dir='ltr'><strong>s</strong></span> <span class='ocrx_word' id='word_1_654' title='bbox 621 5509 683 5552; x_wconf 80' lang='lat' dir='ltr'><strong>Extat</strong></span> <span class='ocrx_word' id='word_1_655' title='bbox 691 5510 718 5551; x_wconf 78' lang='lat' dir='ltr'><strong>ta</strong></span> <span class='ocrx_word' id='word_1_656' title='bbox 729 5509 782 5559; x_wconf 78' lang='lat' dir='ltr'><strong>spu.</strong></span> <span class='ocrx_word' id='word_1_657' title='bbox 798 5519 819 5555; x_wconf 89' lang='lat' dir='ltr'><strong>v,</strong></span> <span class='ocrx_word' id='word_1_658' title='bbox 832 5506 913 5550; x_wconf 73' lang='lat' dir='ltr'><strong>Callet.</strong></span> <span class='ocrx_word' id='word_1_659' title='bbox 927 5520 948 5557; x_wconf 85' lang='lat' dir='ltr'><strong>v,</strong></span> <span class='ocrx_word' id='word_1_660' title='bbox 961 5514 1014 5550; x_wconf 89' lang='lat' dir='ltr'><strong>tum.</strong></span> <span class='ocrx_word' id='word_1_661' title='bbox 1033 5507 1060 5550; x_wconf 87' lang='lat' dir='ltr'><strong>lV</strong></span> <span class='ocrx_word' id='word_1_662' title='bbox 1079 5507 1182 5552; x_wconf 79' lang='lat' dir='ltr'><strong>aona-t</strong></span> <span class='ocrx_word' id='word_1_663' title='bbox 1196 5508 1289 5553; x_wconf 71' lang='lat' dir='ltr'><strong>&#39;tertull</strong></span> <span class='ocrx_word' id='word_1_664' title='bbox 1303 5508 1329 5552; x_wconf 79' lang='lat' dir='ltr'><strong>de</strong></span> <span class='ocrx_word' id='word_1_665' title='bbox 1340 5509 1419 5553; x_wconf 66' lang='lat' dir='ltr'><strong>linus.</strong></span> <span class='ocrx_word' id='word_1_666' title='bbox 1432 5520 1479 5553; x_wconf 74' lang='grc' dir='ltr'><strong>σιν.</strong></span> <span class='ocrx_word' id='word_1_667' title='bbox 1490 5520 1510 5555; x_wconf 85' lang='grc' dir='ltr'><strong>ο.</strong></span> <span class='ocrx_word' id='word_1_668' title='bbox 1525 5521 1602 5556; x_wconf 77' lang='lat' dir='ltr'><strong>nutis.</strong></span> 
     </span>
    </p>
   </div>
   <div class='ocr_carea' id='block_1_6' title="bbox 0 0 1972 6146">
    <p class='ocr_par' dir='ltr' id='par_1_8' title="bbox 0 0 1972 6146">
     <span class='ocr_line' id='line_1_56' title="bbox 0 0 1972 6146; baseline 0 0"><span class='ocrx_word' id='word_1_669' title='bbox 0 0 1972 6146; x_wconf 95' lang='lat' dir='ltr'><strong> </strong></span> 
     </span>
    </p>
   </div>
  </div>
 </body>
</html>
