4104 6160
149 3904 275 3959 Detporom.

167 4009 222 4053 ltem
235 4009 259 4052 ln

140 4063 286 4109 librisoontrs

140 4117 273 4161 Nestorium.

319 340 337 397 8
828 338 1150 401 'PHEOfflGlGORUM
1171 338 1388 401 DOGMATUM

319 502 478 564 hominem
494 523 500 563 :
517 521 610 581 quam
635 505 729 566 etiam
743 506 850 566 asserit
873 505 917 566 sio
935 505 1000 567 ade
1023 522 1086 565 uno
1137 503 1371 584 interpretatur,
1379 503 1541 584 quaspious
1549 503 1717 585 appellarat
1727 504 1904 572 Nestorius:

319 596 467 676 quopiam
479 596 617 671 intelligi,
634 603 670 658 ut
682 616 740 659 nec
755 616 774 657 a
787 598 1011 659 communitate
1024 598 1085 658 dis-
1137 614 1249 677 nempe
1276 601 1404 657 staturas
1436 596 1638 676 particrdares
1665 601 1697 657 et
1728 597 1903 659 existentes.

313 688 427 768 junget
439 706 506 748 rem
518 688 732 767 significatam,
748 707 806 750 uec
819 690 944 751 interim
959 689 1086 751 coniun-
1138 688 1225 762 Quod
1239 688 1341 767 siquis
1353 688 1532 767 hypostases
1544 688 1796 769 hooloooeodem
1811 690 1905 752 modo

317 780 380 857 dat,
396 786 450 841 ant
464 781 503 841 ad
517 781 739 843 obscuritatem
753 780 985 861 permisceatid‚
1002 781 1087 861 quod
1137 780 1301 860 sumpsisse
1325 780 1476 860 cyrillum
1504 785 1601 859 putet,
1621 781 1706 861 quod
1727 782 1761 842 in
1781 782 1904 862 dialogo

316 872 472 951 singulare
486 878 543 950 ost,
558 879 588 934 et
597 874 744 953 privatim
758 875 944 954 competiit.
961 894 976 931 ο
1136 872 1238 952 primo
1252 871 1287 932 de
1295 871 1444 933 Triditatc
1462 873 1646 934 intellexisse
1660 873 1728 953 jam
1746 891 1820 935 eum
1839 875 1904 937 dixi

356 965 475 1039 Quibus
500 966 603 1027 uerbis
635 967 693 1027 hoo
720 967 911 1027 demonstrat
935 966 1083 1046 cyrillus,
1136 963 1288 1044 superiori
1308 964 1416 1045 capite,
1438 983 1552 1044 nempe
1570 972 1606 1028 ut
1624 967 1904 1029 natruamroxilla

314 1057 508 1137 hypostasim
515 1058 559 1118 ita
573 1058 740 1137 singulare,
755 1064 786 1119 et
799 1058 995 1119 individuum
1009 1058 1087 1120 desi·
1136 1056 1288 1135 significet
1302 1057 1395 1117 etiam
1409 1074 1465 1136 per
1478 1075 1511 1118 se
1532 1057 1759 1135 subsistentem,
1779 1077 1905 1140 respon-

314 1168 422 1228 gnara,
434 1154 470 1209 ut
480 1149 512 1209 id
527 1150 612 1229 quod
625 1168 792 1211 commune
805 1155 851 1211 est
867 1169 931 1210 una
944 1168 1085 1230 compre·
1136 1148 1209 1208 dere
1222 1147 1371 1223 hooliret,
1382 1149 1518 1228 potuisse
1537 1149 1689 1230 cyrillum
1703 1168 1742 1211 ex
1759 1151 1902 1227 Nestorii,

314 1242 431 1302 hendot
449 1243 575 1303 notione
603 1260 669 1303 sua.
685 1243 750 1303 Hoc
764 1248 868 1303 autem
893 1249 938 1304 est
953 1244 1084 1304 essentia
1136 1256 1274 1319 quocum
1287 1239 1408 1319 agebat,
1431 1258 1523 1302 sensu
1536 1247 1568 1303 ot
1583 1242 1740 1321 opinione,
1757 1242 1905 1322 hyposta-

314 1332 391 1412 ipsa,
403 1337 434 1394 et
448 1333 598 1409 definitio,
615 1334 703 1412 cujus
721 1352 793 1394 oum
808 1335 928 1396 caeteris
942 1334 1084 1414 ejusdem
1136 1349 1212 1392 seon
1225 1331 1288 1392 illic
1302 1349 1418 1394 nomen
1441 1350 1601 1413 usurpare.
1617 1335 1736 1414 Quippe
1755 1334 1902 1414 hyposta-

313 1425 425 1504 speoioi
438 1425 590 1505 particeps
604 1431 651 1486 est
658 1427 778 1498 Petrus,
799 1431 854 1486 aut
865 1428 1011 1487 Thomas.
1034 1427 1083 1487 Ita
1136 1440 1196 1499 ses,
1212 1429 1244 1484 et
1259 1442 1407 1503 personas
1422 1425 1529 1485 ambas
1543 1443 1608 1487 esse
1629 1444 1662 1487 re
1682 1426 1825 1487 credebat
1837 1427 1903 1487 hee-

313 1535 423 1577 ucrum
436 1521 481 1578 est
495 1517 579 1596 quod
593 1536 687 1596 supra
703 1519 884 1578 monuimus
894 1517 916 1595 ¹,
930 1519 1081 1598 hyposta·
1135 1515 1248 1576 retious
1259 1515 1321 1591 ille,
1337 1516 1394 1576 etsi
1408 1516 1503 1577 verbo
1516 1523 1654 1595 negaret.
1671 1518 1795 1579 Etenim
1810 1519 1903 1597 paulo

313 1609 372 1669 sim
385 1616 530 1669 naturam
545 1608 644 1688 ipsam
657 1609 783 1688 proprie
797 1610 970 1688 significare
986 1630 994 1670 ι
1016 1628 1081 1670 uon
1135 1611 1205 1687 post
1218 1608 1369 1687 queritur,
1394 1608 1569 1669 Nestorium
1595 1609 1767 1670 odiduoere
1795 1611 1902 1671 Chris·

312 1707 418 1762 tamen
432 1700 583 1774 absolute,
604 1701 808 1780 universeque
829 1707 1006 1781 spectatam,
1028 1701 1082 1763 scd
1134 1705 1203 1760 tum
1217 1700 1250 1759 in
1265 1699 1341 1760 dues
1354 1717 1510 1779 personas,
1534 1707 1565 1762 et
1577 1702 1759 1781 hypostases
1780 1703 1903 1782 penitus

313 1791 561 1869 determinatam,
578 1797 609 1852 et
617 1793 739 1853 affixam
753 1793 808 1852 uni
822 1793 994 1854 individuo.
1013 1794 1081 1860 Qua
1134 1811 1194 1853 ase
1206 1798 1318 1852 mutuo
1329 1792 1481 1852 divisast:
1496 1813 1512 1849 ν
1530 1793 1614 1872 quod
1631 1794 1798 1873 respondet
1811 1813 1904 1874 supe-

312 1886 431 1945 ratione
454 1889 567 1945 natura
591 1884 802 1944 consideratur
816 1884 1023 1963 potissimum,
1046 1891 1082 1946 ut
1134 1884 1269 1945 rioribus
1278 1884 1410 1945 Nestorii
1423 1884 1537 1961 verbis,
1552 1884 1666 1964 quibus
1683 1890 1806 1947 naturas
1825 1886 1902 1948 dibi·

312 1982 357 2037 est
371 1985 450 2041 actu.
467 1981 498 2037 et
513 1976 649 2049 aristeas,
661 1975 780 2037 etiamsi
791 1976 828 2036 de
843 1976 910 2054 ejus
926 1977 1082 2056 personali
1133 1995 1179 2036 sas
1193 1976 1309 2037 asserit.
1330 1978 1499 2035 Possumus
1518 1982 1626 2037 tamen
1642 1984 1773 2040 ὑπόστασιν
1791 1979 1842 2039 hio
1861 1981 1901 2041 ab

310 2067 497 2148 proprietate
508 2067 637 2128 minime
651 2069 813 2145 cogitetur.
829 2068 975 2141 Quamvis
988 2067 1080 2129 natu·
1134 2068 1247 2147 Cyrillo
1262 2085 1318 2147 pro
1332 2073 1442 2129 notura
1459 2072 1616 2147 sumptam
1628 2068 1771 2130 arbitrari
1792 2071 1902 2133 indivi-

310 2160 416 2220 raliter
434 2165 465 2221 et
485 2160 642 2221 ordinario
669 2177 739 2232 usu,
764 2159 924 2221 indiuidua
941 2160 1028 2221 nulla
1042 2162 1081 2222 sit
1109 2155 1112 2161 ’
1132 2160 1207 2235 dura,
1218 2164 1248 2220 et
1262 2160 1362 2238 reipsa
1374 2159 1523 2219 existente
1534 2177 1605 2238 quoe
1619 2160 1747 2221 rationis
1760 2161 1902 2224 differen-

310 2256 423 2313 natura
434 2270 490 2331 per
501 2270 544 2327 se,
560 2252 787 2331 separatimque
801 2252 968 2313 subsistens
980 2271 987 2312 ι
997 2254 1079 2314 unde
1132 2252 1175 2313 tia
1189 2268 1349 2330 apersona
1365 2258 1537 2331 ιὺισσσσπάπῳ,
1555 2256 1586 2313 et
1598 2270 1654 2331 per
1667 2271 1711 2326 se,
1725 2272 1762 2315 ao
1776 2272 1900 2334 separe-

310 2346 392 2405 inter
415 2343 642 2419 individualiter,
670 2348 706 2403 ut
728 2352 852 2418 vocant,
878 2345 1080 2425 propriasque
1133 2344 1191 2405 tim
1205 2343 1355 2403 existente
1374 2343 1466 2404 distet
1481 2363 1489 2402 t
1504 2343 1554 2404 vel
1574 2349 1656 2405 oerte
1673 2363 1743 2424 quae
1762 2362 1901 2409 commu-

311 2437 516 2517 singularium
529 2442 616 2496 notas
623 2436 778 2497 recenseri
786 2437 927 2497 soletista
942 2456 1078 2517 quoque,
1132 2436 1214 2497 niter
1228 2441 1392 2514 utramque
1398 2435 1620 2516 complectatur
1632 2442 1696 2497 tam
1710 2438 1900 2517 singularem

311 2548 367 2610 per
381 2547 424 2605 se,
439 2535 471 2589 et
483 2547 547 2589 nou
568 2529 602 2588 in
620 2528 680 2588 alio
704 2528 895 2604 cohaerendi;
916 2547 986 2608 ques
1006 2530 1079 2590 ulti-
1133 2535 1164 2591 et
1172 2528 1355 2589 existentem
1369 2527 1482 2596 solum,
1498 2545 1593 2607 quam
1607 2529 1792 2609 completam
1806 2530 1899 2592 etiam

310 2636 400 2682 mum
427 2628 547 2683 nuturae
570 2620 846 2699 complementum,
883 2639 948 2681 non
974 2626 1079 2683 tamen
1132 2623 1259 2701 proprio
1273 2619 1457 2679 subsistendi
1469 2620 1573 2680 modo.
1583 2620 1741 2700 Siquidem
1750 2639 1814 2682 uon
1828 2622 1901 2683 sim·

311 2721 437 2787 σὺσιῶὺες,
450 2714 482 2774 id
496 2718 542 2773 est
563 2712 782 2780 substantivum,
803 2712 896 2790 vulgo
915 2714 1077 2791 essentiale,
1132 2714 1251 2794 pliciter
1268 2711 1346 2772 dixit
1369 2720 1525 2789 ὑποστάσεις,
1545 2713 1591 2773 uti
1615 2725 1735 2794 πρόσωπα
1756 2714 1897 2776 dixerat:

311 2805 433 2865 dicitru.
449 2806 512 2866 Neo
526 2804 611 2865 aliud
621 2806 729 2864 Patres
743 2803 811 2863 illos
824 2805 918 2883 paulo
929 2807 1078 2867 vetustio-
1132 2805 1185 2867 sed
1198 2803 1310 2883 adjecit
1315 2803 1443 2884 penitus,
1464 2804 1514 2863 vel
1536 2804 1698 2866 muuimode
1715 2825 1735 2867 a
1753 2824 1782 2866 se
1800 2813 1900 2867 muttro

310 2915 360 2957 ros
368 2897 402 2957 in
416 2897 596 2976 explicanda
609 2896 768 2974 hypostasi
781 2900 901 2956 secutos
921 2897 1054 2959 arbitror
1070 2918 1076 2958 :
1132 2898 1240 2959 diuisos
1254 2915 1266 2958 .·
1280 2901 1426 2974 tanquam
1441 2895 1505 2955 sola
1517 2914 1577 2956 uox
1592 2903 1726 2970 ὑπόστασις
1743 2916 1807 2958 non
1826 2916 1901 2959 exus-

311 3007 388 3070 quos
401 2993 530 3068 apparet
541 2987 581 3048 ad
594 2993 714 3047 naturae
728 2985 967 3065 popularitatem
980 2991 1079 3069 ipsam
1133 2995 1242 3071 quaret
1255 3005 1394 3067 personas
1407 2987 1578 3065 notionem,
1597 2989 1644 3048 uti
1662 3008 1763 3069 neque
1782 2998 1900 3051 natura

311 3082 465 3161 praecipue
488 3085 664 3159 respectum
687 3078 831 3138 habuisse
848 3079 961 3157 potius,
985 3098 1079 3160 quam
1132 3081 1343 3145 vocabulum:
1368 3079 1429 3139 nisi
1446 3084 1558 3141 cmtera
1580 3080 1816 3160 subjicerentur,
1830 3100 1899 3162 quar

311 3173 351 3234 ad
365 3172 550 3233 subsistendi
577 3170 718 3231 modum.
735 3169 828 3248 Atqui
838 3169 889 3230 illa
903 3171 968 3250 ipsa
980 3173 1082 3253 stupu·
1132 3181 1284 3253 tanquam
1305 3170 1511 3231 differentiam
1538 3173 1739 3243 constituunt,
1762 3192 1834 3253 queo
1861 3175 1899 3234 ad

313 3265 418 3326 toritas
432 3265 559 3325 notione
580 3262 767 3341 disjungitur
774 3262 814 3321 ab
824 3262 934 3322 ultimo
941 3264 1080 3344 comple·
1132 3268 1585 3329 tumtseuaaommunenomen
1605 3270 1636 3324 et
1650 3266 1801 3326 rabonem
1813 3266 1899 3327 addi·

312 3354 1081 3436 mento‚modoquesnbsistendielinqualicumque
1133 3356 1176 3429 ts,
1195 3352 1320 3432 plenam
1338 3334 1490 3433 suppositi
1512 3373 1548 3415 aa
1574 3374 1715 3435 personae
1747 3357 1900 3419 definitio-

312 3450 483 3525 individuo,
497 3448 557 3509 hoo
566 3454 612 3510 est
629 3464 825 3527 quacumque
834 3448 954 3509 ratione
963 3449 1080 3509 consis-
1133 3461 1207 3505 nem
1217 3445 1417 3507 absolvit.Sie
1426 3447 1460 3506 in
1469 3448 1669 3526 sequentibus
1682 3450 1722 3509 ad
1728 3450 1901 3530 hypostasis

312 3547 396 3603 tente
406 3541 600 3613 discernitur,
615 3540 698 3620 quod
712 3560 728 3598 a
743 3539 843 3619 reipsa
857 3557 961 3600 veram
975 3540 1078 3614 habet,
1132 3538 1318 3600 vocabulum
1329 3539 1472 3619 quaedam
1485 3539 1627 3618 adjungit
1639 3540 1772 3618 similia,
1788 3541 1901 3621 quibus

312 3640 343 3696 et
355 3633 527 3694 naturalem
554 3633 739 3694 exstantiam
764 3630 788 3705 i,
804 3652 819 3688 ν
842 3636 876 3691 ut
897 3633 1082 3711 Hippolytus
1132 3630 1236 3710 plena,
1247 3636 1278 3691 ot
1290 3631 1426 3711 perfecta
1438 3632 1659 3710 disjunctio,ao
1672 3634 1824 3713 separatio
1836 3636 1899 3714 pri-

312 3725 462 3805 loquitur.
1132 3723 1239 3789 vatim,
1255 3734 1286 3782 et
1295 3722 1423 3782 seorsim
1438 3722 1620 3784 cohaerentis
1634 3724 1795 3805 utriusque
1808 3732 1898 3787 uatu-

353 3817 392 3877 ll.
415 3815 573 3877 Nestorius
595 3815 677 3893 apud
692 3815 844 3895 eyrillum
860 3815 1018 3877 haereticos
1031 3816 1080 3876 in·
1132 3831 1187 3886 rae,
1199 3814 1249 3874 vel
1262 3813 1435 3893 hypostasis
1447 3814 1643 3893 exprimitur.

311 3908 459 3982 cessabat,
481 3906 613 3967 Mariam
633 3910 746 3966 ὑεσπὺκσν
775 3906 964 3986 appellantes
982 3925 1019 3968 ea
1042 3908 1081 3969 de
1172 3905 1226 3966 Ill.
1244 3905 1332 3966 Idem
1346 3905 1414 3967 fieri
1427 3905 1582 3985 judicium
1596 3907 1687 3970 debet
1700 3911 1739 3971 de
1751 3927 1800 3987 eo,
1815 3911 1897 3989 quod

311 4017 429 4075 oausa;
462 4018 477 4057 a
491 4003 527 4059 ut
541 3998 718 4058 mistionem
736 3996 930 4067 inducerent,
954 4004 985 4060 et
1004 3999 1081 4061 duas
1131 3998 1165 4058 in
1174 3998 1449 4067 anathematismis,
1456 3998 1507 4060 vel
1514 4000 1553 4061 ad
1563 4017 1615 4061 eos
1626 4001 1897 4082 scripsitCyrillus.

311 4097 438 4153 naturas
460 4108 525 4150 non
551 4089 787 4151 dividerentur
815 4090 947 4170 Gyrillus
965 4091 1003 4152 de
1023 4093 1081 4152 hac
1131 4090 1167 4151 tn
1194 4089 1370 4151 defensione
1393 4091 1487 4169 primi
1513 4098 1622 4153 contra
1656 4093 1896 4167 Theodoretum,

311 4202 406 4263 agens
418 4181 658 4243 illiussententia
670 4183 817 4243 simulare
826 4184 930 4262 ipsum
943 4183 986 4244 ait
996 4183 1081 4245 hunc
1131 4198 1204 4251 aum
1214 4181 1265 4243 lrio
1275 4181 1410 4256 dixisset,
1418 4205 1433 4242 ιι
1445 4203 1464 4244 a
1478 4183 1533 4245 Dei
1551 4183 1665 4259 forma,
1675 4184 1807 4246 tormam
1817 4188 1899 4249 servi

311 4283 443 4351 metum,
462 4293 503 4335 ne
524 4275 593 4353 quis
611 4274 670 4335 Dei
690 4275 871 4350 genitricem
884 4294 998 4337 vorans
1011 4276 1082 4337 Vir·
1130 4281 1321 4353 assumptam
1338 4274 1490 4352 fuisset,»
1514 4277 1626 4355 quaerit
1644 4277 1682 4337 de
1694 4294 1743 4354 eo,
1762 4283 1899 4341 «uuum

310 4370 426 4449 ginom,
444 4365 669 4443 contusionem,
694 4371 725 4427 et
738 4367 986 4428 commistionem
1000 4368 1081 4429 inter
1131 4366 1209 4429 eitra
1223 4367 1414 4447 hypostases,
1429 4367 1514 4443 solae,
1538 4386 1574 4430 ao
1588 4387 1643 4449 per
1657 4369 1771 4448 seipsas
1789 4369 1898 4432 formae

310 4479 342 4522 se
353 4461 560 4541 hypostaseon
571 4457 639 4518 lieri
652 4457 925 4521 existimetiani
938 4468 1083 4533 ὑποστάσεις
1130 4461 1331 4521 convenerint
1347 4479 1382 4520 :a
1413 4466 1481 4521 tum
1508 4479 1565 4540 pro
1588 4460 1724 4523 confesso
1750 4460 1808 4522 sibi
1833 4462 1898 4542 ipse

347 4666 368 4705 a
387 4650 497 4705 Crurtu.
514 4647 579 4704 dial.
602 4646 664 4704 lde
681 4651 762 4703 Tria.
787 4645 822 4700 ‘tl
838 4645 864 4699 δὲ
884 4645 1018 4709 ὑπόστασις
1030 4647 1084 4700 καθ’
1167 4650 1319 4707 duratae.
1348 4649 1415 4705 ibid.
1434 4648 1551 4722 Φορμὺν,
1576 4652 1618 4705 καὶ
1645 4651 1777 4726 harpasa
1803 4653 1848 4722 elo
1864 4651 1899 4715 εἰς

311 4733 364 4795 ἑνὸς
383 4732 412 4784 ἅν
437 4734 519 4786 νοοῖτο
544 4732 754 4804 πρεπωδέστερον,
779 4729 834 4785 οὔτε
865 4733 909 4797 τῆς
941 4732 1083 4799 κοινότητος
1132 4733 1251 4803 ἀλλήλας,
1266 4733 1387 4806 φημλτῶν
1401 4734 1558 4788 ὓποοτάοεων
1573 4736 1683 4807 γενέσθαι
1696 4738 1808 4808 νομίοοις.

312 4815 427 4879 tiresian
445 4815 473 4870 rb
494 4814 655 4886 δηλούμενον,
680 4814 736 4869 οὔτε
760 4814 808 4887 μὴν
829 4813 970 4889 ἀναχέομσά
990 4833 1026 4886 τε,
1042 4815 1082 4868 καὶ
1167 4820 1309 4874 ecttttuu.
1329 4817 1430 4880 Διῖστὰς
1441 4817 1474 4882 εἰς
1491 4819 1534 4871 tto
1547 4820 1668 4890 πρόσωπά
1680 4838 1717 4887 τι,
1736 4820 1777 4874 καὶ
1790 4819 1899 4875 buon&-

312 4899 466 4970 ἀνακιρνῶοοι
479 4897 539 4970 πρὸς
552 4897 582 4951 rb
595 4896 733 4970 ἀοινμφανές
742 4897 778 4952 ἔτι
792 4898 821 4952 τὸ
831 4897 977 4951 addiscendo
992 4916 1029 4961 rs,
1041 4897 1082 4950 καὶ
1131 4920 1180 4964 οεις
1193 4900 1334 4974 ὁλοτρὺπως
1347 4901 1463 4969 ἀλλήλων
1477 4903 1632 4974 διῃρημένος.

314 4981 405 5043 torsus.
563 5006 572 5017 ·
1166 4983 1187 5057 s
1201 4985 1311 5039 Centau.
1330 4990 1434 5039 caustro
1454 4983 1557 5039 Theoti.
1582 4983 1685 5053 Ἐπειδὴ
1704 4986 1731 5039 u
1749 5005 1817 5058 φησι,
1832 4986 1899 5058 παρὰ

348 5066 365 5122 b
384 5066 495 5120 Htl’uot„
519 5079 615 5135 opusc.
637 5071 733 5121 iconi.
749 5069 851 5122 Berott.
871 5063 933 5119 Κατ’
947 5062 1023 5133 abuit
1037 5063 1080 5134 ιὴν
1129 5069 1172 5133 τῆς
1184 5070 1228 5120 τοῦ
1239 5062 1295 5121 broi
1313 5071 1406 5139 μορφῆς
1421 5065 1515 5140 μορφὴν
1536 5066 1699 5139 ἀναληφθῆναι
1712 5067 1812 5122 dodiau
1828 5070 1896 5122 brba·

313 5150 390 5212 ὄντως
404 5148 493 5218 ἀληθῆ,
503 5148 543 5201 καὶ
556 5146 656 5219 φυσικὴν
672 5147 781 5221 ὕπαρξιν.
1128 5150 1207 5203 osteor
1220 5150 1358 5223 παρελθὼν,
1368 5149 1389 5203 sl
1402 5150 1461 5223 δίχα
1471 5157 1520 5204 τῶν
1530 5150 1687 5204 incuriosus
1700 5153 1783 5223 pisas,
1793 5151 1834 5205 uod
1843 5150 1898 5205 καθ’

348 5248 362 5288 o
381 5235 491 5289 Curuus.
509 5232 534 5288 ll
558 5237 662 5288 ootttttt
676 5236 754 5289 Nest.
768 5249 802 5289 ex
818 5233 895 5291 Nost.
920 5231 1083 5305 Ὦςκράοεως
1129 5231 1216 5296 ἑαυτὰς
1223 5233 1247 5285 al
1260 5233 1352 5305 popponi
1360 5234 1478 5301 συνῆλθον
1489 5233 1619 5302 ἀλλήλαις.
1634 5232 1712 5298 Ἀλλ’,
1727 5229 1807 5306 οἶμαι,
1821 5253 1895 5288 uara·

311 5317 450 5390 γινομένης,
464 5315 505 5370 καὶ
513 5320 563 5370 τῶν
577 5314 621 5369 uto
634 5314 728 5388 pilosae
744 5314 777 5388 μὴ
789 5317 975 5389 διαιρουμένων.
1129 5316 1201 5370 balei
1210 5316 1250 5370 sat
1264 5315 1336 5379 aitte
1350 5315 1434 5371 ἑαυτὸν
1443 5316 1552 5372 αὐτόθεν.
1562 5314 1645 5389 οὑγᾶρ
1654 5317 1797 5389 ὁμοιότητες
1810 5318 1896 5380 ἁπλῶς

341 5487 350 5527 t
366 5487 417 5542 Cap.
431 5499 445 5533 ι,
457 5486 472 5542 S
482 5487 502 5527 s.
