3990 6130
534 285 583 346 DE
602 282 901 363 {actualitatis
924 284 996 347 tta.
1018 284 1089 362 VII,
1112 283 1195 347 CAP.
1218 284 1287 344 VII.
1634 285 1691 346 lat

110 454 218 529 νίιίεσι,
240 471 308 514 non
327 450 490 532 intelligat,
515 450 644 512 formari
664 467 704 511 cx
722 455 823 528 utero,
845 456 877 512 et
925 451 1060 525 titatem,
1075 456 1107 511 ct
1125 448 1365 531 inseparabilem
1378 450 1566 525 unitionem,
1588 448 1693 512 anima

111 545 221 610 mereri
233 563 361 608 servum
380 543 460 620 lieri,
487 549 519 605 et
539 547 680 623 tempore
700 546 877 622 opportuno
926 541 1051 603 Domini
1063 541 1242 605 futurorum
1254 542 1430 622 cognitione
1440 542 1626 624 locupletata
1635 547 1692 616 est,

113 638 260 714 exaudhi,
280 642 375 717 atque
385 636 536 698 auxilium
548 640 685 713 spectare
698 639 876 714 paternum,
926 635 971 695 uti
994 638 1026 696 at
1043 635 1267 696 miraculorum
1285 634 1429 697 facultate
1444 643 1691 709 ceterorum⁶,»

113 740 142 794 et
152 729 322 792 confortari
331 730 366 790 in
378 728 522 797 Domino,
539 732 570 789 et
583 726 806 806 possessionem
820 730 879 786 ter·
928 730 986 788 etc.
1000 726 1045 787 Ac
1059 727 1189 788 subinde
1210 746 1217 787 :
1238 749 1253 785 α
1268 727 1436 788 Sciendum
1449 731 1505 803 est,
1520 727 1633 809 inquit,
1655 744 1695 789 nc

113 842 216 887 mrum
244 840 285 885 cx
316 827 459 901 tempora
483 819 639 899 erupere,
668 819 709 880 ad
735 823 880 880 astruam
927 836 1054 880 servum
1074 819 1199 898 quidem
1224 837 1312 897 posse
1331 837 1388 880 nos
1410 819 1500 880 illum
1520 820 1692 880 nominare.

115 916 212 978 carnis
225 914 339 977 Christi
352 913 476 995 proprie
487 910 668 991 pertinere?
681 930 697 969 ο
930 911 1089 990 Siquidem
1098 911 1265 987 servitutis,
1276 917 1307 972 et
1316 911 1537 973 dominationis
1544 911 1697 972 voeabula

7 1029 78 1073 εοεαε
151 1009 204 1069 Vl.
228 1007 291 1069 lilii
303 1024 378 1068 varo
392 1022 431 1067 ex
446 1004 587 1065 Patribus
597 1003 754 1064 Christum
766 1008 882 1080 negant
930 1021 995 1064 non
1017 1009 1138 1065 natura
1151 1009 1225 1065 sunt
1237 1004 1363 1078 indicia,
1381 1004 1434 1065 sed
1453 1020 1492 1064 ex
1513 1021 1622 1064 eorum
1647 1021 1698 1082 gc

7 1092 83 1193 ’ἧι-θ
115 1095 406 1159 servumexstitisse.
423 1095 464 1156 Ut
473 1093 642 1173 Dionysius
654 1091 882 1154 Alexandrinus
930 1115 1017 1173 nere,
1044 1114 1111 1177 qua
1138 1097 1275 1157 suntad
1302 1096 1386 1157 aliud
1406 1096 1698 1176 :quemadmodum

7 1206 96 1298 περ*
115 1190 146 1251 in
158 1186 341 1270 epistolaad
351 1186 484 1249 Paulam
496 1185 714 1246 Somototeaum
729 1182 753 1252 ¹.
774 1188 805 1244 et
817 1199 881 1243 ret·
930 1190 1136 1271 paternitatis,
1152 1195 1183 1250 et
1201 1189 1336 1250 filietatis
1356 1188 1496 1250 nomina.
1520 1189 1593 1249 Haec
1614 1187 1700 1249 enim

7 1266 60 1312 ’μ’
115 1282 265 1362 musone
278 1279 319 1341 ad
332 1279 536 1358 quaestionem
552 1277 716 1356 septimum
730 1275 880 1352 ejusdem·
932 1300 997 1343 non
1019 1280 1233 1354 substantiam,
1263 1281 1316 1341 sed
1341 1280 1558 1341 habitudinem
1581 1279 1700 1358 signifi-

117 1374 233 1453 Quippa
252 1372 388 1432 formam
407 1370 488 1432 servi
511 1369 661 1429 duntaxat
679 1368 827 1443 induisse,
848 1371 885 1426 ut
932 1379 1015 1435 cant.
1027 1374 1109 1434 Nam
1124 1379 1158 1433 ut
1169 1373 1202 1433 in
1217 1372 1413 1451 ignoratione
1423 1372 1567 1446 diximus,
1588 1372 1612 1432 si
1631 1371 1702 1432 sub·

117 1464 156 1526 ait
165 1463 334 1543 Apostolus
344 1462 369 1539 ¹,
380 1464 440 1524 boc
454 1466 500 1523 est
513 1461 647 1539 speciem
657 1466 688 1521 et
697 1460 884 1538 imagincm3
932 1465 1038 1526 lilibus
1060 1464 1316 1542 cogitationibus,
1341 1465 1406 1524 sive
1432 1463 1561 1524 minutis
1588 1462 1702 1523 mentis

118 1557 243 1637 qumdo
255 1575 288 1618 se
313 1555 353 1616 ad
366 1555 460 1634 pedes
473 1552 696 1632 discipulorum
715 1551 886 1613 abluendos
933 1557 1207 1636 imaginationibus
1221 1562 1360 1617 creatum
1374 1555 1415 1615 ab
1430 1556 1569 1617 increato
1590 1554 1702 1615 discer-

118 1648 262 1710 dcmisit:
283 1646 420 1726 «Neque
445 1663 518 1706 vero
545 1644 645 1705 forma
667 1643 747 1704 servi
779 1660 886 1703 servm
934 1668 1000 1724 nas,
1015 1667 1104 1710 serva
1120 1654 1166 1710 est
1186 1667 1269 1723 caro,
1285 1647 1346 1710 nisi
1359 1648 1422 1709 Deo
1437 1646 1539 1708 Verbo
1559 1645 1702 1724 copulata

119 1746 170 1815 est,
183 1740 301 1819 inquit.
317 1740 359 1800 Ut
373 1737 559 1799 sifumulum
572 1753 666 1797 suum
679 1734 887 1813 herusjubeut
934 1741 984 1802 sit.
1007 1742 1068 1802 Sed
1081 1741 1136 1802 ubi
1150 1742 1244 1801 semol
1258 1739 1429 1801 secundum
1442 1738 1634 1818 hypostasim
1656 1743 1703 1798 cst

120 1833 229 1912 pellem
243 1831 311 1892 ovis
321 1831 463 1905 induere,
475 1830 525 1891 vel
535 1829 569 1889 in
579 1829 680 1907 primo
688 1827 757 1889 loco
766 1844 888 1888 accum-
935 1833 1111 1911 conjuncta,
1126 1832 1256 1913 quinam
1279 1832 1337 1894 erit
1357 1829 1467 1893 serva?
1486 1829 1609 1891 Etenim
1630 1847 1702 1890 oum

120 1924 187 1987 bere
202 1945 211 1985 t
224 1942 328 2003 neque
342 1927 504 2003 propterea
517 1920 658 1981 liheriaie
668 1922 784 1980 donare
797 1918 887 1979 illum
936 1944 1019 1986 unus
1032 1926 1071 1986 sit
1086 1925 1235 2001 Christus,
1252 1943 1316 1985 non
1328 1930 1428 2004 potest
1442 1924 1489 1984 sui
1503 1940 1569 1983 essa
1582 1939 1700 1996 servus,

120 2017 199 2091 velit,
216 2028 344 2079 nonan
358 2015 443 2095 quod
465 2013 592 2074 ovillam
614 2012 743 2087 gestavit
760 2012 886 2092 pellem,
937 2023 968 2078 ct
987 2015 1143 2078 dominus.
1160 2017 1282 2095 Quippe
1296 2034 1361 2076 non
1373 2017 1431 2076 ista
1451 2019 1523 2075 sunt
1541 2033 1580 2075 en
1593 2030 1703 2074 eorum

121 2127 205 2170 ovam
218 2109 405 2187 assumpsit;
422 2124 524 2184 neque
539 2105 621 2186 quod
633 2105 735 2185 primo
748 2104 816 2165 loco
836 2122 886 2165 ac·
936 2126 1062 2187 genere,
1074 2125 1145 2187 quae
1153 2108 1334 2186 simpliciter
1343 2107 1489 2167 dicunbnr
1504 2125 1511 2166 :
1528 2105 1702 2166 acdeorum

121 2202 235 2278 cubuit,
262 2201 378 2280 coipso
392 2198 567 2259 libertatem
580 2198 696 2278 accepit
709 2206 734 2258 ⁶.
749 2216 765 2255 ο
781 2198 825 2257 Ac
839 2215 889 2257 su·
936 2201 1060 2279 potius,
1082 2218 1153 2279 quaa
1174 2200 1352 2260 referuntur
1377 2198 1417 2259 sd
1440 2197 1584 2258 alterism.
1608 2196 1703 2275 Cujus

120 2293 211 2355 binde
220 2297 320 2372 negat
333 2291 505 2365 Christum,
520 2310 536 2348 a
549 2289 603 2369 qui
617 2294 730 2350 natura
742 2287 889 2351 dominus
937 2310 1011 2371 ergo
1039 2310 1145 2352 servus
1173 2290 1252 2352 erit?
1282 2291 1330 2352 An
1359 2289 1482 2350 Patris?
1513 2290 1613 2368 Igitur
1639 2306 1704 2348 non

121 2393 192 2459 erut,
207 2386 305 2446 fuisse
315 2389 427 2444 natura
440 2400 563 2473 servum
572 2380 620 2442 ί.»
938 2383 1044 2445 omnia
1056 2403 1126 2464 quae
1140 2383 1230 2445 Pater
1243 2383 1347 2455 habat,
1363 2387 1436 2443 sunt
1448 2381 1529 2454 Filii,
1548 2380 1579 2440 si
1587 2395 1643 2453 est,
1660 2385 1705 2441 est

156 2479 294 2539 loannes
308 2494 382 2537 vcro
396 2476 602 2537 [damascenus
615 2472 779 2552 copiosius,
797 2490 833 2533 ac
843 2472 889 2531 di·
937 2475 988 2536 hic
1003 2476 1099 2537 Patris
1111 2493 1230 2546 servus,
1246 2474 1333 2536 nullo
1343 2492 1417 2536 vcro
1430 2474 1523 2536 modo
1537 2472 1585 2532 sui
1598 2472 1703 2549 ipsius.

121 2570 244 2644 sestius,
261 2584 359 2649 quam
378 2566 543 2646 quisqitam
557 2565 636 2626 alius
651 2571 801 2639 veterum,
820 2581 889 2623 cam
939 2568 1100 2642 Quomodo
1113 2570 1188 2628 item
1202 2567 1367 2646 Apostolus
1383 2567 1421 2627 de
1443 2565 1535 2626 nobis
1547 2565 1590 2625 ila
1603 2564 1704 2642 loqui-

122 2663 326 2743 quastionem
340 2659 509 2738 disputans,
526 2659 569 2718 ita
591 2660 686 2718 sensit
707 2676 714 2717 ε
738 2674 802 2717 non
826 2673 890 2717 esse
939 2664 1008 2735 tur3
1025 2661 1131 2739 ltaque
1145 2677 1210 2719 non
1224 2658 1357 2738 amplius
1371 2676 1403 2719 cs
1416 2675 1532 2728 servus,
1547 2655 1703 2730 sedfilius;

122 2754 287 2828 Christum,
303 2752 368 2812 sive
382 2750 544 2811 hominem
558 2750 593 2810 in
606 2748 709 2810 Verbo
723 2748 889 2808 subsistan-
939 2750 978 2812 de
992 2751 1092 2826 nobis,
1107 2752 1247 2831 inquam,
1264 2751 1319 2829 qui
1332 2749 1469 2828 adoptati
1483 2765 1602 2822 sumus,
1618 2746 1644 2807 si
1657 2747 1705 2825 ip·

123 2851 190 2921 am,
211 2843 439 2926 appellandum
454 2842 584 2902 omnino
605 2857 744 2914 servum3
770 2839 891 2900 tametsi
940 2848 1037 2904 semet
1048 2849 1094 2904 cst
1107 2841 1239 2903 servus?
1253 2841 1400 2914 Quocirca
1409 2838 1591 2919 appellativa
1600 2855 1707 2898 servus

125 2956 206 2999 serua
221 2939 264 2999 sit
276 2940 435 3015 assumpta
454 2939 589 2994 natura:
609 2954 624 2991 α
644 2931 811 2994 Sciendum
833 2939 890 3008 est,
940 2941 1077 3006 vocatur,
1096 2951 1168 2995 cum
1191 2935 1223 2995 id
1247 2934 1311 3011 ipse
1332 2932 1460 2993 minime
1478 2931 1518 2991 sit
1533 2950 1541 2991 :
1559 2929 1620 2991 Sed
1633 2948 1706 3009 pro·
1751 2966 1756 2977 ·

124 3030 232 3110 inquit,
248 3028 459 3106 ignorantem,
473 3024 735 3088 etservamillum
748 3029 892 3085 naturam
940 3032 1010 3108 pter
1032 3044 1089 3087 nos
1111 3026 1192 3087 servi
1219 3025 1353 3086 formam
1380 3022 1523 3101 suscepit,
1548 3027 1579 3083 et
1602 3039 1708 3082 servus

124 3122 334 3202 assumpsisse.
350 3119 474 3181 Etenim
496 3135 585 3180 serva
606 3121 652 3178 est
664 3115 831 3177 conditoris
845 3126 894 3187 sui
942 3119 1104 3181 nobiscum
1116 3124 1242 3180 vocatus
1258 3125 1313 3179 cst.
1329 3117 1409 3177 Nam
1433 3133 1506 3175 cum
1530 3113 1709 3194 impatibilis

125 3221 232 3276 natura
252 3213 409 3287 bominis;
432 3229 491 3271 nec
512 3209 607 3272 habet
624 3208 802 3270 futurorum
815 3207 893 3267 noti·
942 3215 1030 3281 csset,
1046 3216 1172 3290 propter
1186 3228 1244 3270 nos
1265 3208 1458 3289 passionibus
1478 3212 1523 3267 est
1541 3205 1707 3285 subjectus,

124 3308 210 3368 fiam.
224 3306 259 3368 Si
277 3305 384 3381 igitur,
406 3303 577 3364 secundum
600 3302 784 3380 Gregorium
804 3297 893 3359 theo·
944 3309 975 3364 et
987 3308 1102 3363 nostras
1113 3302 1220 3362 salutis
1233 3302 1415 3362 administer
1427 3299 1525 3360 iactus
1538 3304 1594 3359 est.
1609 3300 1709 3357 Porro

125 3400 245 3479 logum
269 3397 353 3478 quod
380 3397 504 3457 videtur
526 3395 565 3455 ab
585 3412 622 3455 eo
643 3410 782 3472 separes,
808 3392 891 3471 quod
942 3393 996 3470 qui
1010 3390 1094 3451 hunc
1107 3391 1290 3451 dicantessc
1304 3406 1438 3463 servum,
1455 3386 1597 3448 dividunt
1609 3402 1709 3446 unum

126 3491 325 3570 intelligentia
333 3487 514 3569 percipitur,
530 3505 618 3548 sorva
627 3486 751 3558 dicitur,
767 3489 798 3544 et
806 3482 893 3562 igno·
941 3483 1100 3543 Christum
1121 3483 1155 3541 in
1177 3482 1272 3555 duos,
1300 3485 1335 3540 ut
1355 3479 1512 3540 Nestorius
1527 3476 1551 3539 ί.
1577 3498 1593 3536 ο
1622 3477 1709 3537 Idem

125 3604 196 3647 rans
214 3604 295 3647 caro.
311 3586 431 3647 verum
454 3585 580 3663 propter
594 3581 794 3659 hypostaseos
806 3577 892 3638 iden·
941 3592 1065 3656 quoque
1092 3573 1172 3634 libro
1198 3578 1320 3654 quarto,
1345 3571 1445 3654 capite
1470 3588 1531 3632 xlx
1555 3590 1564 3632 ι
1586 3585 1707 3645 eorum,

159 3798 181 3837 a
200 3779 395 3838 Dtoit.t0m.1l
410 3777 474 3836 att.
493 3774 584 3848 Μορρὴ
600 3774 690 3828 δοιίλσυ
705 3773 750 3827 cita
764 3772 816 3828 ἔστι
833 3775 889 3828 δοῦ·
932 3773 1016 3844 ὥσπερ
1027 3771 1055 3824 τδ
1068 3774 1112 3837 τῆς
1134 3769 1297 3841 πατρθτητος,
1318 3767 1359 3821 καί
1381 3766 1412 3820 τδ
1432 3769 1475 3833 τῆς
1489 3765 1611 3833 υίθτητος.
1631 3769 1711 3819 ταῦτα

127 3866 178 3929 δας.
193 3864 215 3920 τί
226 3865 272 3937 γὰρ
289 3864 381 3918 δαῦλον
401 3861 496 3929 θελήσει
511 3861 525 3914 θ
547 3859 628 3931 ιιιίρισς
641 3857 795 3930 πιριθάλλειν
815 3856 890 3928 δορὰν
933 3855 981 3928 γὰρ
996 3853 1040 3907 oia
1049 3852 1144 3918 οὐσίας,
1159 3853 1225 3905 ἀλλὰ
1234 3853 1344 3924 σχέσεώς
1356 3849 1401 3904 είσι
1415 3849 1550 3917 δηλωτυιά.
1564 3849 1648 3920 ὥσπερ
1661 3847 1710 3919 γὰρ

126 3949 282 4019 micirculi
297 3945 426 3999 ἂναιιλίναι
440 3942 513 3997 atsto
528 3942 594 4014 ίντῇ
612 3940 789 4013 πρωτοκλισίας,
801 3938 890 4011 καὶμὴ
936 3937 975 3992 ἐπὶ
988 3943 1031 4006 τῆς
1045 3936 1146 4009 ἀγνοίας
1160 3933 1271 4007 είπομιν,
1287 3936 1325 3988 θτι
1342 3932 1383 3987 ἐὰν
1398 3932 1495 4005 ἰσχναίς
1515 3929 1632 3994 ἐπινοίαις
1654 3932 1711 3998 ιῖτοί

128 4031 189 4085 θίλει
202 4030 272 4084 αὐτὸν
286 4026 425 4089 ἀπαλλάξαι
440 4031 483 4081 τοῦ
504 4023 627 4079 δουλεύειν
648 4022 726 4094 αιἰτῷ,
742 4022 771 4075 ct
784 4021 850 4093 παρὰ
864 4020 892 4075 td
935 4026 978 4076 νοῦ
991 4021 1094 4081 λεπταῖς
1112 4018 1266 4090 φαντασίαις,
1281 4017 1361 4088 διίλης
1379 4015 1408 4070 τδ
1425 4013 1523 4067 κτιστδν
1539 4011 1566 4066 ἐκ
1579 4018 1624 4066 τοῦ
1642 4011 1711 4065 ἀκτί-

128 4116 225 4186 ρορίσαι
237 4115 266 4167 τδ
279 4113 381 4173 κώδιον,
395 4110 519 4181 πρθθατον
532 4106 629 4161 ἔλαθεν.
645 4105 700 4159 οὔτε
714 4105 755 4158 διὰ
769 4104 814 4172 τὴν
827 4123 894 4176 πρω-
936 4124 1006 4170 στσυ,
1022 4101 1098 4170 δοθλη
1122 4100 1185 4154 ἐστίν
1199 4100 1215 4168 ἡ
1229 4098 1298 4171 σὰρξ,
1315 4097 1336 4152 εί
1351 4097 1383 4170 μὴ
1400 4096 1482 4165 ἤνυτο
1496 4101 1533 4167 τῷ
1556 4096 1604 4166 θεῷ
1624 4095 1711 4167 λόγῳ,

129 4196 249 4251 τοιιλισίσν
259 4193 405 4258 ἂνωιλιθεὶς,
421 4190 446 4245 ίν
460 4192 541 4262 τούτῳ
555 4190 641 4243 ἔλαθεν
657 4187 802 4259 ίλευθερίαν.
937 4185 1000 4248 ἅπαξ
1010 4184 1036 4240 δὲ
1052 4184 1170 4238 ἑνωθεῖσα
1185 4182 1239 4236 καθ’
1252 4181 1396 4243 ίπθστασιν,
1411 4184 1464 4241 πῶς
1480 4177 1548 4232 ἔσται
1569 4177 1657 4245 δούλη,
1677 4169 1713 4235 είς

163 4280 180 4336 b
199 4279 264 4334 lbid.
289 4276 323 4331 ‘0
331 4275 401 4347 φύσει
411 4273 499 4347 αθριος,
509 4273 551 4325 καί
565 4271 635 4345 οθχδ
646 4271 715 4343 φύσει
725 4271 822 4332 δοῦλος,
838 4275 892 4324 eto.
937 4269 985 4342 γὰρ
1003 4270 1038 4321 ὢν
1053 4266 1181 4338 θΧριστδς
1202 4265 1230 4319 oi
1253 4263 1352 4318 δθναται
1370 4263 1458 4325 δοῦλος
1479 4252 1565 4314 ἑαυτοῦ
1587 4256 1650 4313 εἶναι
1670 4252 1712 4313 καί

163 4376 178 4417 0
196 4362 310 4417 Damaso.
325 4358 375 4414 lib.
389 4357 426 4413 lll
437 4355 474 4412 de
486 4355 567 4419 Fide,
584 4370 646 4423 cup.
663 4370 719 4410 ιιι.
732 4352 813 4406 astat
824 4351 897 4423 γινιθ·
937 4353 1027 4425 κύριος.
1048 4346 1126 4405 ταῦτα
1139 4349 1186 4422 γὰρ
1203 4348 1231 4402 οὗ
1246 4353 1296 4401 τῶν
1309 4347 1394 4410 ἁπλῶς
1406 4345 1545 4416 λεγομένων
1562 4343 1631 4405 εἰσίν,
1646 4341 1712 4397 ἄλλα

130 4443 303 4510 staminiis
318 4442 361 4515 μὲν
376 4438 670 4512 ἂγνσοθσαν,ιιαίδοθλην
684 4435 800 4489 collata
816 4434 898 4506 ρθσιν-
939 4441 989 4490 τῶν
1004 4435 1065 4507 πρδς
1078 4433 1170 4505 ἕτερον.
1186 4432 1250 4495 τίνος
1268 4425 1310 4483 οὖν
1326 4429 1394 4485 ἔσται
1415 4429 1517 4493 δοῦλος,
1539 4431 1582 4481 τοῦ
1603 4426 1711 4498 πατρίς,

129 4529 168 4580 ul
184 4528 231 4598 γὰρ
249 4526 326 4593 δσιίλη
349 4523 417 4578 ἐστίν
430 4522 447 4590 ἡ
462 4522 589 4594 ἀνθρώπου
607 4520 675 4591 ρθσις
688 4513 732 4572 rot]
750 4519 899 4589 ποιησαντος
941 4512 1028 4573 οὖνοῦν
1043 4516 1071 4570 οὔ
1086 4517 1165 4571 πάντα
1179 4517 1226 4569 θσα
1246 4514 1299 4587 ἔχει
1317 4514 1331 4567 θ
1351 4511 1441 4584 πατὴρ,
1457 4511 1555 4564 καὶτοῦ
1570 4502 1623 4563 uicit
1638 4507 1710 4574 εἰσίν,

130 4609 203 4678 αὐτὴν
214 4610 278 4672 θεοῦ,
291 4608 332 4662 καί
342 4606 388 4660 οὒκ
400 4606 452 4678 ἔχει
467 4604 572 4673 τὴντῶν
587 4604 728 4675 μελλθντων
743 4608 845 4675 γνῶσιν.
857 4599 898 4654 tao
942 4599 1009 4673 εἴπερ
1023 4606 1067 4655 τοῦ
1085 4601 1176 4670 πατρός
1191 4596 1241 4652 ἔστι
1255 4598 1353 4660 δοθλος,
1370 4594 1456 4648 ἑαυτοῦ
1470 4593 1496 4646 δὲ
1510 4590 1640 4663 οὐδαμῶς,
1660 4598 1714 4654 πῶς

131 4689 172 4748 οὖν
186 4693 259 4761 (κατὰ
271 4695 315 4747 τδν
329 4690 445 4761 θεολόγον
461 4689 613 4759 Γρηγόριον)
627 4686 752 4760 χωρίστης
766 4685 795 4739 rb
809 4686 901 4757 δρώμε
942 4682 969 4738 a
980 4684 1035 4756 περί
1048 4682 1119 4755 ἡμῶν
1128 4683 1195 4753 λέγει
1207 4681 1221 4734 θ
1235 4679 1393 4746 Ἀπθστολος,
1405 4677 1469 4731 ὥστε
1480 4674 1524 4729 oia
1531 4674 1567 4729 ἔτι
1583 4668 1606 4728 εί
1615 4675 1712 4741 δουλσς,

132 4796 172 4829 νον
186 4782 229 4830 τοῦ
246 4775 392 4847 νοουμίνου,
407 4770 495 4825 δοθλου
510 4789 537 4824 τι
559 4770 669 4840 λέγεται,
693 4770 733 4822 καί
747 4768 872 4840 ἀγνοοῦσα
884 4766 901 4834 ἡ
944 4766 1000 4820 ἀλλ’
1014 4765 1074 4829 υίδς,
1090 4766 1122 4819 δι’
1139 4759 1214 4818 circi
1227 4762 1420 4830 υίοθιτηθίντων,
1437 4757 1517 4831 εἴπερ
1540 4757 1613 4820 αὖτδς
1625 4758 1714 4821 δοῦλος

132 4859 200 4931 σάρξ.
213 4859 253 4913 διὰ
274 4858 301 4912 δὲ
319 4856 364 4924 τὴν
388 4859 432 4923 τῆς
458 4853 617 4913 θποστάσεως
641 4852 787 4919 ταυτίτητα,
802 4851 842 4903 ναί
856 4849 900 4918 τὴν
944 4849 1010 4918 ίστί,
1024 4853 1211 4921 προσηγορυιῶς
1238 4839 1279 4898 οὖν
1302 4844 1400 4915 λέγεται
1421 4842 1508 4904 δοῦλος
1529 4839 1574 4895 οθιι
1588 4841 1659 4902 αθτδς
1677 4843 1713 4893 ὢν

134 4943 293 4997 δδιόσπαστον
310 4941 410 5006 ἕνωσιν,
432 4935 657 5004 αατεπλοιίτησενίη
677 4929 722 4989 rou
735 4935 819 5006 κυρίου
834 4932 900 5006 ψυχὴ
944 4927 1029 4995 coito,
1046 4933 1078 4984 δι’
1098 4930 1163 5001 ἠμῆς
1176 4929 1203 4982 st
1216 4927 1305 4981 δσθλου
1319 4924 1412 4998 μορφὴν
1434 4923 1548 4996 είληρδις,
1571 4924 1612 4977 καί
1627 4924 1714 4985 δοῦλος

134 5025 178 5093 τήν
191 5031 237 5079 τῶν
251 5025 393 5097 μιλλθντων
402 5028 505 5094 γνῶσιν,
517 5021 599 5082 brial
613 5017 899 5090 τθςλοιπδςθεοσημίας.
946 5018 998 5088 μεθ’
1012 5014 1083 5087 ὴμῶν
1106 5013 1261 5083 κεκλημένος.
1277 5008 1368 5079 θπαθης
1382 5008 1429 5081 γὰρ
1444 5011 1490 5071 ὢν,
1513 5007 1545 5061 δι’
1568 5007 1632 5079 ἡμᾶς
1645 5005 1713 5060 ἐδού-

168 5107 272 5164 albid.
300 5106 393 5161 Ἰσιίον
412 5104 448 5171 bt,
474 5106 512 5157 θτι
533 5102 589 5157 οὐδὲ
617 5103 706 5157 δοῦλον
729 5100 800 5155 αθτδν
820 5101 900 5172 λέγειν
943 5101 1014 5154 λευσε
1031 5098 1126 5160 πάθεσι,
1142 5096 1181 5149 καί
1195 5094 1307 5157 διάκονος
1320 5097 1364 5162 τῆς
1384 5091 1454 5164 ὴμῶν
1469 5090 1591 5161 σωτηρίας
1604 5091 1712 5161 γέγονεν.

135 5192 260 5262 wdecim
284 5190 314 5243 τδ
336 5188 384 5261 γὰρ
409 5192 452 5255 τῆς
478 5185 598 5249 δουλείας,
626 5184 668 5237 καί
690 5188 734 5252 τῆς
761 5183 902 5246 δεσποτείας
944 5182 968 5237 οί
981 5181 1007 5235 δὲ
1021 5182 1135 5253 λέγοντες
1148 5176 1221 5232 αθτδν
1240 5177 1339 5242 δοῦλον,
1356 5177 1469 5232 διίστῶσι
1483 5173 1525 5229 τδν
1544 5172 1588 5229 ίνα
1607 5170 1712 5245 Χριστὸν

137 5274 224 5347 malm,
237 5273 264 5328 οίι
277 5274 371 5347 piatis
391 5270 437 5325 είσι
454 5269 621 5342 γνωρίσματα,
646 5266 711 5322 ἀλλὰ
728 5272 778 5323 τῶν
792 5268 854 5339 πρός
867 5285 900 5331 τι,
944 5264 978 5327 εἰς
986 5265 1040 5320 ato.
1049 5264 1155 5336 καθάπερ
1162 5261 1305 5334 Νεστόριος.

165 5436 638 5497 ιτσιίίδίδλμειθθίμθθθίίιιι.
