3936 6152
477 283 527 343 DE
546 283 845 359 mansuetionis,
869 284 941 344 nte.
963 283 1020 362 ΧΙ,
1043 284 1126 347 GAP.
1147 284 1234 347 VIlI.
1596 284 1656 345 bbb

89 444 287 526 aspectabilem
299 452 418 526 putare.
436 448 525 522 Quod
546 464 620 510 sane
631 449 768 527 joculare
781 455 837 516 ests
889 450 952 510 vit:
967 452 1107 512 Christus
1118 451 1244 529 quidem
1257 456 1394 525 vocatur,
1407 449 1535 530 eoquod
1547 455 1658 511 unctus

90 538 338 617 etincptum.Sed
352 559 518 622 caprorum
531 541 701 621 spiritualis
709 542 838 603 exstitit.
889 550 944 619 est,
961 551 991 604 et
1005 562 1061 623 per
1073 544 1159 604 hrmc
1173 545 1254 605 Deris
1269 543 1425 604 ordinavit
1442 543 1548 602 omniu
1563 562 1569 601 :
1588 562 1658 622 quas

90 631 191 691 Verum
207 649 296 692 cnon
307 631 397 694 aliter
409 635 486 711 ungi
512 639 632 713 poterat
646 637 736 709 Deus,
752 634 840 712 cujus
888 636 1053 717 appellatio
1074 637 1204 697 minime
1226 635 1382 714 cognitam
1402 635 1658 713 significationem

90 724 204 784 thronus
227 725 324 784 estin
341 727 505 796 soeculum,
522 727 581 789 nisi
594 728 683 788 fieret
697 727 803 800 bomo,
819 748 834 784 n
889 732 1049 791 eontinet:
1076 729 1341 809 quemadmodum
1363 728 1418 788 lici
1436 746 1498 787 vox
1524 745 1590 787 non
1613 734 1659 789 est

89 815 397 879 aitPetrusdiaconus
412 817 432 880 ¹.
888 840 1016 897 nomeu,
1039 823 1091 882 scd
1115 822 1221 901 opinio
1239 821 1383 900 quaedam
1403 820 1441 880 de
1455 838 1489 879 re
1508 819 1658 879 ineffabili

122 907 250 968 Pertinet
263 910 303 968 ad
316 909 400 970 idem
409 911 631 972 adstruendum
645 911 699 971 illa
712 913 838 971 Patrum
889 921 1008 976 naturae
1023 914 1188 975 hominum
1197 913 1300 975 insita.
1310 912 1350 973 at
1359 911 1543 973 uocabulum
1555 913 1571 972 J
1575 929 1655 984 esus,

89 999 373 1079 quamplurimorum
400 1003 525 1078 locutio,
550 1004 638 1082 eujus
648 1003 779 1083 sparsim
806 1004 839 1063 in
889 1007 1038 1082 bominis,
1061 1012 1092 1067 et
1119 1005 1283 1066 servatoris
1306 1021 1423 1065 nomen
1446 1015 1477 1063 et
1496 1003 1657 1064 notionem

89 1092 325 1153 antecedentibus
334 1096 475 1174 exempla
488 1097 658 1174 posuimus,
673 1095 728 1174 qui
753 1095 841 1155 Chri·
889 1099 991 1160 babet.
1005 1100 1083 1158 Nam
1095 1103 1126 1157 et
1139 1099 1232 1158 trumo
1246 1096 1344 1159 fuctus
1358 1100 1413 1171 est,
1426 1100 1563 1173 utsupra
1577 1095 1657 1155 dixi·

89 1190 158 1243 stum
178 1203 195 1244 a
217 1203 249 1244 se
264 1184 332 1261 ipsu
354 1192 541 1267 perunctum
568 1194 730 1263 asserunt3
747 1193 840 1266 prout
890 1208 971 1266 raus,
985 1192 1023 1252 de
1038 1191 1093 1252 Dei
1107 1211 1143 1251 ao
1154 1190 1255 1250 Patris
1270 1188 1427 1249 voluntate
1441 1193 1533 1266 partu
1543 1187 1656 1265 editus,

88 1282 184 1335 natura
196 1276 315 1355 duplici
328 1286 457 1339 constat.
473 1281 522 1340 Ita
533 1282 669 1340 ioannes
683 1281 840 1340 Damasce-
888 1289 957 1343 tum
970 1284 1009 1343 ad
1032 1283 1226 1344 credentium
1250 1281 1415 1341 hominurn
1430 1280 1572 1351 salutem,
1589 1284 1657 1339 tum

88 1386 146 1440 uus,
164 1390 178 1424 u
195 1368 271 1447 lpse,
310 1371 423 1449 inquit,
454 1372 655 1451 semetipsum
688 1372 837 1432 inunxit:
889 1377 929 1437 nd
942 1376 1123 1436 evertendos
1143 1372 1328 1435 daemonesi.
1346 1395 1359 1429 o
1388 1372 1591 1450 Perspicuum
1613 1377 1658 1431 est

87 1479 117 1521 ac
128 1467 268 1540 uuquam
284 1464 367 1524 Deus
381 1482 493 1543 eorpus
504 1464 836 1525 unxitdiviuitutesua:
888 1470 948 1530 hoc
970 1469 1005 1529 in
1024 1468 1091 1528 loeo
1114 1468 1273 1528 lustinum
1294 1463 1406 1526 Christi
1421 1482 1536 1524 nomen
1554 1462 1657 1523 Verbo

88 1561 181 1614 unctus
194 1561 237 1615 est
251 1561 370 1627 autem,
382 1562 531 1636 tanquam
541 1558 646 1617 homo.
658 1558 745 1617 Idem
755 1557 839 1617 enirn
890 1561 947 1640 ipsi
961 1562 1096 1621 tribucre
1109 1559 1203 1620 etium
1216 1564 1288 1618 ante
1298 1562 1474 1635 susceptum
1483 1556 1654 1617 homiuem.

87 1645 135 1705 hoc
147 1652 175 1707 et
184 1647 259 1708 illud
273 1655 333 1709 est.
350 1651 448 1709 Porro
463 1650 568 1710 tinctio
581 1649 784 1709 humanitatis
793 1655 840 1709 est
891 1654 1052 1733 Siquidem
1064 1653 1124 1713 boc
1139 1651 1284 1712 babuisse
1302 1649 1490 1709 vocabulum
1502 1649 1555 1724 uit,
1569 1667 1607 1708 ex
1620 1666 1657 1708 eo

87 1736 273 1800 dirimere.»
294 1739 353 1814 Qut
371 1741 414 1801 sic
431 1742 524 1803 sentit
546 1760 582 1802 ac
601 1741 750 1820 loquitur,
765 1759 838 1819 pru·
889 1748 972 1825 quod
987 1748 1067 1806 Deus
1079 1744 1169 1805 Pater
1190 1743 1298 1803 omnia
1321 1760 1376 1820 per
1397 1740 1471 1802 illud
1487 1742 1611 1814 creavit,
1627 1745 1658 1800 et

87 1828 151 1890 lecto
172 1832 215 1891 uti
242 1832 344 1893 solam
371 1833 565 1894 divinitatem
592 1834 772 1907 auctricem,
797 1833 840 1893 sic
889 1839 1044 1899 ordinavit
1060 1857 1067 1898 :
1085 1838 1169 1897 unde
1183 1835 1267 1896 uncti
1281 1852 1397 1895 nornen
1411 1833 1556 1893 obtinuit.
1570 1833 1659 1905 Quod

88 1929 198 1984 aucum
208 1924 307 1985 solam
320 1924 414 1985 luisse
423 1924 650 1988 humanitatem
662 1931 840 1986 necesscest
888 1931 931 1991 sie
952 1931 1043 1990 illum
1064 1929 1249 1989 intellexisse
1268 1935 1344 2007 puto
1371 1926 1494 1987 :filium
1517 1925 1658 1985 tustinus

88 2015 231 2078 eshhmet.
888 2025 954 2084 Deo
969 2022 1051 2082 Patri
1062 2020 1236 2097 subjectum
1246 2018 1270 2093 ¹,
1282 2019 1410 2097 ejusque
1422 2016 1589 2077 voluntatis
1602 2017 1658 2076 ad·

19 2113 63 2156 aa
120 2108 562 2188 IX.Nondecritfurtasse‚qui
576 2127 839 2188 supervacaneam
888 2114 1066 2174 ministrum
1089 2113 1182 2171 inisse
1205 2110 1334 2171 credidit
1360 2130 1367 2169 :
1391 2109 1474 2187 quud
1500 2107 1526 2167 si
1551 2108 1657 2168 dextre

19 2166 70 2259 Ψ
88 2200 153 2261 bene
165 2219 289 2280 operam
314 2218 379 2262 esse
402 2208 541 2262 nostram
562 2203 741 2277 arbitretur,
757 2203 790 2261 in
805 2220 839 2262 rc
888 2206 1110 2284 accipiatur,eo
1125 2203 1344 2263 sensudictum
1357 2198 1655 2279 interpretabimur:

89 2292 301 2353 minimedabia
316 2298 363 2352 tot
381 2294 590 2371 argumentis,
604 2312 639 2353 ae
653 2294 838 2355 testimoniis
888 2299 972 2377 quod
1000 2316 1055 2376 per
1082 2295 1173 2355 illum
1192 2299 1342 2373 tanquam
1365 2311 1421 2373 per
1441 2293 1600 2364 virtutem,
1627 2296 1659 2353 ct

88 2385 275 2462 approbanda.
289 2384 366 2458 Quis
375 2385 459 2445 enim
473 2386 562 2445 facile
576 2387 635 2446 hoc
649 2404 713 2445 non
727 2385 839 2445 intelli·
888 2388 1072 2467 sapientiam
1094 2405 1196 2462 suam,
1216 2391 1248 2446 et
1269 2396 1306 2445 ut
1325 2386 1484 2464 Scriptura
1504 2384 1652 2462 loquitur,

88 2480 138 2550 gat,
153 2486 277 2554 erutum,
294 2478 356 2538 hoc
369 2483 415 2537 est
436 2477 661 2538 sanctificatum
677 2477 838 2537 bominem
888 2480 1071 2540 brachium:
1087 2497 1223 2540 necnon
1238 2476 1417 2557 imperium,
1435 2475 1578 2538 universa
1588 2495 1658 2537 eon-

89 2564 116 2625 in
137 2569 249 2630 Christo
269 2570 374 2630 solum
400 2568 504 2642 fuisse,
529 2589 594 2630 non
621 2571 730 2641 Deum,
754 2569 838 2629 unde
889 2574 976 2641 didit,
998 2579 1029 2634 et
1051 2569 1290 2633 administravit.
1311 2571 1376 2630 Hoc
1401 2568 1496 2645 igitur
1517 2568 1656 2645 nomine,

89 2658 181 2721 Christi
189 2663 354 2742 appellatio
364 2660 536 2741 profluxit?
548 2662 609 2722 Sed
622 2662 648 2722 si
661 2662 687 2722 is
701 2660 838 2721 animad-
888 2674 1006 2748 Χριστόν,
1019 2665 1051 2725 id
1065 2670 1110 2725 est
1123 2671 1245 2724 coctum
1259 2707 1267 2736 ,
1282 2661 1469 2740 appellatum
1482 2659 1575 2721 hrissc
1582 2662 1604 2721 d
1606 2679 1659 2721 us-

88 2754 204 2829 rerterit,
218 2762 286 2816 tum
301 2754 464 2815 hereticos
474 2754 644 2833 quosdam;
662 2755 837 2815 tumetium
889 2759 972 2819 tinrrs
986 2757 1125 2829 eredidit,
1142 2754 1225 2833 quod
1239 2755 1278 2815 ad
1297 2752 1384 2813 illam
1396 2752 1589 2812 functionem
1602 2753 1656 2813 ad-

88 2845 229 2907 ratholicos
248 2847 423 2924 theologos,
453 2847 552 2926 ipsam
581 2845 695 2909 Christi
705 2846 838 2926 appella·
888 2849 1033 2911 hibitusa
1046 2843 1655 2915 Patreluerit:tumctiamrexomnium‚

89 2936 196 3011 bouem,
220 2946 252 3001 et
278 2958 318 3000 ea
339 2939 542 3018 significatam
563 2939 754 3015 unctionem,
781 2939 838 2999 soli
888 2944 1125 3018 moderatorque
1138 2937 1321 2999 constitutus
1335 2955 1342 2995 :
1354 2935 1618 3014 quemadmodum
1627 2941 1658 2996 et

90 3026 234 3109 imputasse
248 3031 416 3106 divinitati,
432 3040 600 3110 autequam
613 3048 686 3092 cum
699 3031 839 3091 humana
856 3076 860 3083 -
888 3034 1051 3115 Apostolus
1075 3029 1227 3111 significat
1248 3030 1281 3090 in
1300 3028 1431 3108 epistola
1448 3023 1488 3087 cd
1506 3026 1654 3103 Hebrum,

89 3127 181 3183 nabun
190 3124 376 3202 jungeretur
391 3144 398 3183 :
413 3122 491 3183 elios
502 3140 540 3184 ex
553 3123 682 3183 adverso
694 3123 747 3182 uni
758 3123 838 3183 dun·
887 3127 931 3188 ita
944 3126 1091 3201 scribone,
1107 3123 1198 3200 Quem
1211 3119 1364 3184 constitnit
1377 3118 1521 3180 heredem
1535 3119 1656 3179 coiver-

90 3216 159 3274 tuxut
176 3215 364 3277 humanitati
389 3214 506 3276 Christi
531 3232 647 3275 nomen
674 3215 836 3289 indidisse;
888 3236 1161 3299 rerumrerum
1181 3214 1254 3295 jecit
1267 3221 1294 3274 et
1305 3210 1447 3273 saecului.
1464 3212 1580 3271 Deinde
1589 3218 1659 3291 post

91 3304 152 3367 alies
164 3307 295 3388 denique
317 3313 382 3368 tum
404 3307 529 3386 utrique
550 3306 728 3384 seperatim,
744 3325 838 3386 quum
888 3310 997 3373 Christi
1012 3327 1147 3383 nomen,
1162 3309 1239 3368 lesu
1264 3303 1451 3366 vocabulum
1474 3302 1606 3379 subjicit,
1626 3310 1658 3365 et

91 3400 259 3477 conjunctim
281 3401 404 3462 duabus
429 3400 620 3475 attribuisse;
644 3399 839 3478 diligentiam
888 3404 976 3483 quasi
990 3403 1155 3462 discrimen
1180 3399 1274 3476 hujus
1294 3397 1333 3457 ab
1361 3394 1413 3455 illo
1431 3395 1548 3465 statuit,
1573 3394 1657 3472 quud

90 3489 137 3551 hae
152 3493 182 3553 in
198 3500 284 3574 parte
308 3499 447 3553 nostram
462 3493 590 3552 minime
608 3493 812 3572 reprehendet
829 3513 836 3552 ε
887 3497 977 3556 iesus
989 3492 1125 3554 hominis
1139 3488 1303 3569 appellatio
1317 3487 1356 3547 sit
1371 3506 1377 3546 :
1394 3485 1534 3564 adeoque
1547 3483 1657 3545 divini-

91 3580 151 3658 imo,
162 3591 195 3644 ut
207 3603 245 3646 ex
262 3584 468 3663 consequenti
487 3584 626 3644 oratioue
641 3584 753 3644 melius
767 3604 837 3665 per·
888 3587 959 3647 tatis
971 3604 1034 3645 vox
1043 3584 1082 3643 sit
1092 3582 1216 3661 propria
1230 3578 1373 3641 Christus.

91 3674 176 3752 cipiet,
189 3678 393 3739 neeessariam
412 3694 539 3755 prorsus
552 3675 645 3737 fuism
654 3676 816 3754 judicabit.
928 3680 990 3739 Nec
1005 3677 1044 3736 ab
1061 3694 1097 3737 eo
1111 3675 1232 3734 videtur
1246 3671 1415 3731 abhorrere
1429 3667 1610 3730 Ambrosius
1622 3668 1655 3729 in
1681 3689 1716 3732 ra
1726 3690 1767 3754 are
1777 3700 1827 3732 ιιι-

20 3768 66 3822 tus
124 3767 209 3844 lgitur
222 3769 338 3829 Christi
358 3786 465 3829 vorem
486 3768 582 3841 nudo,
596 3770 719 3829 aecitra
738 3769 840 3829 earnis
888 3769 1012 3832 librode
1026 3765 1234 3847 supercecidit,
1248 3762 1421 3843 latire-90,
1436 3759 1657 3840 inquit⁵,oobt's
1688 3749 1816 3838 ‘Z'fflssssssssf

20 3834 65 3943 ii,
92 3862 260 3921 consortium
272 3865 411 3941 spectato
424 3860 481 3920 Dei
492 3861 659 3920 convenire
672 3860 747 3928 filio,
760 3866 795 3920 ut
809 3866 840 3921 et
888 3862 1014 3933 dicebat,
1026 3868 1063 3920 ut
1075 3866 1145 3919 esset
1158 3854 1298 3919 Sacerdos
1304 3855 1418 3935 justes,
1429 3859 1556 3929 sanctus,
1574 3862 1656 3913 runo·
1681 3849 1819 3893 Amometus.

20 3944 66 4033 2:¹3
92 3966 147 4010 rem
165 3954 310 4014 vocabulo
339 3952 520 4031 subjectam,
552 3953 672 4028 putauit
698 3954 839 4013 lustinus
889 3972 970 4043 cens,
986 3949 1206 4019 immaculatos,
1222 3954 1387 4027 sepreqotos
1406 3966 1425 4005 u
1444 3945 1655 4025 peccatoribus,

20 4050 60 4086 Μ
92 4049 195 4122 mffltyr
210 4046 244 4106 in
268 4044 416 4126 Apolopr'o
440 4045 541 4123 prima
560 4063 567 4104 ε
584 4044 638 4104 ubi
663 4046 717 4106 [lei
740 4046 839 4106 ltatris
888 4054 917 4108 ct
930 4043 1071 4106 eccelsiae
1084 4040 1165 4102 celis
1178 4041 1284 4121 fuctus.
1302 4060 1314 4095 ι
1331 4039 1397 4099 Ηοο
1415 4043 1460 4096 est
1474 4037 1570 4115 igitur
1583 4039 1657 4098 Ver-

92 4136 205 4196 numina
224 4139 374 4216 primum,
393 4137 504 4197 deinde
527 4136 596 4197 Filii
619 4137 786 4217 explicans,
801 4138 839 4199 de
889 4139 977 4211 burn,
994 4136 1078 4214 quod
1101 4151 1195 4212 supra
1216 4131 1307 4192 cmlos
1329 4128 1483 4202 habitune,
1502 4129 1659 4189 illuminet

91 4225 184 4288 hoeita
197 4230 323 4290 scribit:
343 4251 359 4287 ιι
373 4231 472 4288 Porro
487 4226 570 4288 iilius
584 4229 677 4302 illius,
693 4230 747 4308 qui
758 4230 840 4290 sulus
889 4229 1006 4290 omnia.
1025 4226 1111 4287 Unde
1129 4231 1160 4284 et
1175 4229 1288 4284 unctus
1310 4220 1492 4282 naturaliter
1511 4220 1626 4298 legitur
1639 4240 1658 4279 a

93 4321 199 4398 proprie
226 4323 309 4382 filius
335 4320 525 4400 appellatur,
553 4326 625 4381 ante
650 4339 699 4381 res
725 4327 841 4382 creatas
891 4324 956 4383 Deo
969 4320 1078 4393 Patre3
1094 4316 1166 4398 quia
1181 4315 1279 4376 torreo
1292 4321 1334 4373 est
1349 4309 1568 4392 acidumqrud
1587 4311 1659 4372 iliu-

93 4409 314 4474 contexissem
332 4430 406 4474 cum
430 4431 479 4488 eo,
495 4417 526 4473 et
544 4430 696 4474 nascens:
718 4414 841 4490 quando
891 4415 987 4474 minut
1015 4429 1126 4471 ornnem
1154 4407 1301 4467 hominem
1327 4405 1489 4465 venientem
1517 4403 1548 4463 in
1582 4402 1659 4463 iuna

94 4502 218 4576 primitus
231 4523 288 4584 per
302 4506 405 4585 ipsum
417 4505 523 4564 omniu
537 4504 661 4580 creavit,
673 4511 704 4564 et
715 4505 840 4565 ordina·
891 4501 1062 4567 orcadensi.
1081 4502 1145 4562 Hoc
1168 4506 1214 4561 est
1224 4499 1366 4560 Verbum
1391 4497 1457 4572 Dei,
1471 4496 1505 4556 in
1528 4513 1591 4574 quo
1615 4502 1660 4556 est

122 4657 268 4713 ΝΛΜ·
294 4657 341 4713 fib·
369 4657 416 4721 ¹¹12
434 4672 494 4727 0³1)-
520 4672 560 4710 ΙΙΙ·
588 4653 664 4717 Ᾱῦτὸς
687 4654 734 4728 γὰρ
755 4654 841 4708 ἑαυτὸν
891 4660 922 4714 τὰ
945 4660 1024 4712 πάντα
1036 4657 1067 4711 δι’
1087 4656 1160 4710 edroi
1178 4656 1243 4719 θεὸν,
1267 4654 1375 4724 λέγεται·
1396 4652 1476 4722 ὄνομα
1498 4648 1524 4702 bi
1544 4650 1586 4703 καὶ
1600 4648 1661 4703 αὐτὸ

94 4734 171 4809 ἔχρισε,
185 4741 260 4812 ypiuu
273 4741 315 4811 μὲν
333 4741 368 4801 ὣς
380 4739 432 4801 θεός
446 4740 475 4793 τό
495 4743 613 4810 οῶματῇ
636 4739 732 4805 όεότητι
755 4737 839 4791 αι’ντοό·
890 4743 1004 4814 περιέχον
1019 4740 1143 4811 ἄγνωστον
1154 4737 1285 4808 enpurias.
1303 4738 1332 4787 όν
1349 4737 1439 4806 τρόπον
1450 4732 1589 4795 selectu<
1598 4751 1659 4804 τρο·

93 4824 205 4892 χριόμενος
214 4823 240 4877 δὲ
250 4824 285 4885 ὣς
295 4824 428 4895 ἅνθρωπος,
437 4822 508 4885 αὐτός
518 4824 565 4894 γάρ
575 4820 627 4875 ἐστι
641 4824 724 4883 τοῦτο,
734 4820 840 4874 κάκεῖνο.
892 4827 1042 4896 οογόρευμα,
1061 4821 1105 4875 orie
1127 4822 1207 4892 ὄνομά
1221 4819 1297 4884 ἐστιν,
1314 4816 1380 4870 ἀλλὰ
1398 4818 1541 4888 πράγματος
1559 4818 1660 4885 όνοεξη·

94 4904 161 4973 χρόαις
172 4906 197 4959 bi
208 4906 316 4975 ὴόιότης
329 4911 373 4973 τῆς
386 4907 584 4977 ἀνθρώποτητος.
890 4909 967 4980 prison
978 4907 1083 4978 ἔμφυτος
1095 4910 1126 4976 τῇ
1136 4905 1204 4973 φύσει
1218 4908 1267 4957 τῶν
1284 4900 1419 4973 ἀνθρώπων
1430 4901 1498 4967 δόξα.
1515 4898 1614 4967 Ἰησοῦς
1623 4898 1659 4963 δὲ,

125 4989 139 5041 b
155 4989 222 5045 tusa.
239 5006 308 5046 vers.
325 4991 377 5046 ult.
402 4988 435 5043 ‘0
448 4990 474 5042 δὲ
484 4990 534 5051 υἱός
548 4987 674 5052 {ultumi
689 4989 764 5060 μόνος
772 4989 844 5058 λεγό-
891 4992 931 5042 καὶ
943 4989 1081 5059 ἀνθρώπου,
1091 4988 1131 5039 aad
1142 4991 1253 5057 σωτῆρος
1263 4985 1352 5055 ὄνομα,
1362 4984 1403 5036 aul
1412 4984 1536 5056 σημασίαν
1547 4983 1609 5054 ἔχει.
1620 4984 1661 5041 καὶ

97 5074 245 5143 succepto,
256 5074 316 5141 aibr,
327 5075 482 5145 dietpertus
498 5073 642 5145 ποιημάτων
652 5075 693 5125 καὶ
702 5072 792 5132 συνὼν,
802 5071 840 5121 stri
891 5073 938 5145 γὰρ
952 5073 993 5123 καὶ
1003 5072 1138 5142 ἄνθρωπος,
1155 5071 1189 5133 ὡς
1202 5070 1351 5139 τροέφημεν,
1370 5069 1466 5139 γέγονε,
1483 5066 1546 5119 κατὰ
1559 5065 1603 5132 τὴν
1617 5070 1661 5119 τοῦ

99 5230 211 5306 inimare.
221 5239 324 5309 Χριστός
342 5239 384 5311 μὲν
394 5239 457 5293 κατὰ
470 5239 500 5293 τό
516 5238 653 5311 κεχρίοόαι,
666 5237 708 5291 καὶ
720 5241 843 5309 κοσμῆσαι
893 5256 941 5291 των
954 5236 1099 5307 ἀνθρώπων,
1111 5237 1153 5289 καὶ
1170 5235 1208 5289 ert
1217 5234 1346 5288 καταλύσει
1361 5239 1411 5287 τῶν
1421 5235 1553 5305 δαιμόνων.

121 5379 130 5419 t
143 5378 184 5423 uu,
198 5381 222 5424 te
231 5382 274 5425 lae.
289 5393 336 5438 erp.
352 5395 382 5435 rr,
391 5384 449 5427 tuter
460 5393 528 5437 opera
552 5381 616 5438 Fulg.
625 5382 676 5425 -t
697 5379 754 5424 oter,
775 5380 830 5424 tide
844 5379 881 5424 tib.
896 5381 922 5424 dr
933 5382 993 5425 run.
1006 5390 1056 5437 cap.
1068 5380 1125 5435 νιος
1134 5380 1157 5423 t.
1168 5402 1195 5414 -
1208 5380 1222 5423 8
1236 5379 1286 5425 eet.
1299 5390 1315 5429 ι,
1328 5382 1349 5422 t.
1358 5399 1384 5411 -
1394 5376 1489 5422 timbr.
1508 5377 1534 5421 dc
1547 5375 1601 5430 iupa
1611 5386 1660 5419 rue.

111 5449 141 5493 il·
151 5452 181 5485 ιιι.
192 5444 230 5487 -5
238 5445 300 5489 Ηιότ.
309 5456 346 5490 ιιι.
355 5468 381 5479 -
395 5447 409 5489 ό
419 5447 499 5491 locun
510 5457 525 5487 ι.
