3932 6142
206 346 220 367 ,
299 284 358 349 282
822 284 1147 349 ruuouoercouou
1174 285 1391 349 ooorrruu

293 437 534 532 judiciumque
548 470 587 515 er
601 451 723 515 duobus
746 451 909 532 propositis
926 450 968 525 id,
983 450 1067 530 quod
1119 449 1234 528 oppido
1252 452 1369 513 mirum
1386 458 1444 529 est,
1469 459 1500 513 et
1520 457 1684 532 propterea
1708 449 1870 528 diligentm

301 542 425 621 melius,
440 562 475 606 ao
492 542 714 607 conducibilius
733 544 854 605 videtur
880 550 1068 621 anteponen-
1119 541 1352 622 inquirendum.
1381 545 1542 624 Siquidem
1568 544 1657 604 nulle
1681 548 1747 603 toto
1769 542 1824 603 hoe
1844 545 1870 603 in

302 635 379 696 dum
395 642 548 698 censetur.
564 637 637 697 Post
651 636 732 701 hanc
751 636 850 697 oritur
865 635 1069 715 effectusqui·
1119 633 1345 696 lucarnationis
1370 636 1518 716 mysterio
1541 636 1689 716 perplexa
1713 633 1819 712 magis,
1841 652 1871 695 ao

303 725 387 803 dam,
401 733 432 789 et
444 745 532 788 amor
547 746 619 807 erga
632 727 665 789 id
678 729 762 807 quod
782 727 893 788 melius
906 745 970 787 esse
980 724 1067 804 judi·
1118 723 1250 785 diffldlis
1267 726 1398 787 babetur
1420 728 1563 806 queastio.
1588 728 1676 787 Hauc
1697 734 1801 786 autem
1817 744 1872 785 uon

303 824 408 879 cabrm
421 825 476 893 est,
489 825 520 881 et
531 820 612 882 hane
623 831 724 901 γνώμην
744 820 891 899 appellari
906 818 989 880 dicit.
1006 817 1070 878 Nisi
1119 819 1209 879 aliter
1228 818 1370 897 intelligi,
1398 824 1429 880 et
1445 820 1559 899 exponi
1579 835 1669 899 posse
1689 818 1872 897 perspicuum

304 909 388 971 enim
401 909 554 973 afficiatur
567 930 641 991 erga
654 912 743 987 illud,
758 912 842 993 quod
864 910 898 972 in
914 910 1068 974 consulta-
1119 915 1174 978 est,
1189 910 1319 990 quamsi
1331 910 1482 973 libertatis
1495 911 1602 991 ipsius,
1622 917 1654 972 et
1666 909 1784 970 arbitrii
1795 909 1873 970 liberi

302 1001 387 1062 tione
401 1004 565 1082 praelatum
577 1009 623 1065 est
644 1004 744 1077 alteri,
763 1004 856 1083 idque
868 1008 967 1073 emet,
981 1009 1069 1083 γνώμη
1119 1002 1255 1082 propria,
1271 1006 1302 1062 et
1323 1002 1443 1065 sincere
1461 1005 1539 1066 ratio
1567 1002 1648 1065 bene
1663 1007 1830 1082 perspecte,
1847 1005 1873 1061 et

303 1112 369 1154 non
382 1093 603 1156 dieitur.Hunc
611 1099 871 1157 consensumvocat
884 1095 1068 1167 s'rhomas,
1119 1093 1279 1172 explorata
1292 1094 1341 1156 sit.

304 1184 343 1246 de
370 1203 432 1265 quo
459 1192 524 1247 tota
555 1186 725 1266 quaestione
752 1205 792 1247 xv
820 1186 966 1265 disputat.
995 1185 1071 1247 Post
1160 1185 1229 1251 Quo
1250 1185 1284 1247 in
1304 1194 1491 1266 argumento
1506 1187 1604 1249 tribus
1616 1185 1705 1248 libris
1718 1184 1791 1246 alibi
1802 1185 1873 1246 mul·
1911 1194 1924 1237 t

304 1287 404 1359 γνώμην
415 1276 541 1353 orituri
554 1287 705 1358 προαίρεσις,
720 1297 791 1358 quas
810 1283 856 1339 est
872 1276 984 1350 electio,
999 1294 1071 1338 cum
1119 1284 1189 1339 tum
1202 1278 1443 1341 elaboravimns'
1455 1299 1462 1341 :
1473 1278 1767 1341 acnihilfercnobis
1778 1276 1876 1356 reliqui
1892 1258 1941 1346 iii'

307 1387 371 1449 prae
384 1387 448 1430 uno
468 1369 599 1430 alterum
619 1369 755 1447 eligitur,
771 1376 802 1431 et
815 1369 983 1431 asciscitur.
995 1370 1070 1431 lude
1120 1370 1259 1447 terimus,
1280 1373 1362 1451 qnod
1382 1372 1442 1433 hoe
1464 1372 1532 1433 loco
1553 1377 1743 1433 tractemus:
1759 1369 1816 1430 nisi
1835 1374 1874 1443 ut,
1903 1418 1922 1449 n

305 1469 369 1542 ὁρμὴ
384 1463 447 1520 sive
472 1465 586 1541 motus,
601 1469 632 1524 et
657 1462 780 1543 impetus
804 1462 841 1522 ad
871 1461 947 1522 illud
968 1480 1072 1541 perse·
1121 1462 1206 1540 quod
1218 1462 1280 1522 illio
1298 1464 1445 1524 adversus
1458 1462 1700 1525 novaelectionis
1718 1461 1876 1535 licentiam,

305 1555 486 1634 quendum:
502 1572 598 1633 quam
610 1554 838 1636 prosecutionem
857 1554 950 1634 vulgo
969 1556 1071 1617 nomi-
1122 1553 1160 1614 de
1172 1554 1321 1615 libertatis
1332 1562 1456 1632 natura,
1465 1562 1496 1617 et
1504 1555 1691 1636 proprietate
1701 1572 1741 1616 ex
1751 1553 1879 1631 antiquo

305 1647 392 1703 nent.
418 1644 492 1704 Post
518 1644 599 1704 haue
618 1656 716 1725 χρῆσις,
735 1643 768 1704 id
791 1649 836 1704 est
855 1662 933 1721 usus,
958 1647 991 1707 in
1011 1665 1073 1726 qno
1122 1663 1195 1706 rum
1215 1646 1341 1707 Patrum
1366 1648 1547 1709 auctoritate
1566 1647 1813 1708 demonstratum
1826 1653 1878 1721 est,

305 1734 418 1796 desinit
433 1736 592 1815 appetitio.
606 1737 678 1797 Haec
689 1737 913 1813 Damascenus,
929 1737 983 1817 qui
1000 1756 1074 1799 mox
1123 1737 1212 1797 novis
1225 1738 1336 1798 additis
1353 1740 1534 1800 eorumdem
1547 1737 1734 1800 testimoniis
1746 1736 1877 1812 validius,

306 1827 463 1888 diversum
484 1827 517 1887 in
539 1827 639 1889 brutis
652 1828 862 1891 animantibus
880 1832 992 1910 agendi
1005 1850 1074 1892 mo·
1124 1848 1161 1889 ao
1186 1829 1344 1891 robustius
1371 1832 1577 1893 adstruamus.
1606 1833 1706 1891 Tanta
1734 1835 1783 1892 est
1807 1830 1881 1891 enim

308 1920 384 1979 dum
397 1919 525 1999 explieat
537 1920 587 1980 :in
600 1921 713 1999 quibus
725 1940 762 1982 er
775 1922 962 2001 appetitione
971 1925 1074 1985 statim
1127 1921 1210 1996 novi,
1225 1930 1256 1982 et
1272 1922 1390 1999 insulsi,
1407 1925 1469 1984 imo
1487 1923 1635 1997 haeretici,
1651 1924 1807 2001 dogmatis
1818 1940 1881 2002 pro·

308 2012 454 2092 impetus,
468 2015 499 2073 et
512 2011 557 2072 rei
571 2014 714 2093 oppetitae
735 2015 907 2093 persecutio
926 2019 1072 2079 nascitur.
1127 2013 1289 2092 pugnandi
1310 2014 1343 2074 in
1370 2033 1490 2094 nupera
1502 2015 1561 2076 ista
1581 2020 1673 2090 see-ta,
1688 2021 1719 2074 et
1746 2019 1811 2075 tam
1828 2013 1885 2075 ani·

308 2105 426 2183 Quippe
440 2103 568 2165 rationis
578 2108 623 2165 est
631 2123 740 2184 expers
754 2106 981 2168 irrationalium
991 2111 1074 2189 cupi·
1127 2124 1214 2167 mosa
1223 2106 1392 2182 eontentio,
1402 2113 1438 2167 ut
1451 2107 1551 2185 baeti,
1566 2106 1742 2169 etconvioti
1755 2106 1883 2167 nondum

308 2197 397 2273 ditas,
413 2202 443 2258 et
457 2202 592 2275 aguntur
605 2198 755 2259 naturalis
769 2198 914 2261 illecebra
928 2202 1075 2282 cupidita·
1128 2196 1372 2275 acquiescant,et
1385 2198 1754 2275 contramsnitestam,ac
1765 2198 1887 2278 splendi-

309 2290 359 2349 tis.
373 2290 446 2351 Ideo
458 2307 559 2368 neque
571 2298 678 2367 θέλγοις,
694 2308 795 2369 neque
806 2301 920 2371 βούλησις
935 2293 1066 2373 appella·
1129 2289 1201 2349 darn
1235 2291 1394 2351 catholicae
1427 2291 1566 2352 veritatis
1596 2291 1723 2368 lucem,
1758 2292 1886 2353 tenebras

308 2386 360 2442 tur
371 2381 534 2441 brutorum
550 2382 683 2461 appatio.
701 2381 831 2460 Subjieit
849 2384 897 2444 his
910 2385 1074 2446 discrimen
1129 2388 1288 2460 opponant
1310 2382 1461 2459 damnati,
1483 2389 1514 2444 et
1542 2383 1704 2462 proscripti
1725 2384 1885 2463 pridemio

309 2474 456 2534 humanae
469 2471 648 2547 voluntatis,
664 2480 695 2533 et
707 2474 914 2554 appetitionis.
926 2498 942 2534 (ι
955 2478 1074 2538 Volun-
1128 2474 1306 2535 auctoribus
1320 2474 1542 2535 suishaereticis
1556 2492 1634 2553 quos
1649 2474 1695 2535 illi
1709 2479 1885 2554 sopirentur,

310 2571 369 2643 tas,
378 2565 490 2644 inquit,
506 2573 552 2626 est
563 2564 721 2625 rationalis
734 2572 764 2626 et
778 2566 924 2644 suijuris,
939 2587 974 2628 nc
987 2575 1077 2630 natu·
1130 2564 1255 2625 erroris.
1960 2598 1961 2601 =

310 2656 383 2717 ralis
394 2656 551 2736 appetitio.
570 2657 608 2716 Iu
630 2656 809 2717 hominibus
831 2677 916 2734 vero,
935 2661 1077 2739 quisunt
1171 2659 1261 2718 Certe
1274 2658 1459 2737 Anonymus
1472 2658 1524 2718 ille
1547 2659 1650 2718 nescio
1670 2659 1753 2737 quis,
1767 2659 1820 2738 qui
1841 2675 1889 2736 pro

311 2749 439 2809 rationis
450 2766 587 2828 capaces,
602 2750 810 2828 agiturmugis
824 2753 974 2813 naturalis
987 2772 1078 2834 appe-
1130 2749 1259 2811 Lutheri
1275 2756 1306 2810 et
1319 2749 1434 2810 Calvini
1448 2749 1567 2810 fautore
1580 2750 1711 2810 alteram
1725 2750 1890 2830 apologiam

311 2842 499 2921 titus,quam
512 2842 584 2920 agit.
601 2841 679 2901 Nam
690 2841 788 2902 libera
797 2848 958 2920 potestate,
970 2850 1077 2907 etcum
1132 2841 1239 2903 ediditl
1255 2842 1400 2902 udversus
1418 2844 1452 2902 ll.
1465 2834 1648 2914 Haber‘tum,
1664 2861 1751 2903 nrrnc
1761 2842 1892 2903 illustris·

311 2934 431 2996 ratione
445 2940 599 3010 movetur,
609 2933 759 3013 quoniam
774 2935 945 3013 conjunctae
960 2944 1032 2998 sunt
1046 2939 1079 3000 in
1132 2934 1246 2994 simum
1278 2933 1469 2994 Vabrensem
1503 2933 1704 3013 episcopum,
1742 2934 1893 3012 integerri-

313 3026 378 3106 ipso
391 3033 619 3103 cognoscentes,
634 3026 802 3105 vitalesque
823 3027 994 3089 facultates.
1016 3032 1079 3091 Ita-
1132 3042 1232 3099 mum,
1249 3031 1280 3085 et
1302 3024 1547 3085 eruditissimum
1569 3025 1683 3096 virum,
1698 3026 1738 3086 de
1761 3026 1819 3086 hoo
1835 3025 1892 3103 ipso

313 3136 374 3196 que
396 3116 493 3178 libere
511 3117 639 3197 appetit,
661 3122 692 3178 et
714 3117 810 3178 libere
832 3119 910 3192 vult,
932 3124 963 3180 et
984 3121 1081 3185 libere
1133 3117 1243 3197 eapite,
1257 3116 1341 3196 qu⁰d
1362 3117 1402 3177 ad
1424 3116 1599 3177 libertatem
1620 3117 1744 3189 attinet,
1758 3115 1894 3178 lilemiffi

314 3209 437 3289 quaerit,
452 3227 487 3270 ae
500 3208 683 3280 considerat,
697 3208 794 3270 libere
807 3211 970 3288 consultat,
986 3212 1081 3276 libere
1134 3225 1199 3268 non
1219 3206 1373 3269 dubitavit
1386 3208 1557 3283 intendere,
1579 3213 1610 3268 et
1632 3208 1664 3269 id
1686 3208 1895 3269 vehementius

310 3301 441 3380 judicat,
464 3299 560 3361 libere
581 3299 726 3375 efficitur,
749 3300 845 3361 libere
871 3302 966 3381 eligit,
983 3304 1080 3368 libere
1135 3299 1409 3378 probarestuduit;
1424 3298 1896 3361 Libertatemoeecavr'totimininr

314 3392 521 3474 prosequitur,
546 3392 642 3453 libere
665 3392 730 3471 agit
750 3393 785 3452 in
805 3393 852 3468 iis,
867 3412 938 3474 quoe
961 3403 1081 3458 nature
1135 3410 1192 3453 esse
1217 3392 1404 3464 θυτιινανιαιιι,
1436 3391 1493 3452 imo
1518 3410 1584 3452 erm
1610 3410 1655 3467 eu,
1685 3389 1896 3472 quantamlibet

314 3491 667 3550 consentaneasuntm
1136 3482 1317 3560 ineuitabili,
1340 3501 1417 3563 posse
1439 3484 1601 3544 cooar'swrc.
1624 3483 1705 3545 Tum
1727 3502 1804 3546 voro
1825 3486 1897 3544 inter

183 3606 218 3649 Α,
234 3605 257 3648 1,
354 3578 424 3639 VII.
439 3578 499 3640 Sed
508 3578 585 3638 illud
595 3576 1015 3656 imprimisconsiderandum
1025 3587 1080 3656 est,
1135 3576 1205 3651 alia,
1222 3593 1292 3654 que
1314 3575 1353 3635 ad
1376 3575 1435 3635 boo
1453 3575 1731 3637 demonstrandum
1753 3575 1895 3645 adhibuit

144 3659 291 3759 Qss‘fflgssff
315 3671 398 3750 quod
425 3671 508 3731 idem
529 3671 746 3745 Damascenus,
761 3670 874 3749 aliique
901 3670 939 3731 de
963 3672 1083 3734 Christo
1135 3673 1318 3745 argumenta
1331 3684 1406 3726 usus
1428 3684 1465 3727 eo
1488 3672 1535 3727 est
1556 3667 1811 3746 ipw,q11⁰dh00
1827 3666 1898 3727 libro

156 3766 282 3812 arborum.
316 3766 491 3823 constanter
501 3759 674 3836 affirmant;
691 3778 754 3820 non
767 3760 859 3821 fuisse
873 3761 907 3822 iu
917 3780 953 3823 eo
961 3766 1083 3837 γνωμικὸν
1135 3763 1264 3820 traetruc
1291 3757 1507 3833 decrevimus,
1537 3776 1576 3819 ex
1602 3758 1717 3819 Christi
1746 3760 1898 3821 voluntate

316 3864 422 3936 θέλημα,
437 3870 539 3933 neque
550 3861 662 3931 γνώμην,
678 3852 716 3913 (ίθ
728 3870 790 3930 quo
812 3859 919 3932 postea
931 3850 1082 3932 pluribus.
1135 3852 1232 3912 libere
1252 3851 1359 3929 petito,
1374 3868 1436 3928 qua
1460 3868 1533 3910 oum
1550 3849 1631 3911 bene
1651 3851 1770 3928 egendi
1783 3856 1815 3912 et
1835 3866 1898 3911 mo-
1960 3886 1961 3927 γ

317 3949 364 4009 Ex
381 3965 443 4026 quo
458 3946 511 4006 illa
531 3943 666 4005 suboriri
688 3944 817 4022 questio
840 3951 961 4023 potest3
977 3949 1085 4003 utrum
1136 3943 1237 4004 riendi
1256 3959 1379 4021 quoque
1403 3942 1547 4021 imposita
1566 3942 1824 4017 nenessitatem
1845 3940 1901 4001 ulls
1960 3934 1961 4011 ί

317 4043 350 4101 in
359 4038 529 4119 ipsolibera
539 4035 703 4097 voluntatis
714 4035 923 4111 facultas,sive
937 4035 1084 4108 liberum,
1136 4050 1243 4115 pugna
1251 4033 1398 4101 constitit.
1960 4022 1961 4067 t

318 4130 597 4207 arbitrium,idque
609 4134 793 4190 ceterorum
809 4128 975 4188 hominum
987 4125 1086 4187 simile
1176 4127 1333 4186 Eameres
1346 4123 1519 4198 admonuit,
1528 4128 1741 4203 ntantequam
1751 4126 1792 4187 de
1802 4124 1902 4187 curbo
1960 4118 1961 4199 J

317 4224 420 4286 luerit.
437 4223 515 4283 Nam
529 4221 555 4281 si
567 4230 653 4303 γνώμῃ
669 4220 778 4295 caruit,
793 4238 888 4299 quem
901 4235 1086 4281 eonsensum
1137 4218 1279 4278 libertate
1288 4234 1424 4295 agerem,
1438 4216 1477 4276 de
1485 4220 1551 4275 toto
1561 4217 1751 4296 ipsogeuere
1762 4216 1904 4279 libertatis

317 4314 487 4376 voluntatis
502 4315 534 4375 S.
550 4314 704 4387 Thomas3
723 4311 820 4373 Graeoi
844 4329 917 4371 vero
941 4310 1085 4371 affectum
1138 4308 1456 4387 nonnullaprrefarer,
1470 4307 1527 4367 sub
1550 4326 1597 4383 ea,
1613 4326 1708 4388 quam
1727 4310 1826 4388 paulo
1838 4314 1905 4369 anta
1960 4344 1961 4349 κ

318 4428 393 4489 erga
405 4408 448 4484 id,
464 4406 548 4486 qnod
559 4405 592 4465 in
606 4405 830 4465 consultatione
845 4402 969 4482 placuit,
982 4400 1086 4482 appel·
1139 4402 1214 4477 dixi,
1232 4400 1474 4479 praescriptione,
1492 4405 1529 4459 ut
1545 4400 1582 4460 iis
1603 4398 1735 4476 omissis,
1761 4419 1833 4481 quae
1845 4400 1904 4481 ple·

318 4503 385 4563 lant
408 4520 415 4560 :
436 4516 538 4578 neque
560 4505 710 4577 προαιρεσις,
738 4495 768 4556 id
788 4501 835 4555 est
855 4493 957 4554 electio
980 4493 1084 4554 tuerit.
1135 4493 1208 4554 nius
1221 4491 1321 4552 tribus
1333 4492 1392 4551 illis
1404 4490 1491 4552 libris
1505 4508 1575 4551 sum
1589 4497 1784 4570 prosecutus,
1799 4508 1906 4554 novem
1960 4530 1961 4569 3

319 4593 406 4668 Quod
428 4591 556 4671 quidem
572 4589 623 4649 isti
643 4594 752 4667 sponte
779 4588 977 4647 concedunt:
994 4586 1086 4665 idque
1136 4587 1286 4646 duntaxat
1301 4601 1340 4644 ex
1356 4583 1489 4659 antiquis
1500 4582 1644 4643 Patribus
1657 4584 1907 4646 testimoniorum

1960 4784 1961 4811 ί

358 4849 378 4888 α
409 4833 526 4887 orasse.
556 4827 622 4885 ibid.
649 4843 709 4898 cap.
735 4840 801 4879 xxti.
830 4824 934 4891 Θέλησις
956 4822 1004 4893 γάρ
1037 4819 1092 4874 ἔστι
1142 4822 1201 4885 σίως
1218 4821 1342 4892 βούλεται,
1368 4821 1409 4873 καί
1430 4817 1590 4882 αὐτεξουσίως
1611 4823 1689 4888 ζητεῖ,
1710 4822 1753 4874 καὶ
1773 4824 1908 4883 πίω,
1960 4874 1961 4893 γ

320 4914 418 4989 λογικὴ,
433 4915 474 4967 καὶ
484 4911 636 4974 αὖτεξσόσιος
645 4908 731 4984 φυσικὴ
748 4904 833 4979 ὄρεξις.
849 4905 888 4959 eo
899 4903 926 4957 δὲ
939 4910 990 4957 τῶν
1001 4902 1093 4975 ἀνθρώ·
1142 4902 1303 4965 αὐτεξουσίως
1313 4903 1460 4974 βουλεύεται,
1470 4904 1511 4955 καί
1525 4901 1684 4965 αὐτεξουσίως
1692 4903 1781 4976 κρίνει,
1792 4909 1835 4959 καὶ
1846 4905 1909 4958 «ὅτε.
1960 4950 1961 4965 γ

321 5018 374 5054 rosv
398 4999 503 5071 λογικῶν
526 4997 604 5050 ὄντων
628 4996 712 5066 ἄγεται
733 4991 829 5063 μαλλον
850 4987 865 5057 ἡ
894 4986 981 5059 φυσικὴ
1006 4984 1091 5057 ὄρεξις,
1141 4985 1243 5048 Esurio<
1267 4986 1407 5050 διατίθεται,
1431 4987 1472 5039 καί
1492 4984 1652 5048 αὖτεξουσίως
1679 4991 1857 5059 προαιρεῖται,
1875 4986 1910 5041 nul
1960 5022 1961 5063 γ

322 5077 634 5156 transportaturum<
656 5076 715 5148 γὰρ,
733 5075 774 5127 καί
799 5072 860 5145 μετὰ
883 5071 960 5142 λόγου
979 5069 1090 5131 κινεῖται,
1142 5067 1302 5130 alzeicurtis<
1312 5068 1387 5140 ὁρμᾷ,
1397 5070 1437 5122 καί
1452 5067 1611 5131 αὐτεξουσίως
1620 5070 1721 5140 πράττει
1736 5068 1778 5123 tut
1794 5068 1910 5124 τῶντατᾶ
1960 5096 1961 5145 ν

323 5166 404 5235 ἐπειδὴ
434 5164 620 5234 συνεζευγμέναι
642 5160 700 5214 εἰσίν
721 5159 745 5211 nl
768 5155 911 5229 γυωστιιιαί,
930 5153 971 5206 καί
991 5148 1092 5212 inrisui
1141 5151 1309 5224 φύσινόντων,

323 5252 437 5322 δυνάμεις
447 5247 471 5302 ἔν
481 5246 559 5318 αὐτῷ·
572 5243 732 5306 αὖτεξουσίως
743 5235 784 5294 οὖν
795 5238 915 5311 ὀρέγεται,
926 5234 968 5289 καί
978 5230 1091 5293 αὐτεξου-

354 5448 363 5491 t
377 5445 490 5489 Vidstom.
506 5440 535 5486 lll
545 5439 584 5483 lib.
594 5438 611 5481 V
623 5444 644 5481 et
657 5447 703 5490 seq.
717 5434 744 5479 ds
756 5434 812 5487 Opti.
823 5452 851 5466 -
863 5428 951 5484 ispol.
967 5438 993 5477 rr,
1004 5424 1044 5469 tro.
1057 5421 1096 5473 Ill,
1111 5432 1160 5475 cap.
1172 5429 1207 5462 ιιι.
