3932 6142
456 263 507 323 DE
525 262 831 340 innanuartnttr,
850 264 922 327 LlB.
945 266 1030 343 VIII,
1052 266 1137 328 ΟΑΡ.
1158 267 1227 328 vlt.
1574 261 1631 323 θθί

68 422 146 503 Ιρααι.
163 444 179 483 τ
196 425 287 492 Quod
312 426 396 488 enim
417 445 457 489 ex
483 427 680 507 quibusdam,
699 426 821 491 sublata
868 447 929 509 qtae
942 431 1034 504 Deus,
1047 437 1079 492 et
1096 431 1187 493 Pater
1200 429 1466 510 hubetpropriam
1485 426 1636 508 operatio

67 515 146 577 omui
169 516 359 592 confusione,
385 537 440 597 per
466 520 659 594 unitionem,
691 537 761 599 quae
783 519 821 581 fit
867 539 953 598 nem,
974 528 1006 583 et
1036 523 1215 602 operabitur
1242 529 1275 583 et
1301 523 1368 602 ipse
1402 538 1457 600 per
1490 517 1635 580 Deivirile

66 608 187 669 naturali
198 610 817 689 concursione‚eoniicitur,tamnatpras,
868 614 1038 674 secundum
1060 614 1140 689 illos,
1160 615 1275 687 diuina
1291 619 1323 673 et
1341 613 1481 673 humana
1503 633 1511 674 r
1532 618 1563 672 et
1576 608 1636 671 erit

67 717 101 759 ex
122 699 228 778 quihus
255 707 385 774 constat,
408 702 618 764 immutabiles
644 709 817 777 conservat,
867 712 1031 785 propterea
1043 706 1196 784 Detrsjam
1210 706 1350 766 ethomo
1367 704 1560 778 naturaliter,
1575 703 1635 763 hoo

66 797 127 851 tum
147 790 316 869 facultates,
336 811 407 873 quse
427 794 530 874 ipsum
550 794 722 864 continent,
742 796 820 856 citra
867 802 914 857 est
926 796 1021 857 homo
1034 797 1132 858 iaetus
1145 799 1235 865 neus,
1251 797 1304 857 sed
1318 813 1380 855 non
1392 796 1494 855 nudus
1507 800 1635 855 natura·

66 882 294 945 diminutionem
305 886 428 962 retinet,
443 887 482 947 ad
496 887 589 948 unius
602 887 704 965 operis
718 887 820 966 exple-
866 887 948 963 liter,
963 893 1128 948 attentum
1144 889 1233 949 Deus.
1251 888 1283 949 Si
1296 893 1401 947 autem
1419 886 1631 965 compositam,

67 973 182 1051 h'ouem3
198 977 265 1037 sive
277 978 391 1056 passio,
409 979 473 1039 site
486 977 672 1040 miraculum
686 979 724 1040 sit
739 979 818 1042 illud
867 985 1050 1040 extraneum
1076 979 1175 1039 filium
1203 998 1222 1040 a
1244 980 1335 1040 Patre
1362 977 1550 1052 adscribunt,
1569 977 1633 1038 sive

67 1067 138 1145 quod
154 1068 331 1129 affidare»
351 1076 412 1130 :ut
433 1070 516 1131 idem
538 1071 695 1131 Maximus
713 1072 818 1132 scribit
865 1070 975 1131 alienae
989 1071 1180 1146 substantiae,
1192 1077 1223 1132 et
1236 1070 1431 1150 operationis,
1449 1075 1555 1149 utpote
1568 1086 1633 1129 nou

66 1158 225 1238 inepistola
238 1161 279 1221 ad
293 1160 449 1241 Pyrrhum
469 1162 687 1242 Presbyterum.
704 1183 719 1220 α
734 1162 818 1225 Facit
865 1162 999 1224 habente
1024 1164 1112 1224 Patre
1135 1164 1337 1242 compositam
1363 1179 1451 1221 suam
1478 1160 1631 1239 operatio-

66 1249 247 1329 hocquidem
270 1251 383 1328 unitio,
398 1258 433 1313 ut
454 1254 562 1315 cadem
585 1254 625 1313 sit
645 1254 817 1332 hypostasis
865 1271 947 1315 nem.
966 1255 998 1315 Si
1021 1261 1126 1315 autem
1148 1254 1321 1315 naturalem
1347 1252 1464 1321 dicunt,
1481 1251 1631 1313 consubs-

67 1344 437 1418 uaturnrumduarum,ait
450 1346 587 1406 Joanues
599 1346 816 1419 Damascenus,
864 1346 1025 1406 tantialem
1059 1347 1121 1408 Deo
1149 1346 1252 1406 Verbo
1286 1362 1412 1405 emnem
1446 1343 1630 1419 ostendunt,

67 1438 230 1495 nontamen
244 1446 429 1496 naturarum
442 1435 565 1496 sublata
578 1435 751 1497 differentia
758 1442 815 1498 est.
865 1440 974 1516 utpote
987 1438 1129 1499 eamdem
1142 1454 1215 1499 oum
1228 1455 1265 1499 eo
1275 1436 1631 1497 naturaliterhabeutem

68 1525 150 1585 Porro
164 1526 251 1588 salva
267 1534 414 1589 manente
431 1527 605 1589 differentia
619 1533 813 1607 naturarum,
866 1530 1089 1608 operationem.
1106 1529 1139 1589 Si
1151 1548 1225 1591 vcro
1245 1527 1550 1602 consubstantialem,
1565 1525 1631 1587 siue

68 1615 143 1677 alta
159 1623 253 1678 erunt
269 1619 378 1698 utique
399 1619 593 1699 operationes
605 1638 724 1681 earum.
747 1620 817 1681 Non
864 1621 959 1681 dubio
984 1621 1108 1682 alterirn
1135 1621 1330 1695 substantiae,
1354 1624 1385 1680 et
1414 1637 1469 1699 par
1491 1620 1551 1679 hoo
1572 1618 1633 1678 erit

68 1708 193 1770 ammai
205 1715 319 1771 natura
331 1711 396 1770 ulla
408 1711 594 1790 operationis
611 1728 720 1790 expers
730 1709 781 1771 ί.»
864 1715 1054 1792 quaternitas
1073 1714 1244 1774 seecundum
1267 1712 1335 1772 illos
1360 1717 1466 1771 saneta
1483 1710 1629 1770 Trinitas.

99 1799 543 1876 x1.aunee,siunatanrum
557 1802 591 1862 in
605 1802 815 1863 Christoesset
866 1804 899 1864 Si
920 1823 993 1867 vero
1017 1805 1261 1872 substantialem,
1277 1808 1458 1864 extraneant
1481 1802 1632 1862 iteruma

67 1891 206 1969 operatio,
237 1895 408 1954 necessario
434 1893 484 1953 vel
515 1898 616 1954 creata
645 1907 740 1968 esset,
764 1894 814 1955 rel
868 1897 956 1957 Patre
970 1897 1084 1957 Filium
1103 1897 1275 1957 secundum
1292 1893 1477 1974 operationis
1488 1893 1629 1967 modum,

67 1981 200 2057 ἱοοιοοίας
221 1990 258 2044 ut
284 1989 393 2045 contra
407 1985 565 2064 Pyrrhum
579 1991 815 2064 argumentatur
864 1993 971 2068 utpote
991 1989 1031 2048 ab
1048 2006 1085 2048 eo
1099 1987 1304 2048 differentiam
1326 1987 1492 2047 habentem
1509 1985 1543 2043 in
1556 1983 1630 2044 sub·

66 2073 232 2135 niumm&
245 2076 330 2135 Nihil
343 2076 428 2136 enim
445 2076 527 2137 iuter
546 2076 609 2137 duo
628 2077 697 2137 haec
717 2078 814 2138 inter·
864 2079 1082 2141 sistentialibus
1092 2078 1341 2158 proprietatibus.
1352 2077 1439 2151 Quod
1449 2077 1475 2137 si
1486 2094 1540 2154 per
1550 2076 1628 2152 haec,

63 2163 165 2242 jectum
185 2174 241 2229 est.
262 2167 296 2228 Si
314 2173 449 2227 creamm
470 2167 596 2243 dixeris,
616 2167 735 2229 nullam
752 2168 815 2229 nisi
864 2172 1086 2251 quiasuperius
1099 2172 1180 2232 dicta
1193 2180 1276 2239 suut,
1290 2169 1548 2248 impediti,unam
1565 2185 1631 2228 esse

66 2260 442 2319 cruamnnmsmtnesse
450 2259 815 2320 monstrabitzsiincrea-
863 2263 1040 2324 Deivirilem
1066 2262 1279 2342 operationem
1305 2265 1432 2340 proptor
1456 2258 1630 2319 unitionem

66 2352 126 2420 bn,
141 2349 235 2411 solam
249 2351 350 2411 inesse
365 2350 513 2411 divinam.
525 2351 593 2411 Nou
603 2355 814 2430 potestantem
864 2360 1015 2428 asserunt,
1024 2373 1099 2433 ergo
1108 2351 1631 2430 anteduashahentemoperatioues

66 2441 160 2501 eade·
179 2460 241 2503 csse
261 2442 313 2503 rel
325 2447 448 2514 natura,
469 2441 518 2503 vel
540 2447 659 2504 naturae
677 2443 814 2521 operatio
864 2447 962 2506 Deum
975 2446 1114 2506 Verbum
1129 2445 1350 2505 introducunt:
1365 2448 1549 2523 postautem
1562 2442 1631 2502 uni-

66 2541 155 2593 aeota
173 2533 264 2594 simul
288 2539 321 2595 et
342 2533 488 2601 inmeata,
508 2539 544 2594 ut
561 2534 644 2594 idem
662 2532 814 2595 Maximus
862 2536 992 2611 tionem,
1005 2554 1102 2596 uuam
1116 2542 1262 2615 unasque
1276 2535 1472 2606 efficientem,
1488 2533 1630 2593 videlicet

66 2625 134 2702 apud
151 2625 349 2705 Euthymium
363 2623 503 2703 prohat‘.
863 2646 918 2707 pro
946 2629 1158 2707 amputatione
1185 2627 1331 2700 alterius,
1361 2631 1415 2686 ant
1440 2624 1630 2686 confessione

96 2717 180 2776 Addit
201 2717 337 2778 loannes
358 2718 577 2791 Damascenus,
600 2716 766 2793 Christum,
788 2717 814 2777 si
862 2719 1034 2798 utriusque.
1051 2740 1068 2776 ι)

65 2808 188 2869 unitione
200 2807 505 2887 compositamhabet
518 2814 649 2888 ἐνέργειαν,
658 2826 723 2868 non
732 2826 814 2869 eam-
902 2812 1054 2871 Praeterea
1066 2807 1257 2888 impossibile
1270 2814 1316 2869 est
1330 2825 1427 2869 unam
1441 2814 1472 2868 et
1486 2806 1629 2867 eamdem

66 2897 124 2958 dem
133 2899 311 2962 habiturum
324 2916 389 2959 esse
402 2916 474 2958 cum
488 2899 588 2970 Patre,
603 2898 742 2978 adeoque
756 2918 814 2961 nec
862 2902 1071 2981 operationem
1085 2901 1192 2962 divina
1211 2900 1315 2976 simul,
1334 2905 1366 2960 et
1382 2899 1519 2959 humana
1533 2915 1629 2977 praes·

66 2991 187 3051 eamdem
195 2991 340 3070 cumipso
348 2994 527 3050 naturam‘:
542 2989 592 3051 vel
600 2996 681 3050 certe
691 2991 813 3051 Patrem
861 2992 962 3054 taret.
979 2995 1048 3054 Non
1062 2992 1146 3053 enim
1168 3010 1218 3053 res
1240 2991 1303 3051 ulla
1319 2993 1402 3051 intra
1424 2996 1544 3051 naturae
1564 3006 1628 3049 suta

66 3080 247 3159 hominm,
272 3084 333 3143 hoc
359 3086 405 3142 est
426 3081 626 3161 compositam
655 3086 820 3160 nattuam,
860 3085 938 3146 fines
965 3084 1152 3159 consistens,
1179 3084 1333 3144 monario
1366 3087 1465 3162 potest
1495 3080 1626 3142 efficere.

65 3174 320 3253 operationemque
333 3174 548 3234 transiturum.
861 3177 947 3237 Sicut
965 3176 1047 3255 ignis
1063 3174 1195 3236 calorem
1214 3176 1330 3254 pariter
1348 3192 1383 3234 ac
1407 3173 1524 3250 frigus;
1547 3189 1628 3251 aqua

96 3265 210 3327 unta.
225 3266 351 3346 Papain
363 3265 462 3326 Later.
479 3264 811 3326 conehaecetaliain-
860 3269 973 3328 siccare
995 3267 1097 3343 simul,
1113 3272 1144 3327 et
1166 3266 1345 3326 humectare
1360 3282 1415 3344 par
1435 3281 1500 3325 sesa
1520 3262 1629 3342 nequit
1733 3252 1737 3261 ’

65 3358 208 3418 οοιιιιιιοθα
220 3357 307 3418 ialsae
321 3355 402 3416 illius
422 3356 610 3436 opinationis
627 3358 811 3436 compendio
862 3355 908 3440 (nt
920 3360 1057 3420 ioannes
1068 3353 1627 3434 Damasoenusargurnentatur.lldrgo

64 3448 383 3528 elegitquemlocnm
390 3447 810 3527 nonpoenitobitadscribere.
860 3469 918 3511 nec
933 3450 1041 3510 eadem
1059 3449 1112 3509 illa
1127 3461 1240 3509 natura
1261 3448 1376 3508 Christi
1392 3447 1544 3507 conharia
1558 3462 1626 3506 mo·

67 3560 77 3595 ι
88 3541 158 3601 Nam
170 3540 195 3601 si
207 3559 272 3601 non
282 3541 359 3599 duas
368 3540 573 3618 operationes,
586 3538 688 3618 iuquit
698 3537 721 3616 ⁸,
731 3540 813 3602 hanc
859 3541 921 3615 liri,
936 3557 1102 3618 secumque
1114 3539 1285 3619 pugnantia
1296 3539 1407 3617 potuit.

64 3630 221 3693 bastulam
234 3632 419 3709 significare,
439 3630 493 3693 scd
516 3648 613 3690 uuam
628 3649 692 3692 esse
715 3632 811 3693 confi·
900 3633 968 3692 llll.
987 3633 1144 3692 Postremo
1158 3630 1342 3701 versatilem,
1356 3634 1387 3689 et
1399 3628 1626 3689 inconstantem
1652 3655 1726 3701 itta
1757 3666 1796 3698 aa

64 3726 165 3799 untur,
178 3741 300 3784 necaese
320 3726 367 3782 est
393 3739 445 3782 eos
469 3726 524 3781 aut
548 3721 729 3800 simplicem,
757 3730 812 3784 aut
861 3723 1140 3785 Monotheletarum
1160 3721 1303 3782 heresim
1326 3721 1370 3781 ita
1391 3721 1534 3781 universe
1552 3738 1626 3781 con·
1671 3668 1781 3754 ‘³⁸⁰5st

65 3815 258 3894 compositam,
274 3818 329 3874 aut
348 3813 534 3888 naturalem,
553 3819 605 3873 aut
618 3814 812 3893 personalem
861 3815 984 3876 cludere
997 3815 1078 3888 licet,
1094 3833 1132 3874 ex
1146 3814 1204 3890 his,
1220 3832 1289 3892 quaa
1304 3813 1482 3874 Anastasius
1498 3813 1627 3893 Apocri-

65 3902 150 3967 dicere
160 3924 239 3981 eam,
253 3911 291 3965 ut
303 3923 344 3966 ue
356 3923 413 3984 pro
432 3905 549 3965 incerto
562 3904 726 3978 vocabulo,
740 3906 811 3966 nul-
861 3906 971 3967 siarius
989 3907 1022 3966 in
1045 3906 1173 3986 epistola
1196 3903 1237 3965 αιί
1262 3903 1449 3967 Theodosium
1471 3904 1629 3985 Presbyte-

64 3993 114 4057 lius
136 4016 200 4059 eam
227 3998 350 4058 virtutis
375 4004 440 4057 esse
466 3995 660 4075 perhibeant.
684 3999 766 4076 Ergo
787 3998 813 4057 si
861 4018 929 4058 rum
970 4004 1077 4058 conha
1117 3997 1185 4058 illos
1228 3997 1375 4075 disputat.
1421 3996 1499 4057 Cum
1542 3997 1628 4057 enim

65 4088 172 4165 quidem
197 4089 369 4168 simplicem
388 4106 452 4149 csse
472 4088 590 4165 dicunt,
611 4088 753 4150 eamdem
776 4095 815 4149 ut
861 4090 1050 4170 dupliciter,
1087 4088 1152 4149 imo
1195 4087 1356 4167 tripliciter
1394 4088 1508 4166 dogma
1535 4103 1629 4147 suum

65 4180 216 4260 simplicem
225 4179 354 4242 habebit
366 4186 398 4241 et
412 4181 512 4241 Pater.
529 4180 707 4260 simplicem
722 4199 813 4241 nam·
862 4186 1063 4262 exponerent,
1089 4186 1125 4240 ut
1150 4181 1185 4241 iu
1211 4180 1293 4241 ουΙοο
1318 4179 1426 4259 capitis
1452 4178 1534 4239 tertii
1558 4177 1630 4238 libri

94 4397 111 4437 α
127 4384 195 4439 tter.
211 4382 254 4438 ad
267 4385 335 4454 Pyr.
352 4382 449 4438 Presb.
468 4382 504 4436 Tt
520 4381 567 4454 γὰρ
581 4380 608 4435 bc
624 4387 697 4436 τινῶν
710 4382 818 4457 ducati·
861 4386 975 4452 θεότητος
987 4382 1070 4437 αὺτοῦ.
1082 4382 1123 4434 καί
1134 4382 1274 4454 araque<
1283 4379 1367 4445 αὐτοῦ,
1378 4381 1489 4443 σθνθιτος
1503 4379 1581 4445 ίσται,
1591 4381 1632 4434 καί

65 4464 188 4525 &thiren
201 4471 233 4537 τῇ
246 4464 309 4518 racd
322 4464 423 4518 σι’ννοθον
438 4462 539 4535 φυσικὴν
555 4463 762 4539 ἀποτελούμενον,
776 4467 817 4519 καὶ
863 4466 957 4533 ίσταιῆ
972 4465 1054 4537 ἑτέρας
1068 4462 1185 4536 ἐνεργείας
1198 4463 1315 4535 παρὰτθν
1327 4464 1429 4535 πατέρα,
1444 4464 1459 4531 ἢ
1474 4463 1514 4516 καὶ
1527 4462 1631 4534 θιτατὴρ

66 4544 192 4618 τθςγίσεις,
204 4547 228 4611 ἐξ
241 4544 277 4600 ὧν
286 4547 431 4614 συνέστηκεν
446 4546 579 4619 ἀτρίπτους
587 4549 709 4619 διατηρεῖ,
723 4549 764 4601 καί
774 4548 817 4613 τὰς
863 4550 976 4603 συνθέτου
985 4547 1105 4619 ἐνεργείας
1118 4545 1196 4600 ἔσται.
1213 4544 1234 4599 εί
1248 4545 1275 4599 et
1289 4546 1403 4599 συνθέτου
1417 4544 1545 4617 ἐνεργείας,
1558 4545 1633 4613 δηλο·

67 4627 134 4682 alna
146 4630 288 4691 συστατικὰς
304 4629 442 4701 θμεαθτους
458 4630 573 4692 διασώζει
587 4630 701 4701 δυνάμεις
712 4629 745 4693 είς
763 4629 816 4692 tit<
863 4634 914 4685 νθτι
928 4631 969 4684 καί
982 4631 1083 4701 ρθσειυς.

66 4708 126 4781 ίργοα
139 4713 320 4785 συμπλήρωσιν,
331 4710 380 4765 εἴτε
388 4711 473 4775 πάθος,
484 4710 533 4766 είτε
547 4713 628 4783 θαῦμα
640 4711 815 4784 τθγινόμενον.
898 4712 920 4768 cl
939 4715 1054 4769 Dtnlsc.
1071 4709 1117 4767 lib.
1134 4710 1167 4779 V,
1182 4726 1242 4781 cup.
1258 4726 1303 4765 xv.
1320 4708 1350 4763 ΕΙ
1364 4709 1408 4780 μία
1422 4706 1631 4781 Χριστοῦῆἔνίρ-

94 4794 109 4848 θ
127 4795 236 4851 Drauso.
253 4793 300 4849 ΙΙΙ).
318 4793 364 4858 ΙΙΙ,
380 4810 440 4864 cup.
456 4810 502 4849 xv.
527 4792 574 4846 Ἔα
588 4792 635 4866 γθιρ
648 4797 692 4860 τῆς
706 4793 817 4856 ἑνώσεως
862 4796 954 4868 γεια,ίγ
971 4794 1030 4863 adri
1041 4799 1090 4849 τῶν
1105 4794 1185 4857 θείων,
1196 4793 1236 4845 καί
1252 4792 1408 4865 ἀνθρωπίνων
1422 4792 1544 4860 ποιητικὴ.
1562 4791 1632 4846 οὐθὲν

65 4873 135 4940 Ιιαθ
145 4877 274 4932 θιαθστασιν
289 4877 409 4945 ταυτότης
419 4877 530 4948 γέγονεν,
546 4875 574 4930 οὗ
591 4877 638 4948 μὴν
654 4876 681 4929 tt
689 4877 730 4928 ααΙ
739 4876 755 4944 ἢ
764 4879 817 4929 δια·
863 4879 890 4932 δὲ
904 4885 954 4932 τῶν
964 4878 1042 4932 ὄντων
1053 4875 1077 4930 ἔν
1092 4880 1145 4941 τοῖς
1156 4877 1220 4930 κατὰ
1233 4877 1302 4948 ρίσιν
1313 4875 1385 4947 μένον
1401 4874 1431 4929 τὰ
1444 4873 1540 4927 ἐναντία
1553 4877 1632 4928 ποιεῖν

65 4958 119 5027 Ιθίί
138 4965 183 5013 ἴθ’*
195 4960 288 5031 W
300 4958 429 5032 ἆίθθηταῑ·
450 4962 493 5025 “dt
510 4957 537 5011 δῖ
549 4960 664 5030 δῑαφθρᾶς
676 4960 817 5030 σωθομίνητ
863 4962 972 5015 etiarn.
989 4959 1018 5013 ob
1031 4960 1079 5032 γὰρ
1093 4961 1122 5013 τὸ
1135 4964 1183 5031 etp
1196 4960 1267 5033 ψύχει
1282 4960 1322 5011 καί
1335 4957 1466 5030 θερμαίνει,
1482 4956 1537 5010 otti
1551 4955 1633 5030 ξηραί-

66 5045 108 5092 τῦι
119 5042 218 5112 ρίστων,
233 5042 387 5109 σωθήσονται
397 5040 491 5110 δηλαδὴ
502 5041 544 5094 καί
554 5041 681 5096 αίτονίτιαν
690 5039 816 5113 Ινίργαιαι.
863 5063 908 5106 νει,
923 5044 963 5096 καί
976 5042 1084 5114 ὑγραίνει
1102 5043 1132 5096 cb
1152 5043 1227 5115 θθιυρ.
1242 5049 1296 5105 πῶς
1308 5038 1364 5111 tub
1382 5042 1450 5113 ρθσιι
1464 5040 1498 5094 ὤν
1516 5040 1579 5102 debr,
1591 5041 1632 5093 ααΙ

65 5120 144 5195 υθγθρ
158 5123 205 5177 ίστι
217 5125 287 5195 qim,
301 5123 469 5196 ἇνενίργνγτος.
864 5126 932 5197 φύσει
945 5126 1076 5196 γενόμενος
1092 5124 1217 5196 ἄνθρωπος
1230 5128 1261 5179 τά
1279 5143 1306 5179 τι
1323 5125 1443 5197 θαύματα,
1463 5123 1503 5177 καί
1524 5122 1555 5177 τὰ
1568 5124 1632 5191 πάθη

94 5219 108 5259 c
125 5206 234 5264 Drauso.
254 5205 302 5262 tib.
315 5205 362 5270 ΙΙΙ,
379 5222 439 5277 cap.
452 5222 498 5263 xv.
513 5205 543 5260 Et
556 5206 583 5260 tt
598 5208 643 5279 μία
654 5205 761 5279 ἔνίργεια
774 5211 818 5273 τῆς
867 5210 912 5279 μιᾷ
923 5205 1031 5279 ίνιργείρ
1044 5205 1202 5273 &urticam

88 5390 99 5429 t
111 5387 136 5431 lu
149 5389 201 5442 cap.
214 5402 265 5435 αιιαν
276 5393 367 5445 Ρνττίιο.
382 5390 431 5434 -s
441 5389 467 5434 lu
478 5391 560 5445 Ρααορ.
571 5391 606 5435 ttt.
619 5388 687 5435 litlll
698 5389 745 5434 lat.
758 5413 786 5423 -
796 5389 836 5433 ttlu
846 5388 946 5434 hiereo.
960 5388 1040 5433 concil.
1049 5399 1109 5432 ocus.
1119 5388 1140 5432 8.
