4076 6180
354 168 415 228 (til
874 159 1198 225 THEOLOGICDRUM
1223 161 1444 228 DOGMdTUbl

354 342 446 399 testes
458 353 530 398 cum
546 334 612 414 jam
633 333 708 395 alibi
727 333 891 414 plerosquo
912 329 1120 401 citaverimus,
1174 330 1274 410 Atque
1287 333 1334 394 uti
1356 334 1437 395 Deus
1456 332 1599 396 homines
1624 350 1733 403 omnes
1752 338 1844 414 proin
1862 332 1918 394 nui

354 429 406 491 hic
431 447 540 491 eorum
564 429 731 503 duntaxat,
760 425 814 505 qui
837 425 899 485 illic
922 421 1122 503 praetermissi
1172 423 1283 503 cuique
1297 427 1452 502 convenit,
1465 427 1659 507 providentia
1676 446 1732 489 sua
1743 426 1916 499 moderatur,

354 527 446 597 sunt;
462 522 513 584 vel
530 520 711 583 eorumdem
730 537 811 579 nova
828 514 1005 578 testimonia
1019 512 1120 594 prole·
1171 531 1207 575 ac
1222 518 1311 594 regit,
1320 537 1382 579 non
1395 525 1500 581 tamen
1509 538 1617 598 parem
1629 526 1661 581 et
1669 519 1820 600 aequalem
1827 534 1919 579 curam

354 633 431 677 ram.
450 614 621 695 deprimas
635 611 746 673 merito
764 608 979 691 producendus
997 614 1043 668 est
1057 604 1122 667 Cle·
1169 608 1315 671 omuibus
1330 611 1455 673 adhibet
1472 631 1480 672 z
1495 613 1547 674 sed
1570 613 1647 674 ebes
1669 612 1736 674 aliis
1757 610 1919 690 diligentius

353 726 443 770 meua
454 704 689 775 Alexandrinus,
706 704 796 783 cujus
809 703 932 782 egregia
946 707 992 762 est
1006 700 1041 761 iu
1050 717 1118 776 sep·
1169 706 1201 760 et
1213 700 1377 764 officiosius
1391 705 1621 784 quodammodo
1631 706 1813 766 tractattlta
1826 702 1917 763 Salva·

353 799 430 862 timo
455 800 639 862 Stromateou
670 798 708 858 de
736 796 791 857 illa
815 815 848 856 re
876 793 1037 856 sententia.
1072 790 1118 852 lbi
1168 792 1244 854 toris
1257 794 1460 858 beneficentia
1472 816 1538 858 non
1549 816 1588 859 ex
1600 815 1690 877 aequo
1704 797 1737 857 in
1754 813 1859 858 omues
1869 793 1917 855 dil·

353 895 437 956 euim
452 894 491 955 de
507 893 559 954 liei
574 890 769 971 providentia
782 888 954 966 disputans,
977 885 1063 946 huuc
1085 883 1118 944 in
1167 882 1310 947 lunditur
1325 908 1332 948 :
1349 889 1403 950 aed
1422 889 1455 950 iu
1469 890 1761 970 quosdamplenius,
1783 893 1814 950 et
1830 885 1918 966 copie

353 986 481 1047 modum
495 987 730 1063 argumentatur
746 1000 753 1042 ι
775 1001 790 1039 ιι
803 981 866 1041 dart
879 979 962 1040 euim
976 995 1040 1039 non
1055 994 1120 1037 uru-
1168 975 1232 1038 stus
1248 998 1255 1040 ι
1272 980 1305 1041 iu
1323 981 1400 1042 alios
1414 983 1546 1062 parcius,
1559 1001 1617 1062 pro
1640 983 1789 1061 cujusque
1805 978 1916 1041 modulo

353 1079 440 1139 nium
455 1078 618 1139 huminum
632 1093 738 1136 curam
750 1073 830 1154 gerit
849 1072 1019 1144 Dominus3
1036 1069 1118 1147 quod
1167 1089 1203 1133 ac
1225 1073 1357 1149 merito;
1387 1076 1471 1154 quod
1500 1074 1616 1137 ibidem
1639 1075 1779 1136 Clemens
1802 1071 1917 1134 Alexan

352 1171 401 1232 vel
429 1171 498 1232 ideo
522 1169 567 1230 illi
594 1167 796 1242 contingeret,
810 1165 883 1245 quia
906 1181 970 1225 non
992 1165 1115 1242 posset:
1167 1164 1276 1227 drinus
1289 1167 1431 1229 observat
1454 1187 1461 1228 ι
1486 1168 1579 1248 idque
1597 1168 1743 1248 Apoetalo
1761 1170 1914 1247 preeunte,

352 1264 437 1344 quod
451 1263 577 1343 quidem
590 1260 743 1322 nefarium
762 1264 816 1334 est,
831 1276 903 1320 cum
918 1258 976 1318 hoc
993 1256 1118 1334 signum
1167 1258 1222 1336 qui
1235 1258 1279 1320 sic
1298 1260 1429 1321 scribit:
1458 1259 1618 1342 Speremus
1631 1260 1662 1320 ia
1684 1259 1778 1322 Deum
1797 1254 1914 1331 κωμικὴ

353 1357 392 1418 sit
409 1354 646 1429 imbecillitatis3
662 1353 711 1414 vel
731 1352 813 1431 quod
838 1358 872 1412 ut
891 1353 1005 1430 posset,
1022 1347 1119 1408 nollet
1167 1350 1222 1432 qui
1233 1354 1278 1411 est
1289 1351 1421 1414 salvator
1432 1352 1576 1426 omnium,
1590 1352 1719 1414 nrast'me
1730 1350 1871 1433 fideliam.

352 1455 458 1511 tamen
475 1469 482 1509 :
499 1447 581 1528 quod
604 1445 643 1508 ab
669 1464 718 1519 eu,
739 1445 793 1524 qui
819 1444 920 1505 bonus
947 1442 996 1517 sit,
1013 1441 1118 1502 abesse
1208 1445 1257 1506 lll.
1287 1446 1421 1526 Cyrillus
1455 1445 1755 1525 Hierosolymitanus
1784 1442 1916 1506 careum

353 1542 454 1604 debet.
470 1542 539 1602 Non
550 1540 645 1619 igitur
659 1556 724 1617 prae
739 1537 855 1599 deliciis
874 1554 977 1598 socors
994 1542 1041 1595 est
1053 1534 1117 1610 ille,
1167 1553 1254 1598 xvnr.
1272 1559 1288 1595 a
1303 1539 1383 1598 Cum
1403 1536 1557 1618 benignus
1581 1539 1619 1599 sit
1640 1539 1803 1610 Dominus,
1818 1537 1914 1616 inquit,
1969 1571 1972 1577 ·

352 1635 406 1714 qui
419 1638 525 1696 nostra
538 1650 628 1694 cerua
636 1648 761 1692 manem
772 1629 933 1710 patibilem
940 1627 1115 1706 assumpsit.
1167 1647 1233 1689 uou
1246 1647 1358 1707 uniam,
1373 1630 1424 1697 vel
1437 1631 1571 1692 alterum
1583 1637 1726 1705 mutum,
1747 1630 1803 1692 sed
1819 1628 1917 1691 mtsstus

351 1728 415 1788 dut
427 1731 508 1788 certe
521 1742 627 1786 euram
641 1722 735 1784 babet
747 1721 889 1783 omnium
906 1741 913 1781 ι
930 1720 1014 1800 quod
1030 1724 1061 1780 et
1073 1719 1118 1780 illi
1167 1724 1206 1784 ad
1230 1731 1355 1785 eternae
1378 1725 1450 1785 vite
1466 1725 1597 1803 januam
1615 1723 1717 1784 aditus
1736 1722 1870 1803 aperuit,
1888 1726 1917 1782 ut

351 1819 506 1895 convenit,
520 1818 572 1897 qui
587 1816 732 1877 dominus
746 1819 791 1876 est
801 1815 955 1875 omnium.
971 1815 1023 1874 liet
1033 1814 1117 1874 euim
1167 1833 1276 1878 omnes
1288 1834 1335 1894 aa,
1348 1822 1500 1897 quantum
1523 1817 1557 1878 iu
1579 1816 1645 1896 ipso
1665 1821 1721 1890 est,
1735 1815 1823 1876 nullo
1835 1815 1917 1893 impe

353 1914 495 1974 Salvator
505 1929 570 1971 non
586 1910 699 1970 horum
713 1908 880 1987 duntaxat3
905 1907 1028 1967 illorum
1043 1924 1117 1966 uero
1167 1909 1290 1985 diente,
1325 1908 1551 1989 potianuut.»
1582 1909 1679 1989 igitur
1702 1907 1742 1968 ab
1769 1908 1823 1969 illa
1840 1924 1917 1968 neno

351 2005 491 2066 minime.
510 2002 670 2081 Siquidem
684 2019 741 2081 pro
756 1999 904 2079 cujusque
918 1998 1118 2079 captabere
1166 2002 1305 2080 generali
1320 2003 1431 2065 danda
1444 2002 1552 2064 υιιθιιθυ
1563 2001 1721 2063 voluntate
1736 2000 1792 2063 nai
1809 2015 1918 2080 prorsus

349 2096 507 2159 licentiam
521 2112 609 2156 suem
623 2092 779 2173 impertiit.
800 2092 912 2153 Graecis
926 2091 1064 2169 perinde,
1080 2108 1116 2152 ac
1166 2096 1329 2175 excipitur.

351 2188 512 2259 Barbarie,
541 2192 573 2248 et
595 2185 649 2265 qui
675 2183 798 2247 axillis
825 2183 1033 2263 praedestinati
1061 2201 1117 2244 suo
1208 2189 1293 2250 ldem
1305 2194 1376 2250 autc
1387 2188 1472 2251 hunc
1481 2194 1512 2251 et
1524 2187 1701 2250 Methodius
1715 2192 1833 2268 martyr
1844 2196 1919 2247 retus

352 2288 490 2363 tempore
503 2280 605 2341 vocati
617 2283 701 2354 suut,
716 2276 911 2352 fidelibus,et
922 2276 1033 2337 electis.
1049 2277 1117 2337 Non
1167 2284 1197 2341 et
1211 2281 1490 2363 eruditusscriptor
1503 2281 1608 2343 docuit
1621 2280 1655 2342 in
1673 2280 1754 2341 libro
1774 2280 1810 2342 rie
1826 2281 1918 2342 dear-

350 2375 447 2455 igitur
461 2370 652 2452 praeinvidia
675 2369 833 2430 restrictus
856 2370 890 2429 in
913 2368 1031 2447 aliquos
1046 2369 1115 2443 erit,
1167 2373 1394 2436 r·eetione⁸.·ubi
1419 2399 1433 2428 ι
1447 2374 1597 2454 benignas
1610 2373 1788 2435 efficientias
1800 2374 1853 2435 liei
1863 2389 1918 2433 om·

351 2468 405 2547 qui
427 2485 466 2528 ex
495 2483 583 2544 aequo
610 2461 730 2523 avocavit
756 2470 925 2522 omues“.r
955 2462 999 2522 Αο
1024 2460 1117 2540 paulo
1166 2466 1258 2526 nibus
1272 2467 1598 2546 communiterpatere
1611 2466 1704 2541 dicit;
1719 2485 1767 2539 ac,
1782 2471 1918 2545 quantum

351 2564 434 2639 post3
455 2557 619 2624 «Quinam
641 2572 715 2633 ergo
739 2553 879 2614 Salvator
893 2560 950 2629 est,
969 2559 1000 2614 et
1014 2554 1119 2615 Domi·
1167 2564 1213 2619 est
1234 2557 1268 2618 iu
1291 2558 1369 2639 ipso,
1384 2559 1443 2619 hoo
1465 2565 1511 2620 est
1526 2559 1698 2621 secundum
1711 2558 1809 2638 ipsius
1831 2556 1917 2620 consi·

350 2670 421 2729 uus,
434 2650 493 2712 nisi
516 2651 658 2710 omnium
678 2647 718 2707 eit
737 2646 880 2722 salvator,
898 2652 929 2708 et
949 2645 1118 2708 dominus?
1167 2649 1257 2726 lium,
1283 2655 1315 2711 et
1340 2651 1545 2729 uoluntatem,
1570 2670 1683 2732 cupere
1708 2651 1799 2712 illurn
1824 2666 1917 2711 omues

351 2744 413 2806 Sed
435 2761 557 2816 eorum,
581 2741 636 2821 qui
659 2739 867 2809 crediderunt,
890 2739 1025 2802 salvator
1052 2746 1115 2817 est,
1167 2742 1293 2823 probos,
1308 2749 1340 2804 et
1350 2743 1456 2805 fideles
1468 2762 1544 2817 esse,
1560 2762 1595 2805 ac
1613 2743 1728 2806 virtute
1746 2744 1914 2822 praeditos.»

349 2842 512 2917 propterea
521 2834 605 2915 quod
618 2833 695 2893 scire
709 2833 875 2893 uoluerunt
889 2851 896 2892 :
910 2848 1020 2893 eorum
1029 2850 1115 2906 vero,
1166 2837 1273 2897 Graeca
1285 2835 1383 2916 ipsius
1395 2835 1430 2896 in
1443 2843 1529 2898 tomo
1538 2836 1640 2916 primo
1653 2836 1875 2916 descripsimus.

349 2929 404 3010 qui
422 2928 546 2990 credere
569 2925 748 3001 noluerunt,
764 2923 910 2985 dominus
930 2929 976 2985 est
995 2943 1003 2985 ι
1019 2925 1118 2986 donec
1207 2928 1445 3007 Chrysostomus
1471 2928 1607 3008 idipsum
1628 2928 1756 3005 crebris,
1784 2947 1821 2990 ac
1842 2928 1916 2989 luca·
1979 2982 1985 2993 .

350 3020 492 3082 confiteri
512 3019 640 3099 possint,
657 3023 689 3078 et
701 3017 874 3097 proprium,
890 3034 926 3077 ac
942 3033 1117 3095 congruens
1166 3019 1258 3081 lentis
1270 3021 1429 3082 sententiis
1445 3021 1559 3100 passim
1575 3020 1733 3101 predicat.
1749 3021 1811 3083 Sed
1827 3019 1918 3100 impri-

348 3114 408 3176 sibi
420 3112 605 3175 beneficium
619 3110 790 3190 peripsum
803 3108 991 3189 accipiant.»
1007 3108 1116 3183 Quoin
1167 3113 1226 3173 rnis
1247 3112 1376 3173 homilia
1399 3118 1507 3174 octava
1528 3117 1562 3175 io
1587 3112 1730 3175 Joauucm
1745 3133 1758 3175 .·
1772 3116 1826 3195 qui
1844 3114 1917 3176 locus

347 3205 415 3267 loco
432 3206 585 3279 Clemens,
598 3202 884 3281 utomuiurnpeues
898 3203 1115 3265 Deumruram
1167 3202 1367 3283 dignissimus
1392 3205 1530 3282 videtur,
1554 3223 1648 3284 quem
1674 3206 1726 3266 lric
1746 3206 1914 3268 descdbaru.

348 3316 413 3361 csse
421 3298 620 3368 demonstret,
631 3313 666 3355 ac
675 3293 958 3374 providentiam,eo
967 3298 1116 3374 tauquam
1166 3297 1239 3358 Hac
1253 3297 1347 3376 igitur
1358 3297 1618 3377 verbaEvangelii
1627 3298 1756 3359 loannis
1764 3316 1916 3361 enarrans:

348 3397 434 3460 noto,
454 3388 652 3467 confessoque
670 3386 754 3466 apud
777 3404 886 3447 omnes
908 3385 1015 3460 utitur,
1032 3388 1116 3467 quod
1166 3387 1246 3450 Erat
1259 3387 1313 3450 lua
1327 3407 1404 3463 aare,
1419 3408 1487 3470 quae
1500 3388 1773 3452 illuminaturum
1791 3390 1917 3453 Ιιωιιιιιεπ

348 3486 482 3545 salvator
494 3482 534 3544 sit
556 3481 710 3541 omnium.
736 3478 776 3540 Ut
795 3478 892 3556 igitur
913 3495 986 3539 cura
1001 3480 1066 3555 Dei,
1080 3498 1116 3543 ae
1166 3480 1325 3543 venientem
1340 3482 1375 3544 ιἰι
1386 3480 1462 3543 duae
1474 3481 1635 3544 muudum:
1651 3485 1764 3563 quaerit
1776 3483 1917 3565 quomodo

348 3574 541 3656 providentie
563 3573 602 3634 ad
623 3589 731 3633 ornnes
744 3571 898 3641 homines,
914 3577 945 3631 et
965 3570 1113 3650 singulos,
1166 3591 1292 3635 omnem
1316 3573 1473 3635 illuminet
1494 3575 1665 3652 bominem,
1688 3594 1761 3637 cunr
1783 3576 1844 3639 rint
1865 3583 1918 3637 tam

347 3669 434 3730 nullu
443 3684 569 3749 prorsus
580 3661 861 3744 excepto,pertinet
873 3683 880 3723 ι
892 3663 936 3723 ita
949 3663 1115 3726 Salvatoris
1166 3665 1257 3726 multi
1278 3665 1407 3728 luminis
1429 3675 1579 3748 expertes.
1601 3693 1615 3721 ι
1629 3668 1774 3747 Quinam,
1789 3670 1844 3743 ait,
1861 3668 1918 3729 illa

346 3759 533 3840 benignitas,
548 3764 578 3819 et
590 3756 751 3819 efficientia
762 3753 924 3834 complecti
937 3755 1029 3817 debet
1042 3756 1115 3818 uni·
1165 3758 1265 3819 minat
1285 3776 1412 3821 omnem
1434 3759 1618 3821 hominem?
1641 3761 1759 3841 Nempe
1778 3768 1918 3843 quantm

346 3870 459 3915 versos.
475 3850 600 3930 Alioqui
613 3868 671 3911 uec
684 3847 912 3928 argumentatio
923 3848 1112 3926 procederet:
1164 3857 1210 3912 est
1223 3850 1256 3910 in
1270 3850 1348 3930 ipso.
1363 3851 1452 3926 Quod
1477 3852 1503 3912 si
1517 3852 1615 3932 aliqui
1630 3854 1743 3915 mentia
1755 3854 1837 3916 ultro
1850 3854 1918 3916 aba

346 3953 377 4007 et
391 3945 416 4006 si
433 3960 568 4025 quorum
582 3942 716 4004 salrator
729 3941 851 4002 dicatur
870 3958 935 4001 non
949 3958 1015 4001 esee
1030 3941 1115 4002 Chri·
1169 3943 1276 4004 dentes
1302 3942 1424 4021 oculos,
1451 3943 1531 4005 lucis
1556 3944 1639 4006 illius
1669 3947 1772 4008 radios
1793 3947 1920 4027 excipere
1955 3985 1962 3999 ·

346 4045 427 4113 stus;
450 4034 592 4098 concludi
616 4034 728 4096 merito
751 4032 875 4113 poterit,
888 4031 1025 4110 ejusdem
1039 4051 1115 4096 cura
1164 4033 1351 4109 nolint,nou
1379 4035 1418 4096 iis
1445 4041 1555 4097 natura
1580 4037 1658 4098 lucis
1685 4037 1919 4100 obscurationem

346 4136 377 4193 et
395 4129 589 4211 providentia
612 4126 763 4207 quosdam
786 4124 917 4187 minime
931 4125 1110 4202 girbemari.
1168 4126 1258 4188 affert
1280 4126 1470 4207 harjaremodi,
1487 4127 1542 4189 sed
1562 4128 1746 4209 improbitas
1762 4131 1918 4211 pob’useo·

382 4308 403 4349 a
421 4291 507 4348 Cultu.
518 4290 564 4349 llll
576 4292 683 4371 Sisom.
702 4286 836 4361 ’Ἥτοιγθιρ
846 4285 874 4341 uir
885 4288 1008 4361 φροντίζει
1019 4289 1117 4343 πάντων
1166 4290 1227 4352 τοῖς·
1245 4287 1297 4345 οὔτ’
1311 4281 1354 4344 oia
1368 4288 1469 4362 φθονοθη
1483 4289 1541 4347 ποτ’
1552 4290 1581 4346 ἅν
1591 4292 1675 4346 τισινθ
1687 4293 1780 4356 πάντας
1792 4292 1836 4367 μὲν
1847 4289 1920 4359 isim

346 4373 480 4447 ἀνθρώπων
495 4375 509 4429 θ
524 4374 620 4446 Κύριος·
635 4372 676 4427 καθ
690 4376 763 4428 τοῦτο
782 4373 797 4441 ἢ
814 4377 850 4443 τῷ
865 4370 898 4443 μὴ
913 4371 1027 4426 δυνάοθαι
1045 4369 1117 4426 πάθοι
1164 4371 1298 4443 κεκληκώς.

346 4458 386 4511 ἅν·
399 4460 459 4530 ὅπερ
474 4457 502 4512 oi
516 4458 624 4530 θεμιτόν·
648 4455 768 4519 ἀσθενείας
790 4454 837 4528 γάρ
859 4457 970 4528 σημεῖον.
987 4454 1004 4524 ἤ
1026 4458 1063 4526 τῷ
1083 4453 1116 4528 μὴ
1200 4456 1270 4513 lbid.
1291 4456 1349 4521 Πῶς
1371 4454 1394 4511 δ’
1415 4458 1444 4511 ἄν
1462 4457 1514 4513 ἔστι
1527 4458 1609 4532 υωιὴρ
1623 4459 1663 4513 καθ
1678 4459 1770 4533 κθριυς,
1785 4459 1805 4515 εἰ
1817 4458 1850 4532 μὴ
1863 4458 1918 4513 πάι·

347 4542 474 4614 βούλεσθαι
487 4541 629 4614 δυνάμενος.
646 4538 690 4593 οθκ
703 4538 795 4611 ἀγαθοῦ
818 4538 845 4593 bl
867 4538 896 4591 ‘cb
920 4539 1005 4600 πάθος.
1029 4537 1116 4592 abacti
1164 4556 1213 4592 των
1240 4540 1333 4613 σωτὴρ.
1356 4541 1397 4593 καθ
1418 4541 1508 4614 κύριος,
1534 4542 1599 4595 ἀλλὰ
1613 4548 1664 4597 τῶν
1683 4542 1726 4616 μὲν
1739 4544 1917 4599 πεπιστευκότων

345 4624 394 4679 tat
409 4629 499 4699 τρυφῆς
511 4624 615 4697 ῥάθυμος
630 4623 644 4677 θ
662 4623 694 4676 δι’
717 4623 782 4695 ἡμᾶς
805 4622 849 4691 τὴν
864 4619 972 4690 παθητὴν
987 4620 1116 4675 haduidis
1164 4622 1257 4695 σωτὴρ,
1271 4622 1312 4678 διὰ
1325 4623 1355 4678 rb
1365 4629 1459 4696 γνῶναι
1474 4625 1642 4697 βιθουλῆυθαι.
1652 4632 1703 4681 τῶν
1717 4626 1916 4695 berem

347 4708 436 4781 σάρκα.
448 4709 463 4776 ἢ
477 4708 576 4777 κήδεται
596 4712 646 4761 τῶν
660 4706 818 4779 συμπάντων·
834 4706 894 4778 ὅπερ
911 4704 950 4758 καθ
965 4704 1063 4774 καθήκει
1074 4704 1115 4757 καθ
1163 4704 1254 4776 κύριος,
1270 4704 1322 4761 ἔστ’
1336 4706 1365 4758 ἂν
1378 4702 1603 4779 θξομολομὶυιιοθαι
1616 4709 1765 4777 iaspidem,
1778 4709 1871 4774 υθιιιθος,
1882 4704 1917 4760 ul

346 4791 423 4864 κθριῳ
436 4792 534 4845 πάντων
548 4791 684 4863 γινομάνῳ.
700 4788 787 4861 Σωτὴρ
807 4789 854 4861 γάρ
877 4785 960 4853 ἔστιν,
984 4786 1042 4861 cdxl
1065 4793 1115 4842 τῶν
1163 4787 1321 4856 καταλλήλυυ
1334 4791 1379 4857 τῆς
1391 4788 1424 4842 δι’
1439 4787 1514 4843 edroi
1524 4789 1632 4864 τθχωοιν
1647 4792 1788 4865 ιθορμυθιις.

348 4871 391 4946 μὶν
415 4878 464 4928 τῶν
487 4872 510 4927 δ’
529 4871 566 4927 οὔ.
590 4873 650 4945 πρὸς
672 4870 702 4939 δὴ
726 4873 785 4926 ὅσον
808 4868 1116 4940 θπιτηδειιθτητοςὲκαστος
1200 4870 1217 4926 θ
1236 4872 1347 4928 Gratti..
1361 4871 1502 4928 Htunosob.
1523 4872 1592 4929 cat.
1607 4870 1914 4947 ινιτιθιλάνθρυποςγὴ

346 4951 423 5031 εἶχεν,
438 4956 483 5025 τὴν
505 4955 579 5010 οιίιοῦ
600 4957 716 5028 διένειμεν
732 4954 879 5026 εὐεργεσίαν,
902 4954 1009 5024 ‘meet
1020 4973 1059 5018 -ra,
1074 4955 1115 5008 ael
1162 4953 1197 5007 ὤν
1209 4953 1224 5007 θ
1238 4953 1325 5026 Κύριος
1338 4952 1367 5008 oti
1380 4954 1448 5026 plau,
1461 4954 1518 5009 etot
1530 4957 1644 5029 διυτίμαν
1653 4958 1742 5029 μάνην·
1759 4956 1821 5012 llll«
1832 4953 1915 5015 eom

346 5041 487 5113 βαρὸάροις,
501 5039 542 5093 καὶ
561 5041 612 5101 τοῖς
626 5037 652 5091 ἔκ
669 5038 763 5092 τούτων
778 5039 968 5111 προωρισμένοις
983 5038 1037 5110 μὲν,
1051 5039 1114 5092 κατὰ
1163 5035 1205 5100 τάς
1216 5036 1323 5099 εἰσόδους
1343 5041 1386 5105 τῆς
1410 5035 1443 5101 εἰς
1464 5038 1509 5107 τὴν
1529 5037 1629 5093 αἰώνιον
1650 5040 1714 5108 ζωὴν
1737 5039 1823 5113 (lubrie
1843 5038 1913 5110 ttpaa

346 5122 373 5176 δὲ
385 5123 427 5177 rba
441 5122 530 5178 οἰκεῖον
546 5123 630 5195 sarpis
644 5122 801 5195 κεκλημένοις
813 5125 909 5185 πιστοῖς
924 5141 960 5188 τε,
978 5121 1018 5174 καὶ
1030 5119 1113 5175 ἐκλεκ-
1162 5120 1222 5191 πρθς
1235 5120 1264 5175 rb
1285 5121 1377 5185 πάντας
1393 5121 1530 5177 &sciuisse
1548 5123 1579 5178 τὸ
1601 5124 1659 5177 ὅσον
1683 5121 1722 5179 ἐπ’
1744 5122 1818 5196 einp,
1835 5119 1913 5187 setius

1161 5201 1302 5267 ἀκωλύτως.

376 5347 403 5394 ll
417 5348 470 5393 ltro.
483 5358 513 5399 ιν,
532 5346 564 5391 lo.
574 5369 601 5381 -
612 5346 626 5391 b
637 5345 690 5392 tilde
701 5350 754 5392 ιοιιι.
767 5345 784 5398 l,
799 5344 838 5391 lli.
850 5346 867 5390 x
879 5346 906 5391 uc
916 5346 959 5393 lieo
971 5356 1019 5400 sap.
1031 5344 1082 5401 rus
1093 5348 1113 5391 s.
