3990 6130
491 350 542 413 DE
561 346 864 428 tucturtt‘rtortE,
886 351 955 413 LIB.
979 351 1030 428 VI,
1058 352 1142 414 CAP.
1165 352 1261 414 xvir.
1629 356 1668 415 97

10 509 85 579 W·
107 521 212 599 postea;
231 533 291 579 nee
307 534 373 579 non
392 517 431 578 de
449 524 566 600 ἐνεργείᾳ,
588 518 679 597 cujus
696 517 730 578 in
743 521 850 578 octavo
902 515 1038 580 indivisa
1064 518 1168 580 subest
1207 515 1342 579 relativis
1367 516 1468 578 tribus
1493 516 1674 598 propriata·

102 609 170 689 ,libro
180 610 367 690 explicandae
380 611 464 672 locus
480 611 550 672 erit.
901 609 992 670 tibus.

10 722 91 781 μειερ,
139 701 852 783 HicOnentaIesinsurgnnt3etprimoquidem
941 702 1010 762 Non
1021 702 1160 764 dissimili
1169 703 1286 766 ratione
1297 703 1448 785 Oyrillum
1457 701 1668 765 Theodoretus
1708 715 1835 780 abutum

10 776 83 879 Qu
108 792 230 868 tutentur,
251 814 317 857 non
330 797 374 858 sic
393 797 574 877 operatione
596 795 695 857 sancti
718 794 854 873 Spiritus
902 795 1091 873 aggreditur,
1106 797 1183 858 dum
1203 796 1262 857 hoc
1275 815 1376 857 unum
1390 801 1520 857 conatur
1535 795 1667 874 efficere,
1707 770 1830 879 “pig'fflu

107 887 235 961 afflatum,
252 895 284 950 et
302 887 483 950 instinctum
505 888 601 949 fuisse
622 887 792 963 Christum,
817 890 854 946 ut
902 887 1004 948 Deum
1023 888 1162 950 Verbum
1184 889 1301 969 aliquid
1324 890 1357 951 in
1380 894 1536 970 assumpta
1557 895 1670 950 nature

108 978 346 1059 olimprophetoe,
359 984 397 1059 {et
415 985 484 1060 post
501 998 554 1041 eos
574 979 717 1059 apostoli.
735 978 854 1039 Deinde
903 978 1209 1060 hominisoperatum
1220 981 1313 1044 tuisse
1323 1001 1331 1059 ;
1342 987 1378 1043 ut
1388 1001 1458 1043 cum
1468 981 1670 1043 illiabmorte

106 1072 217 1149 grauter
230 1072 374 1133 incusant
390 1072 554 1152 Gyrillum,
569 1072 654 1150 quod
667 1069 854 1132 vocabulum
903 1072 1182 1152 suscitationem,
1205 1080 1237 1135 et
1257 1075 1386 1153 glorium
1409 1074 1569 1156 impertiit.
1592 1075 1672 1135 Nam

106 1163 171 1225 istud
183 1171 330 1246 ἐνεργεῖσθαι
344 1165 537 1226 damnaverit
550 1182 615 1225 non
634 1163 737 1224 solum
754 1162 853 1242 impe·
903 1163 1083 1227 simortalis
1101 1185 1173 1228 eum
1194 1173 1273 1229 esset
1290 1173 1414 1244 natum,
1436 1168 1673 1247 conditioneque

105 1257 161 1334 rite,
173 1258 221 1319 sed
235 1257 633 1338 etiamcumblasphemia:
650 1261 756 1337 utpote
770 1253 854 1334 quiod
905 1276 971 1332 stre,
989 1276 1028 1318 ex
1049 1259 1267 1338 conjunctione
1283 1278 1354 1321 cum
1369 1261 1472 1321 Verbo
1491 1259 1675 1321 immortali-

106 1349 132 1409 in
144 1350 226 1412 sacris
239 1351 352 1412 litteris
375 1351 494 1412 Christo
518 1350 678 1411 tribuitur.
700 1348 752 1409 Sic
769 1347 854 1408 enim
904 1356 1001 1412 tatem
1021 1357 1184 1412 consecuta
1202 1357 1269 1413 est:
1290 1353 1374 1431 quod
1393 1353 1523 1414 minime
1540 1352 1676 1413 hahebat

105 1442 272 1521 Apostolus:
300 1442 471 1506 Secundam
494 1443 707 1524 operationem,
733 1439 853 1520 inquit,
904 1443 1033 1523 aceepit.
1057 1445 1157 1518 Quare
1183 1450 1346 1525 operatum
1373 1452 1418 1507 est
1441 1445 1474 1506 in
1497 1464 1534 1506 ea
1558 1446 1676 1525 aliquid

103 1540 225 1609 potatio
243 1535 368 1597 uirtutis
385 1535 466 1617 qiam
485 1554 574 1617 qaam
595 1538 735 1615 operatus
755 1540 798 1593 eat
822 1532 856 1591 εἰι
905 1536 1055 1597 Verbum.
1074 1538 1249 1616 Respondet
1263 1538 1409 1619 cyrillus,
1422 1537 1563 1599 Verbum
1576 1555 1676 1598 unum

107 1625 207 1689 Christo
218 1628 362 1689 ειισρίιαειε
375 1647 442 1690 eum
455 1647 474 1689 c
487 1628 646 1689 ιιιοινιιίεν.
662 1628 701 1686 Et
712 1626 746 1685 in
760 1623 855 1701 Actis,
905 1647 970 1690 esse
985 1633 1063 1704 fcum
1085 1649 1176 1691 carne
1194 1648 1265 1707 sua,
1280 1631 1331 1692 vel
1344 1631 1482 1707 homine,
1504 1649 1598 1711 quem
1613 1648 1678 1692 sus·

105 1717 215 1783 dextero
246 1720 306 1783 Dei
342 1719 493 1782 exultatus
509 1721 540 1798 ⁶,
579 1726 610 1781 et
637 1719 675 1779 iis
714 1716 855 1778 similia:
906 1722 1006 1801 cepit;
1023 1728 1053 1783 et
1070 1741 1126 1802 per
1146 1741 1273 1784 carnem
1292 1740 1392 1797 suam,
1415 1724 1500 1785 velut
1517 1743 1572 1804 per
1586 1741 1677 1802 orga-

104 1831 161 1892 que
183 1813 329 1875 effectum
355 1813 471 1893 aliquid
488 1812 522 1872 in
545 1811 664 1873 Christo
687 1810 780 1871 fuisse
803 1808 857 1869 de·
906 1832 995 1882 num,
1020 1815 1115 1889 mira,
1142 1820 1173 1876 et
1197 1816 1304 1877 divina
1326 1833 1420 1897 opera
1443 1816 1588 1895 quaedam
1610 1833 1679 1876 exe-

105 1911 271 1969 mcnstrant.
906 1908 1680 1988 eutumesse:nonquemadmodumpertpostotos

135 1999 241 2062 Vemm
264 1998 315 2061 his
333 1997 468 2078 occurrit
481 1997 631 2078 Cyrillus;
647 2013 713 2057 nou
725 1992 858 2057 inficiari
907 2001 1015 2061 eedem
1040 2000 1094 2061 illa
1117 2001 1264 2081 perfecit:
1290 2002 1344 2082 qui
1370 2000 1503 2079 diversi,
1526 2018 1562 2062 ac
1589 1998 1680 2061 divisi

103 2108 139 2164 ae,
151 2093 220 2171 quin
234 2098 268 2154 et
287 2092 380 2154 Pater
399 2093 434 2152 in
453 2091 585 2162 Christo,
601 2094 632 2150 et
645 2089 679 2149 in
698 2093 858 2167 assumpta
908 2099 997 2154 erant
1010 2092 1048 2153 ab
1058 2099 1185 2154 auctore
1194 2100 1353 2173 gestarum
1364 2111 1482 2169 rerum,
1496 2100 1527 2154 et
1537 2092 1681 2153 effectore

102 2190 196 2247 natura
215 2185 359 2246 Verbum
381 2183 485 2264 ipsum
510 2187 672 2263 operatum
691 2181 857 2259 esse⁸,dica·
907 2185 1067 2267 primario.
1091 2186 1242 2253 Quocirca
1265 2192 1421 2267 ἐνηργῆσθαι,
1447 2184 1479 2246 id
1505 2190 1561 2262 est,
1592 2184 1681 2245 cim·

102 2282 159 2336 tarr:
176 2278 225 2339 sed
246 2278 308 2339 hoc
326 2294 428 2338 unum
446 2275 571 2350 cavisse,
597 2292 637 2336 nc
654 2279 805 2352 tanquam
825 2272 858 2332 in
909 2296 1012 2357 pressa
1027 2278 1188 2339 efficientia
1203 2283 1304 2340 motos
1323 2296 1388 2340 esse
1402 2296 1457 2358 per
1472 2276 1626 2338 Christum
1647 2277 1681 2338 in

102 2368 194 2447 altem,
211 2376 244 2432 et
264 2387 331 2432 ase
351 2370 420 2449 ipso
434 2368 586 2447 disjuncto
601 2365 742 2429 Verbum
761 2364 859 2444 egisse
910 2370 1039 2450 Spiritu,
1069 2370 1188 2451 inquit,
1217 2371 1347 2431 dicimus
1373 2371 1516 2432 homines
1542 2376 1680 2444 sanctos,

102 2462 200 2541 aliquid
214 2468 362 2543 putatum
388 2479 460 2523 eum
476 2478 558 2520 unus
572 2459 612 2519 sit
633 2475 706 2519 cum
725 2456 860 2536 eoquod
907 2468 1059 2543 tanquam
1082 2464 1159 2524 alios
1178 2469 1209 2524 et
1229 2462 1365 2524 diversos
1383 2462 1422 2523 ab
1441 2463 1526 2542 ipso;
1550 2463 1602 2524 sed
1617 2479 1682 2522 non

100 2556 261 2635 assumpsit.
285 2556 396 2634 Itaque
418 2553 594 2615 Nestorium
613 2555 699 2613 recte
712 2550 765 2610 illo
780 2548 860 2610 Ana·
910 2556 1019 2617 eodem
1031 2557 1125 2616 modo
1139 2557 1156 2616 J
1159 2572 1248 2617 esum
1268 2574 1286 2616 a
1301 2554 1405 2617 Verbo
1425 2555 1458 2630 in
1472 2554 1595 2635 spiritu,
1610 2555 1683 2615 data

102 2645 275 2708 ttemotinno
303 2648 385 2724 peti,
413 2644 469 2724 qui
493 2644 535 2705 sic
560 2642 646 2723 loqui
673 2659 766 2703 ausus
792 2645 858 2715 est;
910 2648 1073 2709 efficientia
1087 2654 1208 2709 motum
1226 2666 1301 2725 esse,
1318 2648 1406 2727 quasi
1424 2646 1555 2708 aliussit
1576 2647 1681 2722 Filius,

102 2740 309 2801 «Communes
329 2744 403 2800 sunt
424 2736 586 2798 Trinitatis
606 2735 810 2815 operationes
829 2737 861 2793 et
910 2745 1023 2819 praeter
1032 2740 1087 2801 Dei
1097 2741 1301 2820 Unigenitum
1311 2738 1360 2801 i.»
1373 2740 1455 2801 Nihil
1468 2740 1563 2817 igitur
1576 2744 1685 2801 contra

99 2830 161 2891 solis
185 2830 405 2912 hypostasibus
432 2827 698 2891 discriminentur·
727 2824 860 2887 Proinde
912 2832 1063 2911 Cyrillum
1073 2838 1235 2912 promovet
1244 2833 1468 2908 TheodoretuS,
1481 2832 1595 2911 quippe
1609 2847 1684 2892 cum

101 2923 246 3003 Unigeniti
268 2923 372 3003 gloria
395 2921 554 2983 interdum
580 2919 663 2980 Patri
682 2934 859 2979 eceemmo·
911 2943 976 2986 non
1005 2924 1186 3004 simpliciter
1212 2925 1393 3002 negaverit,
1422 2930 1585 3005 operatum
1618 2940 1683 2983 esse

99 3014 197 3077 datur:
223 3016 303 3078 abas
326 3013 479 3094 Spiritui:
504 3029 734 3090 nonnunquam
751 3007 863 3070 Ghn'stl
912 3016 1030 3095 aliquid
1048 3018 1081 3078 in
1096 3035 1198 3083 earne,
1214 3017 1279 3077 sive
1296 3016 1435 3091 homine,
1451 3015 1611 3091 Verbum3
1631 3015 1685 3075 sed

98 3108 261 3186 wifflfioe‘·
275 3133 291 3163 ⁸
320 3107 438 3180 Quibus
459 3102 562 3167 Vtrblss
584 3101 777 3182 significabat
796 3117 861 3161 non
912 3108 945 3169 in
971 3127 1020 3188 eo,
1044 3115 1195 3192 tanquam
1220 3108 1281 3170 alio
1308 3114 1340 3170 et
1363 3109 1484 3173 diuerso
1510 3107 1586 3169 illud
1609 3106 1684 3169 effe·

98 3200 189 3261 solum
206 3219 225 3262 a
243 3202 348 3276 Patre,
372 3203 404 3259 et
432 3215 451 3258 a
470 3195 591 3276 Spiritu
611 3199 728 3269 sancto,
753 3197 862 3271 utpote
914 3199 1005 3263 cisse,

97 3294 224 3371 personis
231 3291 395 3367 distinctis,
405 3297 554 3371 ἐνεργεῖσθαι
562 3288 623 3349 hoc
637 3293 684 3349 est
696 3284 863 3368 operatione

98 3385 307 3448 monentem-2·
327 3383 471 3462 gloriam,
487 3381 555 3442 sive
583 3380 691 3457 gloriae
712 3377 816 3459 plena,
833 3383 864 3438 et

96 3476 272 3541 admiranda
306 3477 451 3557 quaedam
484 3491 578 3554 opera
607 3471 770 3550 Unigenito
797 3468 863 3531 filio
1009 3457 1378 3525 ANATHEMATISMUS
1401 3458 1594 3522 OCTAVUS.

97 3568 209 3632 homini
245 3570 398 3632 Christo:
432 3564 640 3629 verumetiam
668 3562 708 3624 ab
731 3563 865 3643 ipsomet

97 3661 218 3739 Μῦν,
234 3681 301 3744 <1¹1³
314 3660 454 3722 Verbum
475 3678 512 3722 ³⁰
531 3660 616 3719 Deus
633 3660 698 3732 est;
713 3660 865 3734 “mquam
1018 3668 1152 3733 Cretan.
1424 3669 1580 3733 anromr.

97 3755 217 3833 perinde
244 3755 286 3817 ab
308 3752 437 3815 homine
464 3751 504 3814 sit
531 3767 664 3829 persona
689 3746 859 3822 discretus,

96 3847 247 3926 mornado
267 3848 373 3923 Pater,
395 3851 426 3906 et
446 3842 580 3925 Spiritus
597 3846 733 3903 sanctus.
747 3840 863 3901 Idcirco
960 3861 976 3899 ιι
991 3840 1025 3902 Si
1039 3841 1107 3920 quis
1120 3842 1216 3905 audet
1230 3840 1277 3903 di·
1374 3861 1390 3900 u
1404 3840 1438 3903 Si
1448 3840 1519 3921 qcris
1530 3839 1613 3903 servi
1622 3840 1686 3902 ior-

97 3957 212 4002 necesse
225 3939 289 4001 tuit
302 3940 484 4013 admonere,
501 3954 566 4011 non
579 3934 624 3997 sic
642 3931 779 3995 eVerbo
794 3949 864 3993 con-
917 3949 1013 4007 cere,
1080 3939 1278 4014 essumptum
1331 3951 1417 3994 mam
1431 3952 1489 4013 pro
1503 3934 1614 4013 seipso,
1629 3932 1689 3994 hoe

96 4048 211 4094 cessum
234 4031 317 4093 illud
338 4048 405 4093 esse
423 4035 554 4105 nature,
570 4042 666 4108 mem
684 4024 863 4105 assumpsit,
895 4025 1078 4086 *hominem
1118 4025 1278 4088 eoadomri
1331 4025 1690 4106 estsecundumpropriae

97 4124 175 4186 velut
188 4145 208 4186 a
221 4125 326 4205 seipso
340 4123 454 4184 divise.
921 4134 993 4178 oum
1008 4116 1279 4197 DeoVerhoopor-
1332 4121 1453 4178 naturae
1468 4117 1689 4194 rationem,co

131 4218 212 4293 Quin
248 4216 329 4279 ittud
362 4217 457 4277 etiam
483 4213 626 4294 imperite
651 4210 691 4273 ab
724 4209 866 4272 Nestorio
919 4206 1276 4287 tere,eteongtoriticari‚
1332 4207 1458 4269 leudam
1488 4208 1622 4281 dixerit,
1659 4215 1691 4270 et

96 4307 209 4371 duum
236 4307 528 4385 animadvertimus,
552 4303 748 4386 operationes
767 4300 869 4363 Triui-
917 4299 1278 4375 acconnominari,tam-
1332 4318 1398 4360 non
1426 4300 1568 4360 omnium
1594 4299 1692 4361 domi-

96 4403 173 4478 tatis,
188 4400 437 4484 proprietatibus
461 4405 492 4461 et
513 4396 731 4479 hypostasibus
751 4392 867 4454 dirimi.
923 4409 1018 4473 quem
1043 4390 1178 4453 alterum
1206 4409 1278 4453 cum
1333 4409 1430 4453 nam:
1452 4396 1484 4452 et
1510 4401 1575 4451 non
1588 4393 1692 4471 potius

96 4492 192 4557 Nssrito
226 4495 347 4575 quippe
381 4491 482 4571 magis
512 4488 726 4552 distrahuntur
761 4502 871 4565 opera·
921 4484 1030 4546 altero.
1047 4484 1279 4567 [Nemperticu-
1334 4501 1390 4562 per
1417 4483 1694 4564 societatemque

95 4581 202 4665 dones,
232 4602 333 4667 quem
369 4583 503 4648 essentia
528 4582 616 4662 ipsa,
658 4596 728 4659 que
752 4595 816 4639 unu
841 4582 872 4638 et
920 4575 961 4656 la,
982 4594 1080 4654 cum,
1102 4575 1206 4638 addite
1220 4576 1280 4637 hoc
1334 4575 1446 4652 beate,
1462 4579 1545 4637 etex
1558 4592 1591 4637 se
1604 4580 1696 4637 natu·

127 4844 147 4888 α
164 4830 249 4906 ΕρΙε.
266 4847 288 4897 t,
301 4829 348 4887 49,
367 4824 437 4883 Κατὰ
456 4824 501 4895 τὴν
515 4820 636 4897 ἐνέργειαν
655 4816 699 4877 τοῦ
712 4818 817 4895 κράτους
831 4823 874 4890 τῆς
922 4825 967 4876 τοῦ
983 4824 1130 4894 μονογενοῦς
1142 4817 1159 4887 ἡ
1173 4813 1338 4880 εῦδοξίαιεοτέ
1353 4814 1396 4890 μὲν
1409 4821 1446 4890 τῷ
1460 4817 1540 4891 Πατρι
1552 4823 1693 4893 περιῆτται·

98 4910 179 4989 ἰσχύος
188 4915 281 4970 abrod-
291 4915 322 4983 ἢν
337 4911 469 4985 ἐνήργησεν
484 4908 554 4981 ἓντῷ
568 4907 680 4980 Χριστῷ,
694 4901 786 4978 ἐγείρας
800 4901 872 4958 οὗτοι
923 4903 1067 4977 societati
1082 4904 1210 4975 πνεύματι·
1225 4900 1286 4957 ποτὲ
1299 4900 1327 4954 δὲ
1339 4905 1370 4974 τῇ
1384 4904 1429 4956 τοῦ
1442 4901 1551 4973 Χριστοῦ
1557 4905 1694 4978 δυναστείᾳ.

95 4995 233 5072 empne.
960 4987 981 5044 d
1000 4989 1111 5044 Crutnc.
1129 4991 1233 5041 routra
1251 4982 1356 5040 Theoti.
1371 4984 1405 5039 ad
1419 4985 1513 5041 anath.
1532 5001 1580 5042 vu.
1603 4986 1696 5062 Ἐνηρ-

128 5082 146 5138 b
165 5089 235 5139 Aet.
252 5097 288 5149 11,
301 5081 345 5139 23.
362 5080 399 5152 Τῇ
413 5076 481 5148 δεξιᾷ
494 5068 536 5128 oba
546 5077 591 5128 τοῦ
604 5073 660 5127 θεοῦ
674 5070 785 5145 istaista.
925 5071 1012 5144 γῆσθαι
1041 5069 1083 5142 μὲν
1097 5069 1145 5142 γὰρ
1169 5068 1210 5122 διὰ
1229 5067 1337 5140 Χριστοῦ
1356 5066 1380 5122 ἔν
1403 5068 1522 5140 πνεύματι
1545 5069 1600 5133 τοῦς
1614 5071 1698 5144 ἁγίους

127 5183 143 5222 e
162 5167 291 5226 Nasson.
306 5163 381 5235 apud
395 5159 491 5232 cyrill.
506 5161 539 5215 ε’νι
550 5157 619 5231 Des.
630 5156 728 5213 anath.
744 5170 783 5211 νιι
799 5157 875 5210 cotti·
926 5154 1015 5228 ραριὲν.
1031 5155 1066 5215 ὡς
1080 5154 1176 5227 ἑτέρους
1190 5152 1263 5213 ὄντας
1277 5149 1336 5223 παρ’
1351 5151 1434 5205 αὐτόν.
1451 5150 1540 5223 οὐρὴν
1558 5153 1624 5206 οῦτοι
1635 5155 1699 5210 κατὰ

96 5252 210 5307 orient.
225 5251 262 5305 iu
277 5247 344 5319 Eph.
360 5261 425 5317 syn.
446 5244 533 5297 Κοινιιὶ
543 5241 592 5315 γὰρ
607 5239 633 5294 αἱ
647 5243 691 5308 τῆς
705 5238 803 5311 τριάδος
817 5233 879 5306 ἆνερ·
927 5239 970 5292 τον
984 5235 1039 5291 ἴσον
1055 5238 1155 5309 τρόπον,
1166 5236 1206 5288 καὶ
1220 5234 1292 5289 wicht
1308 5233 1453 5307 ἔνηργῆσθαι
1463 5235 1505 5287 τὸν
1523 5233 1623 5304 Ἰησοῦν
1633 5237 1699 5308 παρὰ

95 5350 165 5408 πται,
175 5334 222 5389 ui
238 5332 327 5407 μόνοις
335 5328 486 5384 ὑποστάσεσι
493 5324 536 5395 τὴν
548 5323 665 5397 διαίρεσιν
679 5321 792 5396 ἔχουσαι.
803 5320 878 5391 ἤγουν
929 5320 1059 5459 τέρῦθλόγον
1069 5318 1094 5374 ἐν
1108 5319 1237 5393 acciperet,
1248 5318 1283 5381 ὄις
1297 5318 1380 5390 ἕτερον
1394 5317 1456 5372 ὄντα
1468 5316 1521 5371 οἱον
1537 5320 1605 5391 παρά
1618 5338 1646 5390 γε
1655 5320 1698 5374 τὸν

984 5408 1025 5458 τοῦ
1040 5406 1171 5477 μονογενῆ.

235 5541 318 5604 τοι,
340 5536 396 5599 vr.
1561 5512 1579 5574 ⁷
