3956 6158
309 278 371 347 ott
826 274 1154 343 rammaroouuu
1173 273 1398 347 nooman!

310 448 386 505 tuuc
406 440 626 513 offerebantur,
645 440 783 521 loquitur
806 441 886 501 neus
908 458 964 519 par
977 440 1076 505 Maia·
1128 439 1376 515 immaculatum,
1403 439 1506 505 idest
1538 439 1707 517 cursum,
1731 440 1880 503 mutan·

311 534 414 595 chiam
428 552 527 595 unum
550 551 588 592 ex
611 533 832 592 duodecime.»
850 533 930 593 Tum
953 533 1079 613 prolatis
1128 531 1211 605 dicit,
1228 533 1360 611 explicat
1384 531 1418 592 in
1436 532 1659 615 commentario
1679 532 1720 593 ad
1740 539 1881 610 caputm-

311 626 477 705 Prophetas
492 625 605 695 verbis,
621 642 691 707 quae
705 625 932 703 descripsimus,
946 626 988 685 ita
1009 643 1080 703 per·
1131 624 1379 703 tsvumepistolae
1393 622 1433 685 ud
1445 623 1603 698 Hadranum
1616 623 1670 683 uhi
1684 624 1723 684 de
1738 625 1884 687 therama

310 718 375 796 git:
396 718 468 778 «ne
492 715 529 779 iis
542 722 658 791 autem,
684 735 753 797 quae
768 717 889 778 anobis
913 717 1080 795 gentilibus
1129 715 1374 776 Christianorum
1395 715 1552 777 oblatione
1575 716 1723 794 loquitur,
1743 735 1804 794 qua
1824 717 1883 777 uni·

311 811 344 871 in
359 810 445 871 omni
458 809 525 870 loco
539 809 714 873 offeruntur
738 810 806 889 ipsi,
833 809 998 881 sacrificiis,
1020 810 1080 873 hoc
1129 824 1203 869 oum
1224 807 1301 869 illud
1323 807 1463 869 oblatum
1490 807 1585 871 semel
1603 809 1742 871 meraca
1768 825 1884 871 comme

311 908 357 962 est
370 902 408 961 de
422 920 501 981 poue
517 902 727 978 Eucharistiae,
748 907 779 962 et
804 901 916 982 poculo
939 900 1082 965 similiter
1129 900 1303 960 moratione
1332 899 1511 979 quotidiana
1547 901 1645 980 repeti
1679 901 1773 976 dictu
1806 919 1886 980 qaam

311 992 523 1067 Eucharistiae,
539 994 694 1074 praedixit,
711 1015 727 1052 o
748 1000 807 1057 etc.
1129 989 1234 1052 locum
1248 997 1354 1071 postea
1367 992 1532 1069 proteram.

351 1087 433 1147 Tum
447 1086 588 1169 pluribus
614 1087 791 1163 interjectis,
816 1086 849 1149 in
876 1086 986 1147 eodem
1016 1085 1081 1146 dia·
1170 1084 1311 1147 Meminit
1323 1089 1354 1145 et
1365 1084 1506 1147 sacrificii
1522 1103 1612 1149 novae
1625 1086 1703 1167 legis
1716 1106 1736 1147 a
1753 1086 1887 1153 Maisolia

313 1179 396 1258 galo,
414 1178 542 1241 ludaico
556 1180 660 1241 omnia
671 1179 818 1240 sacrificia
832 1181 1079 1259 antiquataesse3
1131 1176 1269 1253 praedicti
1284 1177 1457 1257 Cyprianus
1468 1176 1549 1238 libro
1563 1178 1576 1238 l
1588 1177 1615 1239 Τ
1613 1179 1745 1241 estimas.
1755 1198 1823 1258 cap.
1835 1196 1884 1241 ιιι.

311 1276 458 1332 etunum
477 1289 571 1353 penes
593 1271 723 1349 gentiles
740 1271 929 1331 Christianos
949 1271 1082 1332 residere
1173 1267 1258 1329 XIV.
1280 1269 1472 1345 Augustinus
1494 1268 1575 1333 libro
1606 1271 1676 1333 XVI
1704 1270 1741 1333 de
1775 1270 1889 1333 Ciuitate

312 1368 442 1423 testatur
460 1361 668 1425 isacrificium
683 1363 715 1423 in
734 1363 926 1423 Eucharistia
940 1363 1038 1443 panis,
1052 1368 1083 1423 et
1134 1357 1202 1429 net,
1232 1360 1332 1439 capite
1355 1377 1456 1433 xxxv,
1492 1360 1653 1425 Malachim
1687 1364 1887 1429 testimoninm

312 1454 433 1534 poculi:
450 1454 534 1534 quod
558 1454 596 1515 ab
630 1454 808 1519 Christianis
826 1455 860 1515 iu
881 1454 968 1519 omni
992 1461 1082 1519 terrae
1133 1450 1232 1529 affert,
1248 1470 1284 1513 ao
1297 1458 1399 1513 vetere
1412 1453 1561 1533 abrogato
1572 1456 1795 1529 sacerdotio,et
1806 1456 1887 1517 meri·

312 1547 379 1607 loeo
392 1545 594 1609 celebraturi.
611 1567 626 1604 o
1133 1542 1214 1614 ficio,
1240 1562 1358 1604 novum
1399 1563 1464 1606 esse
1493 1546 1727 1622 subrogandum
1767 1549 1888 1611 indidem

352 1640 441 1701 XIII.
466 1640 601 1699 Irenaeus
621 1638 698 1701 item
724 1638 803 1701 libro
828 1639 871 1699 IV
885 1638 983 1717 capite
1004 1655 1084 1700 xxxa
1133 1635 1278 1701 affirmat.
1293 1638 1357 1699 Hoc
1370 1655 1444 1699 vero
1459 1640 1644 1703 sacrificium
1658 1659 1778 1705 novum
1787 1660 1838 1720 per
1852 1660 1890 1702 sa·

313 1731 370 1791 sub
390 1730 497 1806 finem,
520 1749 558 1791 ex
586 1730 695 1793 codam
711 1730 871 1795 Malachiae
893 1731 1082 1807 testimonio,
1134 1728 1306 1788 cerdotium
1333 1729 1445 1789 Christi
1467 1732 1640 1792 secundum
1665 1734 1807 1795 ordinem
1823 1733 1889 1793 hiel·

313 1821 1082 1902 sacrificiumChristiaoaalegisapprobat.aE11m,
1136 1819 1274 1885 chisedec
1287 1821 1321 1881 in
1344 1821 1430 1883 omni
1448 1822 1519 1885 loco
1533 1824 1578 1886 ait
1600 1825 1723 1901 offerri3
1739 1844 1830 1905 quem
1850 1826 1889 1886 lo-

313 1914 427 1994 inquit,
453 1914 558 1995 quiex
572 1915 812 1993 creatorapaois
829 1922 885 1987 est,
911 1916 1037 1995 aceepit,
1055 1920 1086 1977 et
1136 1930 1311 1993 cumsupro
1323 1914 1489 1979 retulimus
1500 1914 1522 1975 ¹.

313 2007 426 2086 gratias
440 2007 502 2085 egit
524 2007 639 2083 diceus,
657 2005 723 2067 Hoc
744 2015 785 2068 est
799 2026 902 2088 corpas
923 2026 1030 2071 meum.
1047 2009 1086 2071 ut
1177 2006 1226 2071 Sia
1240 2007 1333 2067 eham
1346 2007 1379 2067 in
1390 2006 1469 2068 lihro
1484 2008 1808 2075 contracturus-iam
1819 2011 1890 2091 ίορίι,

313 2098 441 2163 calicem
459 2098 609 2170 similiter,
635 2099 688 2178 qui
713 2118 750 2161 ex
775 2118 811 2161 ea
838 2106 990 2173 ereatura,
1016 2118 1086 2180 quas
1136 2102 1165 2158 et
1181 2096 1410 2179 Prophetarum,
1428 2099 1527 2179 capite
1549 2118 1604 2175 xx,
1627 2101 1811 2165 sacrificium
1827 2101 1892 2163 illud

314 2192 619 2265 estsecundumnos,
636 2192 918 2271 suumsanguiuem
932 2191 1087 2253 consessus
1136 2189 1229 2257 idem,
1255 2192 1339 2269 quod
1362 2191 1491 2252 ludaico
1519 2209 1735 2257 successurum
1767 2195 1893 2275 prodicit

315 2289 380 2345 est:
406 2290 437 2345 at
457 2284 530 2344 novi
552 2285 740 2345 Testamenti
754 2303 868 2347 novam
882 2285 986 2347 docuit
999 2284 1086 2351 obla·
1136 2282 1300 2347 Melanidas
1315 2284 1477 2363 Propheta,
1500 2285 1656 2349 meandum
1671 2287 1803 2351 ordinem
1827 2286 1892 2351 net-

314 2376 449 2437 tionem:
475 2394 570 2454 quam
593 2374 726 2437 Ecclesia
760 2376 799 2439 ah
827 2377 980 2456 Apostolis
1007 2377 1086 2439 acci-
1136 2372 1262 2435 caesena·
1276 2393 1341 2435 esse
1355 2374 1440 2439 dicit.

315 2468 414 2548 piens,
429 2468 462 2531 in
476 2468 620 2528 rruiverso
636 2468 755 2528 mundo
772 2469 862 2530 otiert
883 2470 957 2545 Deo,
977 2469 1016 2545 ei,
1032 2468 1087 2548 qui
1177 2466 1227 2528 Sic
1239 2467 1257 2527 J
1261 2482 1377 2531 oannes
1393 2469 1599 2531 damascenus
1621 2470 1704 2534 libro
1729 2473 1831 2545 tertio,
1851 2490 1895 2533 οιι·

316 2561 463 2625 alimenta
490 2560 580 2623 nobis
608 2566 744 2641 praestat,
781 2562 933 2645 primitias
959 2578 1088 2623 suorum
1136 2558 1200 2638 pite
1215 2575 1281 2620 ιιιν.
1304 2560 1405 2623 «Haec
1420 2560 1571 2625 nimirum
1586 2567 1645 2639 est,
1674 2564 1729 2638 ait,
1748 2568 1895 2644 purnmet

316 2671 483 2714 munerum
503 2652 538 2715 in
560 2671 641 2713 novo
670 2654 877 2723 Testamenta,
904 2655 1029 2733 dequo
1054 2655 1088 2717 iu
1137 2652 1338 2715 incruentum
1363 2653 1560 2731 sacrificium,
1576 2656 1660 2734 quod
1680 2656 1720 2717 ab
1742 2663 1816 2718 ortu
1835 2655 1895 2719 solis

315 2746 480 2807 duodecim
495 2744 656 2825 Prophetis
671 2745 837 2809 ίίίιιίιιοίιίιιοΙ
857 2748 899 2809 sic
924 2746 1085 2827 praesigni-
1137 2762 1235 2823 usque
1248 2744 1287 2804 ad
1298 2762 1440 2809 occasum
1450 2744 1554 2807 offerri
1564 2747 1635 2824 sihi,
1652 2766 1707 2825 per
1722 2750 1896 2829 Prophetiam

315 2838 430 2913 ficavit,
455 2844 514 2899 etc.
551 2836 802 2899 Manifestissime
829 2838 1005 2916 significans
1033 2857 1087 2916 per
1138 2837 1382 2898 hominusdirit.
1401 2837 1519 2917 Corpus
1532 2845 1589 2916 cst,
1605 2846 1636 2903 et
1645 2842 1772 2920 sanguis
1784 2841 1894 2914 Christi,

316 2931 395 3006 haec,
417 2930 565 3011 quoniam
579 2929 665 3008 prior
675 2931 802 3010 quidem
813 2931 946 3013 populus
957 2931 1088 2991 cessavit
1137 2929 1221 3008 quod
1241 2929 1281 2989 ad
1301 2930 1414 2991 animas
1435 2936 1548 2993 nosnos
1571 2933 1770 3013 corporisque
1791 2950 1897 3001 οοιινιιν·

317 3023 428 3084 offerre
452 3024 524 3100 Deo,
555 3022 641 3085 omui
673 3028 778 3085 autem
806 3023 873 3084 loco
901 3023 1087 3087 sacrificium
1137 3021 1294 3081 rationem
1306 3022 1443 3098 procedit
1453 3032 1474 3084 ³.
1492 3049 1505 3079 a
1520 3029 1579 3087 stc.

318 3116 446 3177 offertur
459 3117 575 3190 Deo,et
595 3116 653 3175 hoc
671 3132 812 3193 purum:
835 3121 868 3179 et
881 3134 996 3181 nomen
1022 3115 1088 3194 ejus
1178 3113 1377 3193 Perspicuum
1398 3119 1445 3174 est
1465 3121 1568 3179 autem
1596 3136 1698 3196 neque
1724 3118 1896 3183 Malachiam

318 3207 508 3286 glorificatur
521 3207 554 3267 in
568 3206 723 3285 gentibus.
740 3227 756 3265 ο
1137 3224 1194 3266 nec
1216 3206 1281 3287 ejus
1299 3207 1484 3286 interpretes
1511 3215 1632 3269 sanctos
1648 3212 1753 3273 Patres
1765 3208 1896 3273 sacrificii

358 3302 405 3360 Ita
419 3299 665 3379 chrysostomus,
678 3298 726 3363 vel
741 3298 793 3378 qui
809 3298 867 3359 suh
881 3299 948 3377 ejus
960 3299 1088 3361 nomine
1137 3299 1266 3360 nomiae
1279 3316 1446 3360 commune
1456 3301 1623 3379 quoddam,
1640 3308 1671 3364 et
1685 3303 1748 3367 late
1762 3308 1895 3383 usurpata

318 3392 419 3455 editus
444 3398 490 3452 est
517 3398 623 3452 auctor
650 3391 855 3452 commentarii
879 3396 912 3452 ia
934 3391 1088 3455 Psalmo-m
1137 3390 1358 3469 significatione
1392 3390 1523 3471 intelligi
1541 3393 1685 3469 voltdsse,
1728 3392 1893 3473 cujrrsmodi

317 3503 386 3562 xor,
396 3484 494 3546 allatis
506 3483 663 3546 ltlaiaehiae
672 3483 786 3553 verbis,
795 3485 877 3544 adea
886 3484 930 3549 sic
940 3484 1086 3567 disputat:
1138 3502 1254 3562 preces,
1279 3488 1361 3557 vota,
1385 3489 1417 3547 et
1443 3483 1658 3551 henefiaoaa
1680 3488 1712 3553 in
1755 3501 1896 3566 pauperat

322 3579 431 3652 avide,
449 3595 544 3657 quam
562 3576 684 3648 illustri,
705 3582 737 3637 et
755 3576 916 3661 splendido
931 3577 1087 3659 preconio
1139 3575 1515 3655 appellanturinterdum¹
1531 3577 1893 3657 :scupea-ultoremque.

319 3670 482 3750 mysticam
496 3687 636 3731 mensam
649 3668 792 3751 explicet,
809 3687 921 3749 uempe
940 3669 1087 3733 inaruea-
1138 3674 1169 3728 et
1182 3668 1314 3746 insigne.
1338 3669 1416 3733 Nam
1437 3668 1541 3747 priora
1560 3670 1613 3737 illa
1629 3670 1751 3750 pridem
1776 3688 1894 3750 usurpo·

318 3767 387 3821 tum
402 3760 617 3825 sacrificiumr.
631 3781 646 3818 o
1137 3760 1251 3823 bantur
1271 3765 1417 3821 manente
1436 3761 1539 3823 adhuc
1564 3762 1696 3827 daronis
1722 3763 1892 3831 sacerdotio·

359 3854 570 3917 Theodoretus
580 3871 704 3932 quoque
712 3854 752 3915 ad
766 3859 860 3933 ceput
874 3852 1011 3932 primum
1026 3852 1091 3915 Ma·
1138 3853 1228 3935 eique
1247 3854 1461 3915 consentaneis
1485 3854 1649 3921 sacrificiis.
1673 3857 1770 3935 atqui
1789 3870 1895 3925 aarum

319 3943 436 4014 lachim,
467 3949 497 4005 et
523 3945 589 4023 eius
612 3945 665 4009 ille
691 3945 807 4019 varba;
832 3966 847 4003 ιι
875 3945 1088 4020 θὶοίιιιιοιιιιιι,
1138 3945 1274 4025 aliquod,
1305 3948 1349 4011 uti
1384 3945 1600 4023 sacerdotium,
1637 3948 1679 4011 ita
1718 3948 1894 4013 maritimum

318 4037 430 4119 inquit,
443 4037 562 4097 ratione
572 4038 743 4101 carentium
749 4037 903 4117 jugulatio
911 4036 980 4103 fieri
988 4037 1088 4098 desiit.
1138 4039 1314 4117 praedicitur
1326 4036 1480 4105 anundum
1495 4038 1625 4103 ordinem
1646 4038 1861 4115 neutum,
1869 4042 1895 4098 et

322 4130 414 4191 Solus
428 4135 533 4190 autem
546 4128 764 4193 immaculatus
778 4130 1087 4209 agnussacrifioatur,
1138 4132 1268 4195 antehoc
1288 4130 1489 4197 inusitatum:
1506 4131 1553 4197 uti
1566 4133 1670 4201 Patres
1690 4132 1738 4195 illi
1750 4132 1896 4197 deciscant

321 4222 467 4301 quitollit
480 4228 603 4303 peccata
617 4221 758 4283 mandit.
773 4223 894 4313 »Quod
907 4222 958 4283 hic
972 4240 1089 4300 egnum
1138 4228 1202 4285 toto
1222 4223 1282 4284 hoc
1306 4221 1405 4302 capite
1429 4223 1525 4287 citati.
1553 4224 1641 4299 Quod
1664 4243 1736 4286 oum
1757 4230 1896 4306 praterea

358 4440 378 4481 a
396 4424 472 4480 iosr.
488 4423 570 4479 Dtal.
587 4438 657 4480 vers.
680 4424 724 4479 3t.
746 4422 818 4481 Ὅθεν
838 4424 893 4497 περὶ
916 4423 958 4496 μὲν
981 4430 1031 4478 τῶν
1050 4423 1090 4494 ὑφ’
1178 4440 1193 4480 ο
1212 4425 1312 4481 Canis.
1329 4439 1400 4481 rara.
1420 4424 1465 4481 39.
1485 4423 1555 4498 ’θρα
1575 4430 1627 4488 σῶς
1639 4425 1771 4499 λαμπρῶς,
1785 4427 1825 4483 ut
1839 4442 1898 4496 τοι·

320 4507 390 4580 ὑμῶν
411 4508 468 4560 τότε
494 4507 697 4578 προσφερομένων
719 4507 807 4560 θυσιῶν
833 4506 898 4577 λέγει
927 4506 941 4559 θ
965 4506 1026 4571 θεὸς,
1057 4507 1091 4568 ὡς
1140 4513 1221 4578 φανῶς
1235 4506 1278 4576 τὴν
1294 4507 1410 4579 μυστικὴν
1419 4505 1554 4579 ἡρμήνευσε
1563 4510 1697 4580 τράπεζαν,
1707 4510 1749 4563 τισί
1759 4509 1896 4581 ἀναίμακτον

320 4592 429 4664 προίφην
443 4589 484 4643 διὰ
497 4588 630 4662 Μαλαχίου
654 4587 706 4650 ἑνθς
723 4595 772 4643 τῶν
794 4590 898 4661 δώδεκα,
921 4596 974 4646 etc.
991 4590 1050 4663 Περὶ
1064 4589 1091 4643 δὲ
1140 4590 1232 4649 θυσίαν.

321 4681 371 4728 τῶν
387 4671 410 4726 ἐν
425 4671 498 4727 παντί
512 4674 580 4744 τόπῳ
597 4671 637 4745 'sp'
650 4670 721 4743 ἡμῶν
736 4678 785 4727 τῶν
796 4670 870 4726 ἐθνῶν
887 4673 1090 4747 προσφερομένων
1175 4672 1197 4735 d
1215 4674 1388 4735 Turonorum
1404 4676 1437 4735 io
1458 4672 1589 4733 Μαίαΰθ.
1610 4675 1658 4728 Καὶ
1675 4681 1725 4730 τῶν
1744 4674 1788 4748 μὲν
1811 4675 1897 4745 ml*

322 4757 503 4830 abripiuntur,
518 4755 628 4810 τουτέστι
649 4752 693 4809 τοῦ
709 4756 783 4828 ἄρτου
798 4760 841 4825 τῆς
859 4754 1012 4829 εθχαριστίας
1029 4775 1090 4828 προ·
1140 4756 1252 4827 θυμάτων
1280 4758 1350 4820 τέλος
1373 4756 1458 4810 ἔλαθεν
1479 4756 1495 4825 ὴ
1521 4756 1612 4829 σφαγὴ,
1639 4760 1714 4833 μόνος
1733 4759 1788 4817 ata
1807 4758 1898 4839 ἄμωμα

320 4842 397 4913 λέγει,
413 4846 464 4896 eto.
1141 4838 1216 4911 ἀμνθς
1229 4840 1356 4925 lapidaret,
1365 4839 1379 4892 θ
1388 4840 1464 4912 αίφων
1474 4839 1519 4909 τὴν
1529 4839 1650 4912 ἁμαρτίαν
1659 4846 1704 4896 τοῦ
1717 4844 1819 4913 stupea

359 4923 463 4981 bibid.
483 4920 589 4988 Θυσίας,
612 4924 639 4985 ag
658 4922 798 4994 παρέδωκαν
826 4920 924 4993 Ἰησοῦς
947 4923 961 4977 θ
988 4922 1093 4994 Χριστθς
1177 4923 1327 4983 eDttttsc.
1346 4922 1411 4991 Αὕτη
1433 4920 1498 4979 ίστίν
1512 4922 1528 4990 ἡ
1541 4922 1633 4996 ιιαθσρθ
1652 4925 1723 4985 θυσία
1742 4922 1850 4993 muca,
1863 4922 1897 4977 ui

321 5007 438 5080 γίνεσθαι,
453 5006 588 5071 τουτέστιν,
613 5003 652 5058 ἐπί
671 5009 701 5078 τῇ
723 5004 866 5078 εὐχαριστίᾳ
892 5010 936 5059 τοῦ
950 5005 1035 5077 ἄρτου,
1051 5006 1092 5057 καί
1141 5005 1299 5077 ἀναίμακτος,
1314 5008 1328 5073 ἢ
1345 5005 1387 5059 ἀπ’
1411 5003 1538 5058 ἀνατολῶν
1554 5005 1625 5073 ἡλίου
1642 5008 1716 5079 μέχρι
1728 5008 1825 5079 mapalis
1839 5003 1898 5073 αὐτῷ

322 5095 365 5145 τοῦ
375 5089 494 5163 ποτηρίου
506 5086 530 5143 la
544 5088 618 5145 παντί
632 5090 702 5162 adcor
721 5092 765 5157 τῆς
778 5093 823 5162 γῆς
836 5091 967 5162 γενομένας
982 5089 1031 5145 tat
1042 5094 1092 5145 τῶν
1141 5088 1317 5160 namnida
1337 5087 1380 5141 tit
1402 5094 1447 5143 eoa
1459 5090 1615 5161 τροφθτυιιθ
1634 5090 1721 5161 [tipice
1732 5090 1815 5161 ῐφῃι.
1830 5084 1898 5157 {did

324 5174 475 5245 Χριστιανῶν
485 5172 617 5243 apotamo
631 5172 720 5243 θθιθς,
736 5178 790 5231 etc.
1142 5170 1193 5226 ἐστι
1207 5173 1247 5224 καί
1262 5164 1326 5243 αίμα
1338 5172 1453 5244 Χριστοῦ,
1471 5170 1503 5234 τίς
1517 5172 1632 5227 detaut
1644 5176 1687 5241 τῆς
1701 5172 1818 5247 ἧμιτθρας
1828 5172 1898 5243 ψυχῆς

361 5255 431 5314 Vde
441 5260 469 5312 θί
483 5270 546 5327 pag.
563 5269 621 5326 seq.
1065 5286 1067 5289 ·
1142 5274 1180 5321 τι,
1194 5254 1236 5308 ιιαί
1248 5255 1362 5328 σώματος
1375 5259 1482 5328 χωροῦν.

2 5300 3 5339 ί

1 5452 10 5800 φ
354 5443 365 5488 t
378 5442 394 5501 S
405 5442 426 5486 l.
438 5463 463 5475 -
475 5440 490 5484 θ
502 5439 566 5486 hair.
578 5451 626 5492 ¹111.
642 5440 675 5485 ta
