3936 6146
504 317 553 378 DE
573 314 886 389 INCARNATIONE,
908 314 982 375 LIB.
999 314 1037 391 x,
1060 316 1145 377 CAP.
1168 316 1235 379 v11.
1589 319 1646 380 :tat

90 484 123 545 Iu
143 485 208 564 epau,
234 481 348 560 inqttit,
381 478 528 543 rutulus
553 481 648 541 omnio
674 479 828 561 plenitudo
879 482 1089 542 determinatis
1102 480 1278 541 subsistere.
1296 480 1355 541 Sed
1366 479 1419 559 qui
1435 479 1474 539 de
1486 479 1649 558 istisplura

90 574 232 635 diuinitatis
250 572 456 652 corporaliter.
483 574 575 645 Item,
590 572 669 633 Doto
692 581 731 633 est
755 571 831 631 uer'di
879 574 1047 652 percipere,
1063 593 1099 632 ac
1119 573 1242 651 plenius
1261 572 1378 632 erudiri
1401 570 1542 643 voluerit,
1567 571 1649 649 legat

90 666 289 745 ouuiupotestus
303 672 334 725 iu
349 663 421 724 coelo
436 672 463 724 et
477 664 508 723 iu
523 663 631 725 terro¹.
658 666 697 725 Et
708 665 830 725 loconis
879 666 941 738 illa,
963 684 1034 744 quae
1061 665 1095 726 iu
1122 670 1231 743 quarto
1258 665 1361 739 libro,
1387 664 1522 724 maxime
1549 663 1648 724 tribus

90 760 184 839 primo.
206 757 321 818 Verbum
331 775 398 817 euro
412 757 586 836 factumest.
606 758 642 816 Et
653 756 676 832 ²,
698 758 777 817 sedet
790 755 829 816 ud
879 759 1041 838 postremis
1054 757 1216 836 capitibus,
1230 756 1441 836 exposuimus,
1451 755 1564 833 quihus
1576 773 1647 816 mu-

90 850 216 912 bunum
229 848 390 930 mejestatis
412 848 444 909 iu
462 848 593 909 excelsis.
610 850 654 909 Ex
667 849 727 924 his,
743 849 828 908 aliis·
879 856 966 910 tuam
981 851 1204 929 proprietatum
1217 848 1471 911 communionem
1486 847 1649 926 diligenter

89 963 138 1023 que
152 943 249 1003 locis«
270 941 446 1002 mnfirmari
468 941 619 1018 putabunt
638 942 830 1018 majestatem
879 942 1119 1003 enucleavimus.

88 1035 202 1097 hominis
221 1034 341 1107 Christi,
362 1052 433 1112 quo
455 1033 484 1094 ei
506 1034 576 1094 data
597 1039 652 1106 est,
667 1039 830 1112 propterea
920 1038 971 1095 Vl.
988 1038 1077 1096 Nunc
1090 1037 1129 1095 ad
1147 1035 1394 1115 opprimendam,
1407 1040 1439 1094 et
1450 1035 1648 1096 evertendam
1673 1044 1820 1108 naseuntu-

88 1128 156 1207 quod
178 1145 243 1186 euru
271 1127 334 1186 lico
360 1125 563 1204 personaliter
589 1125 707 1198 unitus,
735 1130 766 1184 et
791 1125 830 1185 ad
879 1129 1022 1189 heresim
1046 1129 1146 1200 istam,
1171 1128 1352 1188 Christiane
1370 1125 1560 1205 antiquitatis
1578 1146 1647 1188 sen·
1674 1109 1818 1195 ”fiditiffim

88 1220 222 1281 dexteram
237 1217 288 1278 Dei
305 1217 474 1278 collocatus
488 1217 538 1288 sit,
555 1225 586 1277 et
600 1217 705 1277 omnia
719 1216 750 1277 in
765 1235 831 1277 orn·
879 1222 997 1297 tentiae,
1019 1240 1055 1281 ac
1079 1222 1199 1281 decreta
1222 1220 1406 1299 proferenda
1423 1226 1512 1293 sunt;
1535 1220 1648 1298 quihus

88 1313 163 1372 nibus
185 1310 386 1389 adimpleret3
416 1309 469 1387 qui
492 1326 621 1369 omnem
647 1314 829 1387 potestatem
880 1315 994 1392 partim
1005 1314 1148 1374 universe
1172 1313 1224 1372 illa
1253 1317 1391 1386 notatur,
1413 1330 1447 1371 ac
1468 1311 1645 1388 damnatum

88 1403 203 1463 habetin
217 1403 303 1473 uelo,
321 1408 353 1461 et
365 1400 399 1460 in
417 1406 512 1474 terra,
528 1401 714 1461 constitutus
737 1419 830 1480 super
879 1407 916 1466 iis
944 1406 1085 1466 videlieet
1109 1405 1281 1466 constitutis
1308 1405 1346 1464 de
1375 1403 1486 1464 Christi
1510 1403 1648 1465 humanu

89 1495 274 1573 ommaopera
289 1511 443 1553 manuum
457 1493 593 1554 Domini.
618 1493 706 1566 Quod
719 1494 745 1555 si
759 1512 829 1554 om·
879 1505 1001 1576 natura,
1022 1499 1135 1578 quibus
1156 1516 1226 1558 cum
1253 1495 1468 1558 immensitatis
1488 1495 1596 1574 hujus,
1617 1502 1649 1557 et

88 1586 168 1647 ulain
185 1585 328 1647 omuibus
352 1585 469 1665 implet,
486 1585 657 1646 necessario
677 1585 827 1665 sequitur,
880 1590 1060 1671 ubiquitotis
1072 1590 1177 1651 fabula
1190 1608 1254 1650 uon
1264 1593 1364 1668 potest
1375 1586 1540 1648 consistere
1557 1608 1564 1648 :
1580 1608 1648 1668 par-

87 1697 145 1741 eum
154 1697 270 1757 quoque
283 1677 431 1739 omuibus
444 1678 539 1741 rebus
551 1677 665 1750 adesse,
674 1678 728 1756 qui
742 1678 831 1739 estin
879 1683 937 1743 tim
951 1702 989 1744 ea
1002 1684 1198 1759 nominatim,
1215 1701 1250 1742 ao
1265 1681 1376 1742 diserte
1391 1679 1566 1758 configitur.

87 1769 209 1831 omnibus
221 1769 379 1843 ereattuis,
394 1776 425 1829 et
438 1768 472 1829 in
486 1769 633 1831 omnihus
644 1772 826 1851 operatur.»
919 1776 974 1835 His
986 1781 1091 1836 autem
1106 1775 1251 1835 omnihus
1269 1773 1381 1854 praeire
1402 1771 1493 1832 debet
1515 1773 1645 1848 firmior,

18 1869 63 1965 simp⁵
118 1864 149 1922 V.
169 1863 261 1940 igitur
273 1862 510 1940 Ubiquistarurn
522 1863 590 1922 haec
602 1862 708 1940 opinio
721 1867 778 1937 est,
792 1880 831 1922 ex
879 1886 916 1929 uc
934 1868 1067 1928 sanctior
1079 1868 1246 1928 auctoritas
1267 1865 1363 1926 divini
1387 1865 1570 1942 verhi3qua
1584 1864 1646 1925 irn-

18 1974 56 2019 pa
87 1955 197 2033 eoquod
216 1953 340 2014 l'erburu
353 1972 421 2013 euro
434 1952 547 2032 suetum
560 1962 611 2027 est,
627 1954 742 2026 omnia,
759 1973 829 2032 quae
880 1959 977 2039 pietas
990 1960 1299 2035 illaconviueitur,et
1309 1956 1647 2036 circumscriptumlooo

18 2028 64 2129 ἓξ,
87 2047 228 2107 diuinitatis
241 2047 502 2127 propriasunt,in
515 2064 641 2108 carnem
655 2065 719 2107 ease
729 2053 828 2107 tram-
881 2053 984 2131 aliquo
1006 2052 1161 2112 Christum
1182 2070 1257 2123 essa,
1279 2070 1341 2129 qun
1362 2052 1455 2111 homo
1469 2056 1525 2117 est,
1542 2060 1648 2129 aperte

18 2134 54 2229 ἕξ
86 2137 140 2199 lusa
154 2139 201 2213 sie,
214 2145 248 2199 ut
265 2140 336 2200 baec
358 2140 391 2201 in
412 2140 465 2201 illa
485 2158 569 2214 vere,
586 2140 721 2218 proprie,
737 2146 778 2212 et,
795 2144 831 2199 ut
880 2144 1275 2222 significatur.hcsuutillu
1290 2143 1456 2221 Scripturas
1471 2142 1647 2203 testimonia

86 2230 263 2310 lupisotent,
272 2232 444 2293 formaliter
454 2232 560 2307 insint,
568 2237 598 2292 et
605 2251 673 2293 eam
682 2231 826 2293 allinunt.
879 2255 1030 2315 generum
1044 2238 1150 2297 trium.
1167 2236 1285 2314 Quippe
1300 2234 1359 2295 alia
1372 2234 1527 2295 Christum
1545 2234 1646 2295 homi·

87 2323 166 2395 Quam
179 2325 301 2402 quidem
318 2342 438 2389 meram
459 2343 523 2385 esse
538 2324 828 2403 apollinaristarum
879 2349 953 2390 nem
964 2348 1073 2389 verum
1085 2329 1234 2390 exstitisse
1248 2329 1473 2402 demonstrant,
1489 2332 1520 2387 et
1533 2326 1567 2387 in
1578 2345 1646 2388 om·

86 2415 358 2493 heresimneonou
373 2417 688 2496 Eutychianorumet
701 2418 828 2478 omnino
879 2422 972 2482 nibus
1005 2427 1189 2481 eaeterorum
1221 2419 1374 2494 similem,
1410 2437 1474 2478 uuo
1518 2424 1647 2498 exceptu

86 2516 206 2590 Σογχυτῶν,
221 2510 278 2571 huc
291 2517 339 2571 est
351 2517 478 2571 naturas
488 2510 565 2570 duas
573 2509 826 2590 conscindentium,
879 2520 1003 2592 peceato
1020 2534 1027 2573 :
1044 2514 1115 2585 alia,
1127 2513 1277 2592 quamdiu
1296 2511 1436 2572 mortalis
1453 2513 1534 2570 inter
1545 2510 1646 2571 homi·

85 2603 169 2661 omnia
181 2603 231 2662 illa
246 2603 446 2682 persuadent,
464 2621 535 2681 quea
548 2608 611 2663 toto
623 2603 682 2663 hoo
693 2602 828 2681 inopere
879 2625 934 2667 nes
959 2606 1046 2681 vixit,
1069 2624 1133 2665 nou
1156 2606 1273 2684 ubique
1297 2604 1390 2665 luisse
1409 2623 1416 2662 :
1432 2603 1493 2663 alia
1513 2603 1647 2681 danique

85 2690 469 2775 hueusquedisputarimus,
488 2694 635 2757 Eamdem
651 2713 743 2773 porro
758 2712 827 2755 ma·
878 2711 948 2777 post
973 2698 1242 2769 resurrectionem,
1259 2702 1290 2757 et
1318 2700 1477 2774 receptum
1505 2694 1588 2755 illius
1613 2694 1647 2753 in

84 2802 132 2859 gur
143 2785 276 2847 Eulesiae
290 2804 446 2847 consensu
458 2786 647 2857 damnatam,
660 2791 692 2846 et
703 2788 829 2847 anathe
878 2789 1002 2866 coelum,
1018 2795 1136 2850 cortuum
1148 2807 1297 2868 occupare
1310 2786 1518 2861 loeum‚undc
1533 2787 1647 2864 digres-

85 2879 631 2939 naunotatamirrisaeexeoneiliorum
637 2877 828 2956 generalium
877 2900 968 2943 surus
982 2881 1148 2959 aliquando
1162 2881 1212 2940 sit.

83 2968 200 3047 duratis,
232 2977 262 3031 et
288 2971 464 3033 innumeris
489 2972 683 3042 Graecorum,
706 2972 829 3033 Latino·
917 2975 965 3033 Ad
986 2974 1123 3053 primum
1149 2989 1248 3050 genus
1274 2970 1328 3030 illa
1351 2970 1518 3051 pertinent,
1533 2969 1645 3048 quibus
1670 2982 1691 3026 10
1704 2982 1814 3027 ruarmo-

83 3076 192 3141 rumque
204 3065 333 3125 Petrum
341 3064 525 3124 testimoniis
539 3063 665 3123 evidens
678 3070 740 3137 est;
757 3082 827 3142 quae
877 3085 962 3141 reru,
983 3073 1012 3125 et
1025 3065 1156 3143 integra,
1173 3063 1281 3124 itidem
1300 3064 1382 3123 utin
1401 3062 1528 3139 reliquis
1546 3061 1645 3121 homi·
1691 3037 1796 3144 iffi

82 3156 199 3231 superius
219 3155 315 3217 alluta
344 3155 552 3234 plenissimam
578 3155 695 3216 fuciunt
720 3156 824 3227 fidem,
877 3158 979 3231 oileus,
996 3159 1030 3217 iu
1045 3158 1166 3218 Christo
1180 3162 1290 3217 nutura
1308 3154 1400 3216 luisse
1413 3155 1552 3215 humana
1574 3172 1642 3237 per7
1682 3144 1797 3240 Ἢξῗξβξξ

83 3242 143 3305 duas
165 3248 195 3309 111
214 3249 337 3309 Christo
366 3254 492 3308 naturas
513 3266 589 3323 esse,
615 3247 770 3323 teodertus,
797 3252 829 3311 et
876 3251 1012 3323 hibetur,
1028 3268 1099 3327 quae
1113 3247 1368 3327 insuperioribus
1384 3247 1472 3308 libris
1490 3247 1644 3325 plerisque
1687 3248 1802 3294 exstuans.

82 3340 679 3420 esentiaproprietatibusquedistinctas:
694 3358 827 3419 quarum
878 3348 951 3403 sunt
972 3341 1047 3403 loeis
1074 3341 1220 3415 collecta;
1236 3340 1372 3401 maxime
1397 3340 1429 3398 iu
1453 3339 1554 3417 quinti
1573 3336 1645 3398 libri

83 3429 150 3491 nutu
161 3434 236 3510 perit
249 3432 403 3506 omniuo;
425 3433 479 3493 sed
494 3432 586 3493 salvae
609 3422 728 3500 omnes,
744 3431 826 3492 inte·
878 3434 976 3512 capite
999 3432 1175 3495 undecimo.
1203 3431 1388 3509 Htrjusmodi
1417 3436 1462 3490 eet
1494 3428 1646 3507 imprimis

81 3538 183 3601 graeque
197 3531 347 3599 manent,
362 3543 400 3587 eo
415 3525 499 3602 quod
511 3543 575 3585 non
588 3530 707 3587 naturae
724 3542 780 3603 per
795 3541 827 3584 se
879 3525 963 3606 quod
986 3524 1151 3603 Apostolus
1163 3521 1264 3602 primo
1286 3521 1423 3601 epistole
1446 3519 1487 3581 od
1509 3518 1647 3581 Hebraeos

82 3610 139 3687 ipse
150 3618 394 3695 ‹epulantur3ut
403 3636 442 3677 ex
452 3616 602 3679 ambabus
611 3616 827 3694 unuquoedam
878 3618 976 3696 cupite
990 3614 1127 3675 scribit³:
1146 3614 1223 3688 Ouio
1238 3634 1307 3694 erpo
1315 3618 1407 3693 pueri
1421 3612 1648 3673 eorremuuicoue·

81 3707 153 3768 tutia
164 3715 466 3788 consurgatzverum
475 3709 507 3769 iu
521 3726 663 3787 persona,
673 3710 828 3787 modoque
878 3716 949 3768 runt
974 3708 1062 3768 corui
1080 3715 1107 3769 et
1127 3707 1286 3784 seoquini,
1299 3712 1326 3767 et
1343 3706 1400 3786 ipsa
1418 3704 1556 3766 u'ueiliter
1569 3724 1647 3784 por·

82 3795 244 3863 auhshtendi
257 3820 325 3862 uno
348 3806 380 3861 et
393 3801 514 3875 eodem,
535 3820 568 3861 ac
590 3801 709 3877 divino,
725 3800 758 3861 fit
776 3799 828 3859 illa
879 3800 1016 3878 tieipooit
1042 3798 1158 3873 eisdem,
1178 3804 1236 3859 etc.
1256 3797 1337 3860 uiue
1359 3797 1459 3858 debuit
1471 3817 1526 3878 per
1552 3797 1649 3858 osonio

81 3896 242 3953 naturarum
269 3892 412 3961 societas,
432 3899 465 3953 et
478 3892 578 3955 unitio
596 3911 602 3952 :
619 3910 657 3952 ex
675 3910 738 3970 qua
753 3891 830 3953 illud
879 3892 1028 3971 fratribus
1039 3890 1182 3966 similari,
1198 3898 1234 3950 ut
1246 3888 1512 3970 inisericorsfieret,
1528 3895 1586 3951 cto.

81 3983 210 4060 sequitur,
221 3992 369 4045 mutuam
381 3985 463 4045 iuter
472 3990 599 4045 naturas
609 3984 681 4043 istas
693 4000 831 4043 eommu-
919 3985 992 4044 VlI.
1022 3983 1198 4056 erinetiam
1233 3982 1421 4060 ubicumque
1452 3982 1548 4042 Filius
1582 3982 1648 4057 Dei,

81 4070 246 4137 cinationem
269 4096 338 4139 esse
358 4074 582 4155 proprietutrpu
601 4095 608 4135 ε
624 4093 689 4135 non
712 4079 748 4135 ut
771 4075 831 4135 sin·
880 4075 964 4137 filius
977 4075 1123 4149 bominis,
1139 4074 1188 4134 vel
1202 4073 1308 4145 homo,
1328 4075 1377 4133 vel
1391 4092 1474 4147 earo,
1494 4073 1545 4133 vel
1567 4073 1649 4150 ejus-

81 4163 271 4236 t'ulusomnes
297 4168 442 4238 afficiant,
465 4173 497 4228 et
510 4168 545 4231 111
569 4167 618 4237 iis,
635 4171 784 4245 tauquam
797 4166 830 4227 iu
881 4167 968 4227 modi
990 4166 1108 4244 aliquid
1139 4184 1203 4226 esse
1226 4165 1361 4243 legitur:
1379 4165 1519 4242 adeoque
1540 4164 1650 4224 tritum

81 4254 196 4333 subjectu
212 4262 370 4321 resideant
385 4279 392 4319 :
406 4259 462 4321 sed
476 4259 829 4335 uthaheantsamutuo,
880 4259 957 4321 illud
973 4278 1012 4321 ex
1022 4258 1152 4319 loannis
1166 4256 1339 4335 Evangelio,
1362 4255 1484 4318 Verbum
1499 4254 1599 4334 coros
1632 4287 1648 4302 -

81 4350 105 4403 et
115 4366 164 4425 pro
175 4353 237 4412 suis
249 4372 323 4431 quae
337 4350 545 4412 suntalterius
558 4350 655 4411 altera
666 4350 829 4429 possideat,
882 4360 944 4411 tum
960 4359 1018 4425 est;
1047 4350 1119 4428 quia
1140 4368 1250 4410 verum
1277 4349 1413 4410 indicant
1430 4348 1602 4420 homiuem,
1618 4353 1651 4411 et

82 4438 215 4504 Quoniam
239 4445 381 4505 hu'mana
396 4448 507 4503 nutura
521 4443 554 4502 in
576 4442 673 4505 Verbi
687 4460 829 4521 persona,
881 4460 1079 4505 communem
1101 4459 1173 4502 eum
1195 4441 1313 4501 casuris
1332 4447 1487 4515 naturam,
1503 4446 1648 4499 etessen-

81 4527 128 4591 hoo
136 4541 178 4593 est
189 4535 362 4609 divinitate,
374 4536 502 4614 ejusque
512 4534 751 4614 proprietatibus
761 4552 830 4610 suo,
881 4537 970 4605 uam,
985 4552 1021 4594 ac
1033 4533 1206 4595 naturalem
1219 4534 1450 4611 proprietatem,
1462 4532 1545 4593 haud
1557 4530 1651 4591 dubie

81 4638 110 4681 tc
120 4628 236 4707 proprio
251 4629 347 4688 modo
367 4627 603 4691 absistentibus
622 4627 688 4705 ipsu
707 4644 832 4705 quoque
882 4645 953 4707 quaa
965 4632 1038 4686 stant
1050 4626 1145 4687 solius
1158 4625 1282 4703 propria
1301 4623 1469 4686 divinitatis
1481 4623 1651 4685 excludunt

81 4714 208 4777 subsistit.
223 4719 310 4781 Nihil
319 4720 404 4781 euim
418 4719 557 4781 estaliud
571 4736 703 4797 persona
725 4717 830 4795 Verbi,
883 4719 923 4779 ah
947 4718 1094 4779 humente
1119 4724 1239 4779 naturae
1266 4716 1403 4786 notione,
1419 4720 1511 4794 atque
1535 4715 1648 4791 torma,

81 4822 160 4882 quam
173 4811 278 4872 diuina
293 4818 497 4885 narranaam
508 4813 570 4871 suis
579 4810 830 4890 proprietatibus,
883 4829 940 4873 nec
953 4812 1059 4875 minus
1072 4808 1268 4888 ubiquitatem
1283 4806 1378 4880 illum,
1394 4825 1463 4887 quae
1483 4807 1523 4868 ab
1537 4812 1651 4869 nature

81 4900 301 4980 omnipotentia,
316 4905 535 4978 immensitate,
551 4903 700 4975 bonitate,
716 4908 747 4964 et
760 4902 831 4963 reli-
884 4907 929 4963 est
952 4900 1089 4963 hominis
1114 4899 1225 4961 aliena.
1254 4900 1342 4959 Certe
1369 4898 1428 4961 tuoe
1448 4898 1536 4977 ipso,
1564 4899 1650 4978 quod

81 4990 314 5073 subpersonali
341 4996 460 5071 affecta,
475 5002 507 5056 ct
529 4995 759 5074 quodammodo
772 4994 833 5054 lor·
881 4992 1036 5057 homorel
1050 5009 1122 5051 earo
1136 4996 1193 5062 est,
1209 4991 1255 5049 uti
1282 5008 1348 5051 non
1371 4994 1516 5063 aeternus,
1533 4989 1575 5053 ita
1594 5009 1652 5055 neo

80 5089 152 5143 mata
180 5088 367 5167 proprietate
400 5087 478 5148 Filii.
509 5089 580 5151 ldeo
605 5086 771 5149 subsistere
798 5086 833 5147 iu
883 5086 1054 5145 immensus
1068 5090 1123 5157 est,
1137 5101 1239 5161 neque
1252 5082 1312 5143 hoo
1328 5101 1395 5143 esse
1409 5082 1506 5143 factus
1519 5083 1648 5159 diuitum

81 5169 173 5238 diuina
189 5197 326 5257 persona
346 5198 412 5241 non
431 5180 515 5243 aliud
538 5186 596 5253 est,
611 5198 706 5258 quum
720 5179 834 5256 inipso
883 5177 960 5237 sieut
972 5176 1066 5237 homo
1080 5175 1189 5249 iaetus,
1210 5180 1241 5234 et
1253 5193 1335 5235 caro.
1351 5176 1451 5248 Quare
1462 5192 1533 5235 cum
1545 5173 1649 5251 Serip-

82 5261 237 5348 diuinitate,
253 5279 285 5333 et
299 5271 359 5333 illis
371 5271 439 5349 ejus
451 5271 575 5332 dotibus
593 5270 720 5350 proprio
739 5270 833 5330 modo
882 5274 961 5328 turae
976 5267 1070 5327 rerba
1084 5267 1161 5347 ipsa,
1175 5286 1245 5347 quaa
1259 5267 1473 5344 humanitatis,
1482 5272 1536 5326 aut
1550 5269 1651 5326 munis

104 5466 113 5508 1
126 5469 196 5514 tout.
208 5483 277 5525 rxrrr,
289 5470 322 5515 18.
331 5472 381 5516 -s
392 5473 442 5516 litt.
455 5484 471 5521 1.
485 5473 506 5516 3.
518 5493 546 5504 ·-
558 5472 572 5515 8
585 5472 648 5517 Iltbr.
659 5483 684 5524 11,
693 5472 726 5515 1t.
