4076 6180
342 459 403 521 ors
855 453 1190 551 ,rummaroonuu
1213 452 1427 519 mouaruu

344 626 428 687 enim
443 624 613 687 seerindum
627 624 731 687 locum
753 641 865 705 corpus
887 622 927 684 ub
940 621 1045 684 anima
1058 638 1108 683 sc-
1159 639 1230 683 caro
1243 639 1342 701 passa,
1360 628 1391 685 ct
1401 628 1525 687 mortua
1539 640 1605 685 esse
1618 621 1817 703 perhibetnr3
1832 642 1930 704 aqua
2014 688 2015 711 ,

343 716 791 798 paratumfuecat3sccundum
802 716 1109 797 hypostasimtamen
1158 732 1321 793 nunqnam
1345 721 1414 794 post
1442 715 1660 796 assumptionis
1695 721 1929 781 sacramentum
2014 724 2015 783 l

344 829 399 890 per
412 810 550 871 Verbum
564 817 630 871 erat
641 811 797 872 unitum“.
810 831 826 869 u

1159 806 1367 886 impassibilis,
1385 813 1416 869 et
1439 807 1672 870 indemutabilis
1692 818 1832 887 separata
1845 808 1929 869 diri·
2014 838 2015 891 ρ

385 902 907 982 Theodorusbhucarainopusculo
919 898 1109 980 xxxlr,quod
1160 899 1240 959 nitas
1253 900 1449 979 praedicatur.
1467 904 1576 980 Asper
1600 900 1661 961 hoc
1686 899 1824 961 Christus
1837 901 1932 961 lesus
2014 904 2015 939 ί

345 994 453 1055 Latine
484 999 608 1056 tantum
641 1000 749 1067 exstat,
779 1000 886 1056 contm
920 994 1111 1055 Saracenum
1159 997 1191 1052 et
1204 997 1368 1071 passus,et
1391 998 1544 1065 mortuus,
1568 997 1598 1053 ct
1611 991 1759 1073 sepultus,
1776 997 1807 1052 at
1820 1010 1930 1053 rescu-
2014 1010 2015 1065 3

345 1088 514 1167 disputans,
544 1087 610 1166 ejus
636 1092 857 1166 argumentum
884 1084 1016 1159 refellit,
1047 1103 1109 1165 quo
1160 1085 1273 1145 rexisse
1287 1085 1459 1147 seeundum
1479 1086 1652 1165 Scripturas
1666 1083 1719 1145 Dei
1732 1083 1932 1145 Piliusrera·

345 1179 477 1260 probare
498 1179 658 1255 studebat3
677 1180 834 1240 Christum
850 1179 885 1239 in
903 1183 1003 1238 morte
1017 1184 1111 1240 ἀνυπό-
1160 1175 1234 1237 citer
1247 1175 1462 1238 declaratae»

299 1333 311 1344 ,
345 1291 435 1329 σταται
457 1269 560 1347 husae,
576 1278 611 1333 ut
625 1273 658 1333 in
682 1272 810 1333 homine
823 1270 946 1341 accidit,
962 1270 1016 1348 qui
1038 1288 1110 1330 eum
1200 1269 1272 1331 Haeo
1288 1269 1409 1333 Paulini
1422 1269 1616 1332 ratiocinatio
1629 1269 1780 1331 latissime
1793 1274 1934 1349 patet,et

266 1397 271 1410 ·
345 1362 489 1439 moritur,
504 1365 608 1426 etiilm
622 1370 735 1445 partos,
749 1383 787 1425 en
812 1363 925 1443 quihus
945 1367 1110 1437 euastata
1159 1360 1288 1425 uberem
1309 1362 1559 1425 testimoniorum
1584 1362 1705 1442 copiam
1725 1362 1934 1441 disputationi

203 4343 290 4390 Ρονι11ο1

174 4398 317 4445 rucloclnauo

345 1469 377 1511 se
392 1454 523 1516 invicem
538 1457 739 1527 divelluntur,
755 1456 840 1516 haud
852 1454 984 1533 amplius
994 1453 1108 1513 subsis·
1160 1454 1278 1515 sufficit.
1294 1455 1373 1515 Nam
1381 1460 1591 1534 quotcumque
1601 1454 1745 1531 sunt,qui
1757 1454 1932 1529 Christum,

344 1545 392 1605 tit.
415 1547 553 1608 Occurrrit
578 1555 683 1609 autem
709 1549 763 1624 sie,
788 1566 852 1608 non
878 1546 1018 1607 eamdem
1045 1564 1109 1605 esse
1160 1546 1402 1623 antDeitilium,
1417 1552 1471 1609 aut
1484 1547 1638 1624 Verbum,
1654 1550 1815 1607 mortuum
1829 1564 1931 1609 acee-

344 1636 496 1701 rationem
518 1641 654 1702 hominis
672 1641 798 1716 mortui,
814 1646 845 1700 et
865 1638 976 1699 Christi
993 1657 1000 1697 :
1017 1652 1109 1717 atque
1162 1638 1285 1714 pultum
1299 1658 1364 1700 esse
1390 1640 1554 1701 dixerunt:
1572 1637 1650 1719 [Hoc
1663 1644 1769 1701 autem
1784 1643 1815 1697 et
1830 1638 1932 1716 Sym·

348 1750 364 1786 a
377 1731 443 1809 ipso
458 1735 607 1810 passionis
619 1740 770 1813 tempore,
787 1734 840 1805 ait,
856 1749 958 1793 crima
981 1748 1108 1810 corpore
1160 1731 1304 1793 boiorum
1335 1732 1409 1794 fidei
1444 1733 1629 1800 conditores,
1665 1735 1696 1790 et
1728 1730 1933 1797 oeoumenicae

344 1830 483 1901 separata
497 1832 543 1885 est
556 1826 672 1895 anima,
688 1827 752 1905 ipse
766 1826 805 1885 ah
820 1829 950 1903 utraque
961 1828 1047 1901 parte
1061 1823 1109 1883 in·
1161 1826 1283 1904 synodi,
1298 1831 1478 1904 caeteraeque
1492 1829 1650 1899 omnes,et
1659 1821 1756 1884 Greci
1767 1821 1936 1901 latinique

323 1916 522 1992 ‚separabilis
549 1918 672 1991 mansit,
707 1917 860 1977 indivulsa
893 1915 1110 1993 conjunctione
1161 1919 1269 1979 Patres
1282 1918 1418 1979 universi
1431 1913 1935 1997 profitenturliiclcmetahcarne

343 2005 516 2085 colligatus,
544 2027 669 2088 unaque
694 2011 742 2070 sui
762 2009 858 2088 ipsius
883 2007 1064 2081 divinitatis,
1080 2015 1109 2067 et
1160 2017 1285 2071 mortua
1306 2014 1482 2090 separatum
1497 2026 1563 2069 non
1576 2025 1641 2069 esse
1660 2008 1759 2067 Deum
1772 2023 1936 2067 assevera-

343 2097 544 2163 humunitatis
556 2102 730 2181 hypostasis
743 2102 887 2162 existens.
902 2122 918 2157 n
934 2101 1014 2159 Tum
1024 2118 1108 2178 quae

343 2192 424 2251 renti
438 2191 590 2255 Saraceno
612 2214 653 2255 an
674 2195 735 2256 illan
757 2200 857 2274 partes
870 2194 1016 2270 sejunctas
1030 2193 1107 2252 divi-

343 2281 448 2344 nitatis
460 2292 561 2346 essent
569 2287 765 2367 participent
779 2288 848 2347 Non
863 2287 1110 2365 minuarespon-

344 2373 406 2449 det,
417 2394 510 2453 quam
525 2397 588 2456 quo
604 2384 743 2459 tempore
755 2379 1034 2457 conjungebantur.
1050 2400 1065 2435 n

384 2467 435 2529 Sic
448 2467 654 2531 OEcrrmenius
667 2473 700 2532 in
722 2471 942 2533 commentario
960 2470 1001 2530 ad
1018 2475 1109 2549 caput

344 2560 515 2620 seeundum
533 2562 669 2641 epistolae
691 2562 732 2625 cd
753 2562 936 2638 Colossenscs,
958 2563 1108 2631 «Anima,

347 2651 459 2729 inquit,
511 2671 658 2733 corporea
685 2655 718 2715 in
753 2660 851 2715 morte
866 2654 1063 2731 disjungitur:
1079 2658 1111 2712 at

344 2745 1109 2826 DeusVerbumnouitemscparatucahassumpta,

344 2842 374 2897 ct
386 2844 511 2919 propria
519 2840 615 2919 ipsius
629 2840 838 2918 peculiarique
847 2838 925 2899 faeta
935 2837 1111 2910 curnaani-

344 2931 427 2987 mata
440 2929 552 2991 scilieet
564 2929 756 3006 intelligente
770 2926 904 2989 animal.
920 2947 936 2984 a

384 3019 422 3079 X.
435 3021 564 3081 Albinus
574 3021 699 3082 Flaccus
718 3020 823 3081 itidem
837 3019 974 3079 interlin
989 3017 1023 3079 dc
1041 3018 1109 3079 Tm·-

1160 2109 1254 2177 runt3
1282 2103 1422 2182 qnando,
1451 2116 1487 2161 ut
1510 2100 1657 2163 Paulinus
1684 2098 1741 2174 ait,
1768 2098 1861 2158 unita
1884 2103 1938 2159 est

1160 2195 1335 2257 communis
1349 2195 1431 2255 illins
1440 2194 1512 2255 dicti
1524 2191 1937 2271 dogmatisqueratio,quod
2014 2222 2015 2225 ι

1160 2288 1245 2349 carni
1259 2291 1407 2368 perpetuo
1419 2304 1503 2349 nexu
1516 2284 1688 2364 copulatus,
1704 2301 1762 2343 nec
1776 2282 1816 2353 ab
1830 2301 1869 2343 ea
1883 2300 1935 2343 se·

1159 2386 1286 2460 paratus
1313 2397 1453 2459 unquam
1477 2378 1531 2440 lici
1556 2376 1638 2437 filins
1681 2375 1849 2437 exstiterit.
1873 2375 1936 2435 Cui

1159 2473 1276 2551 regulae
1302 2477 1506 2535 consentanee
1533 2469 1653 2549 scripsit
1672 2468 1717 2531 ita
1740 2468 1857 2528 Petrus
1875 2468 1935 2527 lia·

1160 2566 1269 2640 miani,
1294 2565 1327 2624 in
1356 2562 1504 2643 opusculo
1529 2562 1643 2642 primo,
1660 2561 1759 2639 capito
1783 2558 1933 2637 septimo,

1164 2680 1179 2715 u
1192 2657 1339 2730 Quisnam
1354 2662 1400 2717 est
1410 2654 1573 2716 derelictus
1586 2653 1619 2714 in
1641 2650 1784 2715 inferno?
1794 2651 1934 2713 Cinistus
2014 2696 2015 2699 ,

1160 2751 1269 2825 iesus,
1286 2750 1339 2809 secl
1354 2747 1500 2809 inanima
1514 2746 1589 2806 sola.
1610 2746 1682 2818 Quis
1698 2752 1933 2804 resurrecturus

1160 2843 1263 2903 triduo
1273 2842 1371 2920 jacuit
1384 2842 1417 2902 in
1430 2836 1738 2919 scpulcroltihristus
1749 2837 1846 2897 lesus
1862 2835 1933 2899 :sed

1160 2935 1193 2995 in
1204 2953 1297 2997 carne
1311 2934 1387 2994 sola.
1414 2934 1495 3011 Ergo
1508 2932 1542 2990 in
1558 2930 1606 2990 bis
1626 2928 1757 3008 singulis
1771 2928 1931 2997 Christus:

1160 3021 1930 3089 atinomnihusnoncluo.sedunuscstChristus.»
2014 3078 2015 3081 ,

344 3110 449 3186 nitate,
464 3115 561 3193 capite
576 3132 640 3175 su.
649 3134 663 3169 u
675 3114 744 3173 Non
756 3119 862 3173 tamen
871 3111 984 3172 alicubi
997 3110 1108 3171 divini·
1199 3120 1332 3181 Accedat
1345 3119 1393 3181 his
1407 3116 1581 3179 Bernartius
1593 3114 1675 3175 lihro
1687 3111 1847 3193 quintode
1860 3112 1934 3175 Coc-
2014 3114 2015 3163 l

343 3208 401 3276 tas,
426 3204 478 3280 ait,
494 3206 732 3275 humanitatem,
748 3223 787 3265 ex
812 3222 875 3282 quo
897 3204 930 3264 in
958 3204 1108 3264 unitatem
1159 3210 1345 3280 reiteratione,
1374 3210 1474 3288 eapite
1501 3225 1597 3282 nono,
1628 3227 1643 3263 c
1670 3205 1752 3279 Quid
1770 3204 1931 3267 diuinitate
2014 3226 2015 3253 1

344 3313 558 3375 sumpersones
579 3301 737 3377 assumpta
756 3302 811 3373 est,
827 3296 961 3356 deseruit
979 3316 985 3356 :
1000 3315 1108 3356 rerum
1159 3299 1340 3383 potentius?
1353 3301 1465 3380 inquit,
1491 3299 1564 3359 lnde
1585 3304 1631 3359 est
1651 3297 1738 3377 quod
1758 3314 1820 3357 nec
1832 3305 1931 3357 morte

343 3385 437 3449 etiarn
451 3389 611 3451 decadem
627 3389 914 3453 matrisuteroidem
926 3390 1108 3449 Deushomo
1158 3395 1314 3456 incidente
1341 3393 1495 3455 ullatenus
1518 3389 1660 3466 intercidi
1674 3389 1744 3450 haec
1760 3390 1866 3451 unitas
1875 3406 1931 3468 po

341 3478 439 3540 lactus
452 3480 565 3555 exirit3
581 3482 658 3543 etin
686 3500 776 3542 curce
803 3481 886 3541 idem
914 3482 995 3541 Deus
1014 3482 1108 3541 homo
1159 3487 1229 3563 tuit,
1243 3488 1299 3547 etsi
1327 3504 1418 3547 earne
1439 3491 1469 3544 et
1492 3484 1598 3545 anima
1620 3481 1660 3542 ab
1689 3481 1829 3545 inuicem
1849 3498 1929 3563 sepo

341 3569 439 3633 faetus
466 3574 631 3653 pependit;
658 3573 745 3633 etin
771 3573 910 3652 sepulcro
930 3573 1013 3633 idam
1028 3575 1109 3633 licus

342 3663 437 3724 homo
449 3663 548 3725 faetus
557 3666 666 3744 jacuit.
674 3666 734 3727 Sed
747 3666 780 3725 in
787 3664 926 3744 sepulcro
938 3665 1108 3727 secundum

342 3756 439 3815 solam
455 3775 578 3819 caruem
593 3759 676 3818 idem
692 3761 771 3818 licus
788 3758 882 3817 homo
904 3758 1017 3835 jacuit;
1033 3764 1064 3817 at
1076 3759 1107 3819 in

342 3846 675 3913 infernumsecundum
688 3850 785 3911 solam
793 3849 927 3910 animam
939 3850 1105 3919 deseendit,

341 3944 400 4000 ete.
414 3941 485 4002 lam
503 3958 579 4001 uero
600 3960 671 4002 eum
694 3941 830 4002 Christus
852 3959 917 4004 uno
936 3943 1107 4022 eodemque

340 4035 480 4112 tempore
494 4040 525 4095 et
537 4034 571 4095 in
584 4034 723 4115 sepulcro
734 4034 845 4112 jacuit,
862 4040 893 4095 et
905 4035 939 4096 in
949 4034 1107 4097 infernum

341 4123 509 4201 descendit,
525 4126 669 4206 quianon
681 4125 885 4205 inseparabile
898 4134 1018 4187 naturae
1033 4129 1108 4189 utri-

342 4234 440 4296 usque
455 4237 533 4298 opus
546 4217 670 4279 vident?
682 4240 697 4275 ι

384 4309 533 4371 Paulinus
546 4310 750 4389 Aquileiensis
763 4309 796 4370 in
805 4309 883 4370 libro
897 4311 1107 4389 primocontro

341 4401 464 4463 Felicem
480 4400 691 4481 Urqelitcnuru.
710 4423 725 4459 u
739 4400 903 4479 (liconiam,
915 4402 1106 4484 inquit,pro·

342 4493 409 4572 pria
422 4493 515 4553 Verbi
528 4511 599 4553 caro
618 4499 694 4570 erat,
710 4511 779 4572 quac¹
803 4511 892 4573 passa
912 4499 968 4567 cst,
984 4494 1034 4556 ille
1049 4497 1106 4556 uti·

341 4603 401 4664 qua
410 4602 527 4664 passus,
544 4589 746 4664 mortuusque
754 4585 875 4652 dicitur,
884 4586 971 4664 cujus
982 4589 1104 4667 propriu

377 4800 397 4840 α
418 4784 532 4839 Βιπιιο.
552 4783 583 4836 El
601 4787 641 4839 rai
655 4788 752 4854 τέθνηκε
766 4789 902 4858 ’τοιγαροῦν
923 4785 957 4846 ὡς
971 4785 1105 4857 ἅνθρωπος,

341 4867 382 4920 καὶ
395 4865 411 4934 ἡ
423 4867 481 4939 ἁγία
495 4866 569 4920 αὑτοῦ
584 4869 649 4942 ψυχὴ
664 4876 707 4925 τοῦ
729 4869 852 4942 ἀχράντον
866 4869 963 4940 διῃρέθη
981 4871 1106 4940 σώματος.

342 4948 427 5018 ἀλλ’ἢ
452 4950 535 5018 ὑεότης
558 4950 695 5024 ἀριόιριστος
724 4952 867 5025 ἀμφοτέρων
890 4952 1003 5023 διέμεινε,
1019 4955 1062 5018 τῆς
1082 4971 1108 5004 τε

341 5034 431 5106 ψυχῆς,
454 5034 527 5104 φημὶ,
547 5034 588 5086 καὶ
601 5041 645 5088 τοῦ
664 5039 789 5108 σώματος.
812 5038 852 5088 καὶ
876 5034 929 5088 οὔδ’
944 5034 1048 5101 οὑτωςῆ
1065 5034 1109 5105 μία

341 5116 473 5178 ὑπόστασις
487 5116 519 5180 είς
532 5116 575 5170 δύο
588 5118 732 5181 ὑποστάσεις
745 5123 867 5192 διῄρηται.
883 5121 912 5172 τό
926 5138 951 5171 τε
965 5117 1012 5189 γὰρ
1024 5123 1107 5189 σῶμα,

341 5200 383 5252 καί
395 5197 410 5266 ὴ
420 5199 484 5271 ψυχὴ
496 5200 559 5253 κατὰ
574 5200 662 5255 rubria
678 5201 703 5270 ἐξ
724 5202 801 5276 ἀρχῆς
816 5202 840 5255 iu
858 5207 889 5273 τῇ
902 5207 946 5255 τοῦ
959 5202 1036 5271 λόγον
1048 5200 1110 5253 ὑπο·

342 5282 426 5335 στάσει
438 5281 513 5354 ἔσχον
533 5283 578 5350 τὴν
592 5284 702 5354 ὑπαρξιν.
718 5285 758 5337 καί
780 5284 805 5339 bt
818 5291 855 5357 τῷ
878 5285 976 5356 θανάτῳ
992 5283 1108 5351 ἀλλήλοιν

342 5365 491 5436 διαιρεθέντα
514 5365 616 5420 ἕκαστον
635 5368 716 5422 αὐτῶν
739 5368 828 5440 ἔμεινε,
842 5367 886 5435 τὴν
903 5368 960 5440 μίαν
974 5372 1018 5421 τοῦ
1032 5368 1109 5438 λόγον

343 5445 476 5500 ὑπόστασιν
491 5448 589 5520 ἔχοντα.
606 5450 695 5518 durch
711 5452 755 5522 ρία
767 5456 811 5505 τοῦ
825 5452 901 5523 λόγου
920 5452 1109 5522 ὑπόστασιςτοΰ

343 5546 369 5580 τε
394 5530 479 5601 λόγου,
505 5532 546 5584 καὶ
573 5537 615 5598 τῆς
641 5534 730 5606 diffie,
754 5535 851 5588 καὶτοῦ
873 5536 988 5605 σώματος
1000 5535 1109 5608 ὑπῆρχεν

344 5610 485 5675 ὑπόστασις.
499 5614 556 5667 obii
568 5635 627 5669 ποτε
639 5615 685 5688 γὰρ
700 5616 755 5670 οὔτε
769 5616 784 5684 ἡ
799 5616 875 5689 ψυχὴ,
892 5618 946 5671 οὔτε
958 5623 1032 5690 σῶμα
1047 5617 1109 5672 ἰδίαν

1158 3581 1243 3642 ratis.
1258 3600 1274 3637 u

1159 4785 1234 4858 ἔσχον
1250 4785 1382 4839 ὑπόστασιν
1401 4783 1520 4856 παρὰτὴν
1534 4789 1578 4838 τοῦ
1596 4783 1675 4854 λόγον
1688 4784 1828 4840 ὑπόστασιν.
1847 4781 1931 4853 ptati

1159 4868 1197 4921 dci
1215 4874 1258 4922 τοῦ
1283 4870 1360 4940 λόγον
1375 4868 1517 4932 ὑπόστασις,
1532 4867 1572 4921 καί
1596 4866 1716 4923 οὑδίποτα
1729 4868 1781 4922 oto.
1802 4866 1932 4937 ὑστεραία

1160 4950 1197 5004 ἀεὶ
1210 4951 1225 5020 ί]
1240 4957 1283 5006 τοῦ
1298 4953 1406 5024 Χριστοῦ
1425 4953 1567 5014 ὑπόστασις.
1593 4950 1615 5006 εἳ
1641 4951 1690 5023 γὰρ
1703 4953 1744 5004 καί
1758 4954 1862 5008 somniis
1886 4955 1930 5002 toi

1159 5036 1273 5106 σώματος
1292 5036 1307 5105 ἧ
1328 5035 1393 5109 ψυχὴ
1412 5037 1558 5109 κεχώριστο,
1578 5034 1636 5088 ἀλλ’
1648 5034 1812 5095 hemmam
1825 5031 1871 5084 ori
1884 5037 1929 5087 τῶ

1158 5118 1235 5190 λόγον
1248 5118 1339 5185 ἧνωτο.

1196 5203 1212 5255 h
1231 5203 1376 5257 OEcuuaa.
1390 5202 1425 5257 ad
1439 5218 1501 5272 cap.
1518 5217 1549 5268 ιι,
1564 5202 1667 5257 cerat)
1681 5200 1723 5258 ud
1732 5198 1831 5256 ὒοίοοα.
1857 5197 1930 5252 ‘m'

1158 5283 1174 5352 ἡ
1190 5286 1232 5357 μὲν
1247 5284 1311 5358 ψυχὴ
1325 5285 1366 5338 καί
1380 5286 1512 5358 χωρίζεται
1532 5290 1576 5339 τοῦ
1595 5287 1712 5357 σώματος
1730 5283 1753 5338 ἐν
1768 5286 1800 5352 τῷ
1813 5282 1926 5354 ὑπάτῳ.

1159 5369 1214 5422 tol
1226 5369 1277 5433 td<
1289 5370 1364 5440 λόγος
1380 5367 1498 5423 statute
1521 5372 1565 5436 τῆς
1588 5368 1769 5440 ἀναληφθείσης,
1781 5364 1821 5417 καὶ
1835 5363 1928 5425 ὠδίῑς

1160 5453 1243 5519 αὑτοῦ,
1256 5454 1298 5505 καὶ
1307 5450 1369 5517 ίδίας
1377 5453 1510 5524 γενομένης
1523 5452 1621 5526 capuit,
1631 5448 1925 5526 ίριὺνχωριίννιὺτλονὺπ

1159 5537 1226 5609 hri
1239 5538 1322 5608 urci·
