4104 6160
599 307 649 368 DE
668 300 973 376 lNGARNdTlONE,
995 302 1071 366 LIB.
1093 305 1148 383 VI,
1169 304 1253 366 CAP.
1276 305 1327 366 Xl.
1697 305 1756 366 63·

146 470 244 532 minis
258 472 325 552 ipsa
340 471 433 534 Verbi
453 477 599 534 naturam
612 470 787 552 acceperit:
805 473 860 530 aut
876 467 923 528 vi·
972 466 1101 530 diversse
1111 468 1185 546 sint,
1200 487 1257 550 pro
1270 476 1453 532 naturarum
1468 470 1653 546 discrimine,
1668 490 1738 551 quea

145 562 253 623 cissim
267 564 338 626 lime
350 565 436 626 illam
450 584 457 626 :
474 565 528 626 sed
542 570 578 625 ut
591 565 629 625 de
643 564 752 626 eodem
766 560 923 641 supposito
972 566 1046 620 sunt
1058 561 1183 623 illarum
1195 562 1315 640 formae,
1326 582 1362 625 ac
1375 563 1538 644 principia,
1553 563 1610 624 nni
1623 564 1739 625 eidem-

148 658 323 736 utcumquc
337 657 533 737 predicetur.
551 657 703 718 Posterior
721 673 796 716 vero
816 651 924 728 regula
973 670 1033 730 que
1058 653 1194 733 subjecto
1221 664 1275 716 κατ’
1291 662 1412 718 ἀντίδοσιν
1444 656 1634 718 tribuantur.
1661 658 1739 718 Nam
1764 675 1911 718 reconna.

148 749 409 812 communionem
429 749 655 830 proprietatum
672 745 828 809 enuntiari
840 748 925 806 vetat
972 745 1056 821 quod
1076 746 1116 807 ad
1136 747 1330 827 operationes
1347 748 1475 825 attinet,
1496 748 1573 810 olim
1594 749 1740 810 adversus
1764 727 1899 825 m&

148 839 188 900 iis
211 840 393 919 uocabulis,
418 860 490 921 qum
510 848 655 903 naturam
678 839 805 919 praecise
830 837 925 916 signi·
972 836 1255 900 Mcnothelctarnm
1276 839 1420 901 haeresim
1440 840 1591 902 catholica
1609 841 1741 905 sancivit

148 932 245 993 licant
258 952 268 1008 ;
283 951 357 1012 quae
377 933 506 1013 quidem
527 932 674 995 adstructo
689 935 922 1010 nuncupantur.
973 928 1118 1003 Ecclesia,
1140 949 1206 991 non
1224 949 1321 992 urnam
1335 938 1367 993 et
1379 932 1521 994 eamdem
1539 950 1605 994 esse
1617 939 1742 995 natura·

148 1023 271 1096 Quibus
284 1043 325 1084 ex
342 1024 459 1105 regulis
476 1027 535 1087 hoc
549 1024 724 1104 colligitur:
740 1029 924 1084 naturarum
972 1036 1045 1080 rum
1057 1026 1189 1101 ἐνέργειαν,
1206 1024 1260 1085 sed
1278 1023 1452 1103 duplicem:
1471 1031 1564 1105 atquc
1579 1030 1616 1086 ut
1632 1043 1670 1089 ex
1684 1046 1740 1087 na·
1781 1034 1893 1090 cunin

147 1115 280 1194 quidem
293 1116 433 1198 proprie,
446 1118 564 1180 hcccst
581 1136 652 1198 quae
669 1117 789 1178 natiuis
804 1116 922 1190 insunt,
973 1115 1116 1173 iturarum
1142 1114 1316 1176 differentia
1340 1116 1557 1196 operationum
1584 1117 1743 1182 diversitas
1813 1099 1872 1138 ''m'‘

148 1207 236 1269 dese
255 1214 369 1270 mutuo
382 1210 554 1290 predicari,
570 1229 634 1271 non
648 1215 755 1271 tamen
769 1207 924 1269 abstractis
974 1204 1091 1280 oritur3
1119 1205 1163 1267 sic
1186 1226 1224 1268 ex
1248 1208 1362 1270 harum
1389 1209 1587 1285 discrimine,
1617 1211 1742 1273 illarum

148 1299 293 1379 vocibus,
308 1302 363 1363 sed
374 1302 524 1376 concretis,
541 1302 568 1363 si
582 1301 706 1382 proprie
720 1306 866 1363 ctexacte
876 1300 923 1361 lo·
974 1314 1098 1377 quoqne
1112 1300 1199 1378 sequi
1218 1300 1434 1371 differentiam,
1459 1303 1498 1363 de
1520 1321 1582 1383 quc
1600 1304 1743 1384 pluribus

149 1392 925 1475 quimnr.ltaquecumpropriumsitbumanitatis
974 1394 1091 1469 postca.

149 1502 217 1547 esse
230 1485 366 1547 radonis
374 1487 537 1567 particeps,
551 1504 616 1548 esse
631 1486 726 1547 morti
740 1486 923 1563 obnoxium,

149 1596 218 1640 esse
244 1596 432 1660 corporeum
444 1600 454 1655 ;
478 1584 559 1640 recte
582 1579 715 1641 dicimus
739 1581 838 1640 Deum
861 1597 926 1640 esse

149 1670 353 1744 rationalem,
369 1689 435 1733 esse
448 1676 657 1751 corporatum,
673 1689 738 1733 esse
751 1671 924 1747 mortalem,

149 1780 217 1824 esse
243 1763 316 1824 loeo
340 1764 607 1844 circumscriptum
618 1784 627 1840 ;
647 1764 781 1826 vicissim
803 1781 927 1844 quoque

150 1855 319 1916 bominem
331 1855 429 1933 hunc,
452 1858 506 1936 qui
527 1856 667 1917 Christus
683 1863 822 1930 vocatur,
850 1874 929 1917 asse·

151 1947 254 2009 rimus
272 1965 341 2009 esse
361 1948 418 2009 liei
436 1948 546 2022 filium,
570 1964 636 2010 esse
656 1948 809 2028 equalem
832 1947 927 2024 Patri,

1179 1726 1398 1816 CAPUT
1444 1731 1526 1818 Xl.

151 2056 219 2101 esee
231 2041 484 2120 sempiternum
500 2058 570 2121 quie
588 2040 697 2101 omnia
716 2041 836 2102 ratione
859 2040 930 2102 sub-
978 2036 1241 2119 Anonymicontro
1251 2040 1399 2121 Cyrillum
1411 2052 1677 2126 argumentatione
1689 2049 1748 2110 Ibn

149 2131 236 2210 jecti,
252 2151 320 2193 non
333 2133 442 2194 fcrmoe
461 2132 662 2213 intelligenda
675 2138 768 2194 sunt:
791 2138 828 2194 ut
844 2138 931 2194 sexta

152 2225 264 2300 regule
278 2224 431 2306 praecipit.

192 2320 242 2379 Ac
255 2333 487 2398 nonnunquam
504 2318 612 2379 Patres
633 2317 776 2398 populari
796 2319 930 2398 quodam

154 2427 216 2470 usu
229 2409 393 2489 loquendi,
418 2410 645 2491 procuraretis,
669 2408 834 2487 olnrortu,
857 2429 929 2473 oon-

153 2508 268 2583 traque
277 2509 336 2582 pro
345 2503 395 2564 his
403 2502 455 2563 illa
465 2502 563 2563 solent
571 2501 724 2581 accipere:
737 2508 774 2564 ut
785 2501 931 2564 bominem

154 2611 213 2673 pro
232 2593 445 2657 inmonitate:
462 2593 645 2655 divinitatem
659 2612 716 2673 pro
735 2593 815 2664 Dro;
835 2614 871 2656 ac
888 2595 933 2656 ri·

156 2686 266 2747 cissim
279 2689 392 2760 Deum,
408 2692 439 2747 et
457 2686 617 2747 hominem
630 2703 687 2766 pro
701 2686 821 2748 naturis
835 2687 928 2768 ipsis:

157 2798 229 2858 quea
243 2784 343 2859 prout
355 2779 503 2840 orationis
515 2778 684 2857 seriesipsa
697 2779 843 2858 postulat,
859 2798 931 2859 pru·

157 2872 271 2933 denter
291 2871 407 2932 scilicet
425 2870 608 2950 exponenda
626 2875 709 2944 sunl,
730 2890 795 2931 non
814 2872 931 2933 calum·

159 2963 279 3024 niandu
302 2971 432 3042 temere,
453 2981 512 3024 nco
534 2962 573 3024 ad
595 2961 721 3024 haeresis
743 2965 862 3026 crimen
877 2984 931 3027 vo·

158 3056 272 3117 cauda

200 3149 271 3209 vll.
295 3148 419 3208 Rursus
439 3145 535 3207 instat
551 3149 754 3227 Anonymus,
777 3155 809 3211 et
825 3170 841 3207 u
857 3152 932 3224 erca

160 3239 289 3314 habent,
307 3239 421 3318 inquit,
441 3238 564 3299 easdem
586 3240 800 3319 proprietates,
825 3242 933 3304 eadem

160 3332 326 3408 attributa,
353 3336 385 3392 et
406 3330 531 3392 eandem
553 3332 762 3410 operationes,
786 3333 839 3394 illa
862 3340 935 3396 sunt

163 3444 276 3498 unum,
298 3430 331 3484 at
346 3423 442 3500 idem,
458 3423 485 3483 si
497 3441 562 3483 non
578 3423 613 3483 in
627 3442 692 3485 csse
706 3425 762 3501 rei,
777 3426 885 3488 saltem
899 3429 933 3488 in

162 3536 226 3581 esse
239 3523 365 3580 manaim
376 3535 385 3589 ;
396 3515 575 3597 atqueadco
583 3535 680 3578 unam
695 3523 841 3580 naturam
850 3539 935 3583 cons-

163 3613 294 3672 tituunt.
303 3609 520 3685 SedVerbum,
529 3609 745 3672 ethumamtas
754 3611 788 3672 in
799 3613 933 3694 Christo,

158 3704 249 3784 juxta
264 3700 431 3783 cyrillum,
447 3701 563 3762 habent
579 3702 703 3763 casdem
720 3705 932 3784 proprietates,

162 3803 192 3858 et
214 3796 330 3859 uadem
352 3792 510 3872 attributa,
533 3799 564 3856 et
585 3795 709 3857 easdem
728 3798 932 3876 operationes.

162 3891 244 3969 &go
256 3886 397 3949 Verbum
417 3893 448 3948 et
462 3886 640 3947 humanitas
653 3886 686 3947 in
701 3887 834 3965 Christo,
846 3889 935 3969 juxta

1019 2129 1153 2210 epistola,
1166 2139 1194 2192 et
1210 2132 1409 2194 Munatium
1423 2135 1558 2200 adversm
1571 2139 1655 2200 illum
1670 2140 1749 2202 testi·

1020 2222 1127 2283 monii's
1142 2223 1303 2304 refellitur.
1326 2229 1355 2287 l.
1371 2227 1416 2288 De
1428 2228 1484 2291 lio
1498 2232 1639 2294 nonnulla
1654 2232 1747 2294 declu-

1019 2322 1136 2375 rcntur.
1163 2316 1194 2375 i.
1211 2316 1291 2396 Ejus
1309 2318 1431 2398 epistola
1458 2341 1514 2382 uon
1537 2331 1576 2384 est
1591 2324 1749 2406 prubntoa

1022 2404 1250 2469 chalcedonensi
1270 2410 1397 2492 mnodo,
1423 2420 1564 2495 tanquam
1592 2416 1747 2480 catholiea.

1023 2497 1536 2581 CurFocundusprulatamosserot.
1550 2509 1580 2568 3.
1591 2508 1751 2572 DcOrren-

1021 2588 1128 2651 talium
1149 2592 1300 2654 simultate
1321 2612 1388 2656 cum
1396 2597 1528 2679 Cyrillo:
1542 2619 1580 2661 er
1594 2620 1651 2683 qno
1668 2604 1750 2665 Anc-

1021 2683 1107 2763 nymi
1119 2687 1247 2763 ἀλογιστία
1269 2683 1471 2767 redarguitur,
1496 2695 1667 2772 pr’resertim
1685 2715 1749 2757 mim

1022 2774 1110 2835 iidem
1118 2775 1270 2856 Cyrillum
1280 2784 1380 2858 posteo
1393 2782 1612 2860 amplecteret:
1620 2794 1751 2850 monime

1026 2866 1275 2929 Theodericum.
1291 2868 1466 2934 Theodoreti
1480 2874 1558 2935 locus
1571 2877 1708 2957 insignis,
1722 2888 1751 2941 et

1014 2959 1169 3040 judicium
1196 2959 1231 3020 de
1259 2959 1387 3043 Cprillo.
1409 2967 1440 3025 5·
1462 2965 1593 3029 Etmnui
1616 2971 1750 3052 capitulo

1023 3071 1077 3114 suc
1097 3071 1247 3133 nunqrram
1266 3058 1492 3131 retractaverim
1512 3061 1564 3120 sed
1583 3065 1751 3143 reposuerit

1025 3148 1151 3205 tontum.
1168 3147 1198 3207 6.
1210 3143 1255 3207 De
1268 3143 1331 3221 llo,
1348 3152 1377 3208 et
1391 3146 1530 3211 Facundo
1544 3152 1753 3217 Hermionenri

1024 3236 1161 3317 oppositis
1184 3235 1406 3319 olAnonymc:
1427 3242 1483 3321 qui
1506 3261 1544 3304 ea
1572 3244 1634 3308 illis
1653 3247 1751 3309 iridem

1024 3329 1208 3409 confutatur.
1225 3331 1255 3389 7.
1275 3328 1397 3409 Duplex
1410 3331 1473 3394 llo
1484 3353 1570 3397 error
1583 3356 1601 3397 o
1615 3339 1753 3402 Facundo

1023 3429 1156 3483 notatus:
1171 3421 1305 3501 primus,
1332 3422 1410 3502 qnod
1424 3423 1570 3506 Cyrsilum
1591 3428 1668 3491 idem
1687 3451 1753 3492 rum

1024 3512 1201 3594 Apollinari
1207 3516 1315 3574 sentire
1320 3517 1490 3594 putauerit:
1502 3515 1754 3603 alterquodrnpi·

1026 3604 1091 3666 tuln
1113 3624 1166 3666 suu
1186 3603 1336 3668 damnasse
1354 3605 1439 3668 illum
1452 3606 1577 3672 dr'rerit.
1593 3611 1638 3675 De
1654 3624 1754 3695 quaet

1023 3698 1195 3761 sententium
1209 3699 1347 3762 mutauit.

1024 3888 1049 3947 Ι.
1073 3885 1112 3946 In
1140 3890 1242 3962 sexta,
1271 3886 1442 3968 eademqne
1468 3890 1623 3969 postremi
1646 3899 1753 3955 contra

161 3982 329 4062 cyrillum,
344 3985 418 4041 sunt
430 3996 530 4039 unum
544 3983 576 4040 et
587 3979 682 4052 idem,
698 3979 807 4041 saltem
821 3981 855 4043 iu
869 4001 934 4046 esse
983 3978 1406 4058 cyrillumargumcntationc
1424 3981 1580 4061 scriptoris
1589 3985 1751 4066 anonymi,

160 4081 297 4152 natum,
327 4078 418 4153 atque
443 4070 521 4132 adeo
544 4071 737 4132 constituunt
757 4091 854 4134 unam
876 4094 933 4137 na·
983 4070 1139 4151 specimen
1152 4069 1249 4131 babes
1263 4088 1382 4145 crassae,
1394 4078 1425 4132 et
1439 4071 1598 4135 illiberalis
1611 4076 1750 4155 inscitiae,

160 4173 279 4229 turam
302 4166 410 4226 allec
434 4163 474 4224 de
494 4163 611 4243 cyrillo
626 4164 784 4244 Anonymi
810 4166 935 4228 ratioci-
984 4164 1060 4224 dum
1076 4184 1091 4221 n
1102 4162 1253 4242 cyrillum
1269 4161 1401 4240 probare
1422 4165 1582 4228 contendit
1593 4174 1752 4230 auctorem

161 4260 248 4321 natio
262 4275 303 4320 ex
315 4258 355 4318 iis
367 4257 451 4317 illius
466 4255 650 4317 testimoniis
666 4256 840 4333 deducitur,
864 4277 934 4338 qun
983 4255 1077 4317 fuisse
1088 4254 1214 4316 heresis
1227 4255 1430 4333 Eutychiancc
1439 4258 1640 4320 creatoribus
1651 4261 1752 4322 Eccle-

162 4358 309 4414 mutuam
351 4348 578 4429 proprietatum
620 4350 934 4412 communicationem
983 4348 1036 4408 siae
1048 4346 1224 4408 ductoribus
1236 4346 1298 4408 fide
1313 4347 1538 4427 dignissimis.»
1555 4352 1636 4412 Sunt
1646 4359 1752 4414 autem

163 4445 245 4508 inter
268 4450 399 4505 naturas
423 4441 502 4502 duas
523 4440 670 4502 indicant.
687 4443 796 4521 ltaque
805 4441 871 4521 jam
893 4444 933 4505 ad
982 4446 1122 4502 auctores
1135 4439 1180 4500 illi
1194 4438 1455 4511 lbasEdessenus‚
1475 4443 1653 4505 Gennadius
1667 4447 1749 4506 Ocn-

162 4538 255 4599 istam
269 4535 328 4607 ibi,
348 4533 405 4595 ubi
417 4533 457 4595 de
476 4532 531 4593 illa
544 4533 781 4613 disputavimus,
796 4535 870 4596 satis
887 4542 933 4596 est
981 4530 1282 4611 stantinopolitanus,
1297 4533 1432 4594 loannes
1441 4534 1662 4613 Antiochensis,
1678 4555 1750 4599 cum

161 4646 361 4711 responsum.
387 4627 463 4701 Qua
480 4625 589 4687 eadem
606 4625 722 4687 babent
739 4626 846 4688 omnia
867 4626 931 4704 illa,
983 4623 1191 4685 Orientalibus
1218 4623 1282 4684 suis
1309 4624 1442 4704 amplius
1469 4626 1691 4707 quadraginta3
1719 4636 1751 4693 et

162 4723 277 4784 ratibus
286 4721 404 4801 sumre,
418 4717 934 4798 utpauloantedixi,naturasunt
981 4717 1202 4780 Theodoretus.
1240 4716 1282 4778 De
1312 4717 1426 4796 quibus
1462 4735 1559 4795 pauca
1593 4720 1750 4801 sigillatim

161 4815 262 4890 idem;
283 4811 401 4892 quibus
416 4817 522 4872 antem
543 4809 652 4873 eadem
674 4810 865 4872 conveniunt
883 4828 934 4872 ro·
982 4808 1160 4889 attingenda
1169 4813 1254 4885 sunt,
1265 4826 1336 4888 qum
1348 4808 1482 4870 stentem
1497 4814 1528 4872 et
1541 4818 1631 4875 toties
1644 4815 1752 4878 verbe·

162 4907 239 4968 triam
254 4903 399 4985 subjecti,
426 4903 478 4964 vel
501 4901 670 4984 suppositi.
696 4920 799 4983 neque
822 4908 933 4964 natura
982 4907 1053 4963 rent
1063 4899 1173 4962 insulsi
1186 4899 1404 4962 criminatoris.

161 5003 236 5059 sunt
262 4997 360 5069 idem,
390 5013 448 5058 nec
469 5013 566 5057 unam
590 5000 734 5057 natumm
762 4993 933 5057 necessario
1024 4994 1066 5054 lie
1087 4992 1142 5054 Iba
1155 4991 1298 5053 nonnihil
1318 4991 1384 5053 diri
1401 4992 1435 5053 in
1453 4991 1534 5055 libro
1553 4994 1679 5075 primo¹,
1695 4996 1752 5059 ubi

161 5089 368 5152 mnsdtuunt.
387 5087 482 5167 Atqui
501 5087 562 5150 hoc
584 5088 755 5167 posteriore
781 5087 875 5148 modo
900 5104 933 5149 se
982 5085 1021 5147 dc
1042 5084 1143 5145 tribus
1163 5083 1306 5164 capitulis
1319 5090 1424 5146 actum
1446 5092 1511 5162 est;
1537 5085 1597 5147 fuit
1610 5089 1695 5150 enim
1713 5089 1752 5152 de

161 5181 281 5244 liabent
309 5180 529 5261 proprietates,
563 5179 817 5260 operationesque
844 5184 933 5240 nutu-
982 5176 1083 5237 tribus
1111 5192 1210 5236 unum
1238 5175 1338 5252 istud3
1365 5176 1448 5256 qucd
1478 5176 1545 5239 lbos
1580 5178 1751 5243 Edessenus

162 5292 283 5352 mrum,
305 5290 346 5335 ex
363 5271 479 5353 quibus
499 5276 620 5333 constat
639 5271 795 5333 Christus:
810 5278 847 5332 ut
861 5288 933 5332 cum
985 5268 1166 5348 episcopus,
1201 5273 1270 5347 past
1302 5268 1501 5331 concordiam
1528 5269 1638 5331 initam
1671 5271 1753 5334 inter

191 5474 202 5519 t
217 5477 271 5534 cap.
282 5487 345 5528 arni,
357 5484 434 5532 parag.
446 5472 467 5519 7.
