3956 6158
314 337 373 404 sss
460 302 463 305 ’
811 291 1149 400 aasoaoareoaua
1168 335 1386 400 amasam

314 510 449 572 volueris
462 509 614 588 assistere,
630 532 645 569 u
663 510 711 586 Et,
731 511 837 570 «Germ
851 526 948 570 essem
968 506 1080 567 sollici·
1173 505 1258 569 idem
1281 507 1313 567 in
1334 508 1435 587 primo
1451 516 1555 569 eontra
1576 505 1756 588 Pelopiaaos
1768 526 1780 568 .·
1796 504 1891 580 attare

315 610 383 677 tus,
411 603 479 683 ipsa
512 609 619 679 nocte,
646 620 708 682 qua
741 602 891 682 proticisci
923 599 1081 679 parabam,
1133 605 1216 674 suut,
1233 619 1321 679 rogo,
1336 600 1506 662 inimicitie
1527 608 1633 662 eontra
1657 602 1771 667 Deum,
1786 600 1890 680 iuquit,

315 696 435 758 venisse
456 696 580 776 quidem
598 696 682 756 risus
699 701 744 756 est
763 696 801 756 ad
822 694 988 755 Ecclesiam
1009 692 1084 752 :scd
1134 692 1160 752 si
1188 694 1326 754 tunicam
1347 695 1484 756 habuere
1505 692 1729 755 mundiorem‘.l
1746 693 1773 752 si
1787 694 1894 772 episoo

315 787 394 851 mibi
408 788 591 850 sacrificium
608 788 720 849 offerre
733 806 799 848 noa
812 785 910 848 licuit.
925 807 941 843 a
1135 803 1202 862 pus,
1219 785 1390 865 presbyter,
1407 787 1607 859 etdiaeonus,
1623 792 1654 847 et
1668 786 1808 865 reliqum
1824 786 1893 846 ordo

357 882 444 942 Idem
469 882 503 941 iu
526 881 607 942 libro
636 881 738 960 primo
763 877 962 960 Officiornm,
986 876 1085 956 eapite
1135 877 1355 938 ecclesiasticus
1364 879 1670 940 inadmiuistratione
1678 877 1895 939 sacrificiorum

318 989 417 1034 xsvrrr
428 973 487 1033 sub
500 973 608 1047 finem,
627 993 643 1029 a
654 975 734 1034 Ante
747 989 866 1051 agnus,
883 970 996 1050 iuquit,
1011 968 1087 1028 offe·
1135 988 1208 1031 cum
1223 970 1352 1031 candida
1364 976 1447 1032 vesta
1462 970 1717 1050 processerintlu

317 1064 454 1138 rebatur,
481 1064 666 1127 offerebatur
689 1064 807 1125 vitulus
822 1081 829 1123 ε
846 1080 930 1123 nunc
951 1061 1088 1121 Christus
1176 1063 1434 1143 Rursusepistola
1449 1060 1533 1123 asad
1545 1060 1715 1135 Hedibiaru,
1733 1063 1896 1142 quastione

318 1156 447 1218 otlemrr
463 1176 471 1217 ι
488 1156 540 1218 sed
554 1155 683 1218 offertur
700 1155 899 1236 quasihomo,
911 1153 1000 1234 quasi
1013 1152 1090 1213 reci·
1136 1154 1288 1229 secunda;
1308 1176 1320 1210 s
1337 1155 1487 1215 Dominus
1497 1156 1597 1227 iesus,
1614 1155 1669 1227 ait,
1685 1155 1754 1233 ipse
1764 1155 1895 1229 eonrim,

319 1248 408 1328 piens
439 1248 613 1328 passionem
636 1267 643 1308 :
666 1255 696 1308 et
724 1247 815 1308 offert
843 1264 875 1307 se
904 1246 971 1324 ipse
1000 1245 1088 1325 quasi
1137 1251 1168 1306 et
1181 1245 1358 1306 convivium
1371 1266 1378 1320 ;
1393 1247 1459 1326 ipse
1475 1249 1692 1322 comedenset
1705 1246 1761 1326 qrri
1775 1247 1899 1307 eomedi-

320 1339 472 1412 sacerdos,
489 1344 525 1400 ut
539 1346 660 1418 peecata
672 1346 779 1400 nostra
792 1338 965 1399 dimittat.»
1137 1343 1200 1397 tur.
1228 1337 1314 1399 Illius
1330 1337 1465 1398 bibimus
1488 1341 1684 1419 sanguinem,
1701 1345 1732 1399 et
1753 1338 1821 1401 sine
1839 1339 1899 1418 ipso

360 1433 440 1492 Tum
463 1433 497 1492 in
525 1431 747 1493 commentario
771 1430 810 1491 ad
833 1436 927 1510 caput
952 1429 1090 1510 primum
1137 1435 1245 1508 potare
1255 1448 1319 1490 noa
1330 1448 1506 1508 possumus.
1519 1431 1701 1511 thuotidie
1709 1431 1743 1490 in
1754 1429 1900 1490 sarritieiis

321 1525 421 1601 Lucre,
450 1524 505 1585 ubi
528 1525 595 1585 haea
626 1523 721 1585 verba
748 1523 908 1585 declarat:
939 1522 1090 1603 Apparuit
1139 1522 1205 1600 eJ'us
1218 1522 1256 1582 de
1272 1524 1430 1600 gerdimiae
1441 1524 1514 1584 ritis
1530 1543 1629 1599 verae,
1645 1531 1677 1584 et
1690 1524 1792 1582 vinee
1805 1523 1899 1597 Soter,

322 1627 419 1679 aaran
442 1615 495 1677 illi
508 1615 640 1694 Aapelus
657 1615 792 1687 Domini,
812 1616 1006 1692 astatque
1029 1615 1089 1674 uti·
1139 1615 1190 1692 qui
1206 1614 1427 1693 interpretatur
1450 1616 1556 1685 electa,
1573 1618 1716 1677 rubentia
1731 1621 1832 1675 musta
1844 1614 1900 1674 ml·

323 1729 409 1783 nam,
425 1710 538 1790 iuquit,
558 1709 649 1771 nobis
669 1726 793 1788 quoque
805 1707 1001 1768 adolentibus
1014 1707 1090 1766 alta·
1140 1725 1258 1767 cemus.
1275 1729 1289 1763 s

323 1803 381 1870 ria,
396 1803 581 1864 sacrificium
591 1802 801 1864 deferentibus
813 1801 933 1861 assistat
942 1800 1089 1876 Angelus:
1182 1802 1219 1859 Et
1229 1801 1263 1859 ia
1277 1802 1405 1880 epistola
1419 1800 1457 1861 ud
1471 1801 1630 1862 Damasum
1648 1819 1745 1863 exart.
1766 1800 1902 1860 allituius

324 1895 388 1955 imo
398 1894 535 1975 praebeat
548 1913 579 1956 se
591 1894 771 1955 videndum.
792 1894 861 1952 Nou
875 1892 958 1952 enim
970 1891 1093 1951 dubites
1140 1892 1308 1969 saginatus,
1322 1894 1376 1972 qai
1389 1895 1428 1953 ad
1442 1895 1621 1973 poeuiteutis
1635 1893 1818 1954 immolatur
1831 1892 1903 1952 salu

326 1989 466 2049 assistere
487 1987 651 2067 Angelum,
669 1986 794 2065 quaudo
818 1986 957 2045 Christus
968 1984 1090 2059 assistit,
1141 1988 1217 2059 tem,
1237 1986 1290 2058 ait,
1304 1986 1368 2064 ipse
1389 1986 1537 2059 Salvator,
1553 1989 1641 2065 errius
1660 1985 1800 2065 ‹protidie
1820 2002 1903 2046 esrae

293 2084 296 2089 ’
325 2081 450 2162 qtrando
466 2080 606 2141 Christus
620 2077 810 2139 immolatur.
826 2099 841 2134 a
1142 2079 1309 2156 pascimur,
1338 2098 1448 2141 errrore
1476 2086 1631 2159 potamur.
1653 2081 1777 2151 sltem,
1804 2102 1820 2135 a
1844 2079 1904 2138 llos

366 2175 488 2234 Rursus
509 2173 589 2233 libro
604 2173 705 2253 primo
722 2170 758 2231 de
773 2168 903 2250 Officiis,
915 2170 1015 2248 eapite
1029 2186 1091 2243 xm,
1142 2171 1466 2251 conviviumquotidia
1477 2174 1665 2246 celebratum
1681 2172 1905 2252 quotidiePater

327 2285 365 2328 ex
379 2268 454 2328 actis
470 2268 502 2328 S.
517 2266 686 2337 Laurentii,
705 2265 798 2342 hujus
820 2264 1002 2324 sanctissimi
1015 2282 1095 2324 mar·
1146 2263 1247 2325 filium
1267 2266 1398 2345 recipit:
1422 2284 1544 2348 semper
1566 2266 1705 2328 Christus
1720 2266 1906 2328 credentibus

327 2360 406 2440 tyris
417 2378 489 2421 eum
503 2360 599 2439 Xysto
614 2359 695 2437 Papa
711 2364 742 2418 et
755 2362 891 2436 martyre
906 2357 1095 2436 colloquium
1146 2358 1337 2418 immolatur.
1352 2381 1367 2417 u

329 2452 440 2528 refert3
456 2454 490 2513 in
514 2470 577 2532 quo
599 2450 781 2512 sacrificium
796 2456 827 2511 et
840 2449 953 2510 oblatio
968 2456 1095 2511 vocatur
1185 2451 1232 2511 Ad
1252 2451 1318 2512 beer
1336 2452 1369 2511 in
1395 2452 1516 2532 dialogo
1536 2451 1675 2514 adversus
1694 2454 1905 2535 Luciferianos,

330 2544 415 2606 idem
442 2545 519 2606 illud
546 2544 776 2623 mysterium«
799 2543 864 2616 Quo
889 2543 1094 2621 progrederis,
1146 2544 1555 2607 ortlrodosussahismaticos
1568 2546 1723 2617 refellens,
1732 2548 1787 2626 qui
1797 2548 1907 2626 epimo-

331 2637 434 2701 aiebat
464 2636 657 2707 Laurentius,
688 2636 755 2695 siue
788 2634 853 2694 tilio
888 2633 1000 2695 Pater?
1030 2636 1096 2711 Quo
1145 2654 1202 2715 pos
1224 2637 1263 2696 ab
1284 2637 1394 2697 haeresi
1413 2638 1577 2700 redeuutes
1597 2640 1637 2700 ad
1658 2639 1858 2710 demolirem,
1878 2640 1908 2698 in

333 2731 475 2792 sacerdos
497 2736 601 2790 sauete
629 2729 695 2788 sine
722 2728 851 2787 diacono
866 2727 1032 2805 properas?
1050 2728 1097 2786 Tu
1147 2729 1355 2809 episcopatum
1384 2740 1414 2792 et
1439 2731 1646 2792 sacerdotium
1672 2724 1908 2792 admissos'ssse

332 2841 493 2902 naturarum
521 2821 706 2883 sacrific-ium
728 2819 793 2879 siaa
824 2820 964 2879 ministro
988 2819 1099 2879 offerre
1147 2821 1436 2893 molesteturebaat,
1451 2825 1494 2884 sio
1517 2824 1658 2885 invadit:
1678 2825 1908 2898 «Quamobrem

333 2933 546 2976 coasaaveras.
561 2916 712 2975 »Exstant
726 2919 756 2972 et
774 2913 928 2971 orationes
946 2912 1100 2972 Ambrosii
1148 2934 1204 2975 oro
1215 2921 1256 2987 te,
1266 2921 1301 2974 ut
1313 2922 1367 2975 arrt
1378 2918 1569 2979 sacrificandi
1579 2917 1769 2980 eiliceutiam
1783 2919 1907 2989 ruham,

333 3010 414 3084 ditm,
430 3013 639 3089 praeparantes
647 3006 686 3067 ad
701 3004 1000 3083 Missaminqaibus
1011 3005 1100 3065 sacri·
1149 3009 1236 3086 adjura
1258 3008 1409 3087 baptisma
1437 3011 1565 3089 probes;
1595 3020 1649 3071 aut
1676 3012 1826 3090 reprobes
1851 3013 1910 3091 ejus

332 3101 393 3162 lleii
407 3119 533 3178 reomau,
550 3106 581 3160 et
594 3118 644 3160 res
657 3097 772 3159 actioni
786 3097 831 3156 illi
844 3096 1004 3158 tribuitur.
1149 3099 1311 3178 baptisma,
1335 3118 1429 3180 quem
1447 3120 1511 3163 noa
1532 3103 1688 3164 existimas
1712 3105 1908 3165 sacerdotem.

164 3214 304 3276 strennuus.
374 3195 427 3255 IV.
451 3195 661 3273 Hieronymus
688 3190 827 3270 sequitur
853 3189 936 3267 :qui
963 3189 997 3250 in
1021 3188 1100 3249 libro
1149 3193 1255 3271 Neque
1268 3193 1353 3253 anim
1366 3193 1556 3274 tieripotest,
1573 3196 1717 3275 utquiin
1731 3196 1910 3276 baptismate

334 3286 425 3347 tertio
439 3284 575 3347 adversm
589 3283 778 3363 Peloriarca,
792 3286 823 3341 et
835 3280 976 3342 saeritlcli
994 3281 1103 3341 memi-
1150 3292 1273 3346 sauctus
1286 3292 1342 3361 cst,
1358 3286 1398 3346 sit
1410 3288 1493 3366 apud
1506 3288 1601 3348 altare
1610 3294 1760 3368 peccator.
1777 3311 1794 3347 u

334 3380 392 3453 uit,
408 3387 438 3441 et
450 3379 597 3442 orationis
614 3375 781 3438 Dominicis
802 3380 877 3434 tuna
895 3372 1098 3453 proferendae.
1190 3378 1230 3440 V.
1252 3379 1458 3441 ltanseamus
1470 3379 1511 3440 ad
1533 3381 1759 3459 Arrgustinum3
1780 3382 1909 3450 hierem
1927 3408 1942 3451 ι
1960 3429 1969 3436 Δ.

325 3473 418 3536 uSie
432 3473 536 3536 docuit
549 3468 711 3553 Apostolos
722 3465 803 3547 artos)
824 3466 980 3547 inquitet
998 3467 1101 3547 quoti·
1152 3469 1354 3544 ereberrimis,
1380 3476 1411 3533 at
1427 3472 1628 3549 indubitatis,
1654 3473 1909 3557 apertissimisque

335 3566 385 3630 dle
398 3567 582 3651 incorporis
603 3562 687 3627 illius
710 3558 856 3624 secutiolo
877 3559 1037 3622 credentes
1050 3578 1102 3622 au·
1151 3563 1311 3626 sententiis
1332 3581 1443 3627 rerum
1465 3565 1627 3648 approbat,
1648 3572 1681 3630 et
1699 3568 1910 3649 quotidianum

336 3659 429 3724 deam
440 3661 527 3741 loqui
543 3678 551 3723 r
567 3657 663 3722 Peter
675 3662 785 3724 eastern
802 3652 856 3736 qui
880 3670 908 3716 er
937 3652 969 3715 ia
997 3651 1102 3725 cetur
1152 3656 1186 3719 in
1206 3655 1349 3732 Brotean,
1372 3664 1619 3741 perpetuumque
1639 3677 1704 3724 asse
1720 3661 1909 3737 sacrificium,

336 3750 533 3837 sanctificetur
545 3757 759 3825 cancamum,
774 3773 788 3802 ι
808 3751 865 3810 eta.
892 3746 931 3808 Et
950 3745 991 3809 ad
1013 3753 1104 3828 eaput
1152 3768 1214 3832 quo
1239 3749 1351 3814 Christi
1375 3769 1487 3834 corpas
1514 3758 1546 3815 st
1575 3754 1700 3836 sanguis
1725 3754 1911 3831 attestans

337 3862 405 3911 xsrr
426 3845 593 3910 Ezechielis
602 3838 926 3925 explicansillaverba.
937 3836 984 3901 at
993 3857 1103 3921 apuam
1152 3845 1272 3906 cruenti
1291 3843 1384 3920 illius,
1400 3849 1483 3926 quod
1504 3846 1599 3909 mutel
1617 3847 1651 3909 in
1673 3866 1762 3911 eruce
1785 3856 1834 3912 est
1849 3866 1909 3932 per

337 3939 510 4004 auriculum
535 3936 758 4000 imraaculatum
790 3933 882 4017 faciet
909 3930 1105 3995 dobremium
1153 3939 1267 4006 aetum,
1290 3937 1440 3997 memoria
1457 3942 1709 4017 repraesentatur.
1726 3939 1796 4000 Non
1812 3950 1911 4002 estne

327 4033 464 4116 'qumtdr'e
477 4031 604 4095 Doariaa
618 4048 714 4102 mane,
728 4038 755 4089 et
773 4044 857 4087 maur
877 4024 970 4105 fauet
989 4023 1068 4086 illud
1080 4025 1103 4104 ¹,
1154 4044 1235 4089 cesse
1250 4027 1331 4088 illius
1349 4029 1502 4108 ascriptis
1524 4030 1691 4090 acervatim
1709 4032 1818 4093 omnia
1836 4031 1911 4091 eolli-

338 4118 1106 4206 deagnoimmaoulato,quiiaec-clesiatlhristiaau
1153 4138 1226 4199 gere
1262 4138 1270 4179 ι
1313 4138 1353 4181 ne
1389 4120 1512 4181 fastidio
1546 4122 1586 4182 sit
1618 4122 1794 4201 legentibus
1828 4123 1911 4185 nimis

326 4220 478 4300 'quotidie
489 4217 690 4287 sacrificatur,
699 4214 837 4293 exponit,
849 4213 928 4271 siste
939 4215 1104 4289 estagnus,
1154 4221 1296 4273 accurata
1308 4213 1366 4272 istu
1378 4212 1535 4274 sedulitas.
1552 4214 1649 4293 igitur
1662 4215 1820 4296 precipua
1840 4233 1912 4296 que

338 4314 449 4393 inquit,
465 4311 520 4391 qui
538 4309 719 4370 immolatur
735 4307 769 4366 in
788 4306 921 4383 AEgypto
939 4323 946 4363 :
962 4302 1000 4362 de
1019 4304 1106 4381 eujus
1155 4305 1227 4364 dam
1238 4303 1297 4364 hoe
1314 4305 1382 4366 loco
1396 4309 1671 4368 commemoranda
1689 4314 1763 4369 sunt
1779 4329 1787 4369 :
1804 4328 1871 4389 quse
1882 4313 1912 4367 ut

339 4406 489 4484 sauguine
503 4407 664 4463 armantur
678 4404 780 4479 postes
793 4396 943 4469 fidelium,
963 4400 994 4456 et
1004 4402 1105 4455 exter·
1155 4396 1271 4456 librum
1290 4397 1374 4458 illius
1394 4416 1550 4478 quemque
1569 4400 1790 4479 pervolvimus,
1807 4406 1910 4471 semeia

338 4501 474 4558 minator
487 4494 673 4557 excluditur.
684 4512 699 4549 a
710 4492 791 4551 Tarm
801 4489 947 4550 eumdem
958 4489 990 4547 in
1006 4488 1107 4569 Scrip-
1155 4495 1258 4550 sunta
1271 4490 1371 4562 uobis,
1387 4497 1418 4550 et
1432 4496 1548 4553 notata.

239 4649 246 4663 ,
339 4592 417 4652 turis
443 4591 569 4651 adnotat
601 4584 702 4645 vocari
730 4583 909 4653 Dominum,
941 4582 1050 4654 Deum,
1076 4587 1107 4641 et
1197 4581 1354 4661 Imprimis
1368 4581 1450 4642 libro
1464 4583 1583 4645 decimo
1596 4584 1632 4645 de
1653 4586 1779 4647 diritate
1791 4587 1908 4662 Betae

338 4686 510 4747 homiaem,
537 4678 719 4760 prineipem,
739 4675 939 4743 sacerdotem,
959 4673 1104 4748 vitulum,
1156 4675 1219 4755 pite
1242 4675 1362 4752 quinto,
1391 4675 1509 4752 duplex
1543 4678 1729 4739 sacrificium
1762 4679 1908 4749 discernit,

340 4784 370 4839 et
381 4777 520 4847 arietem,
536 4780 567 4834 et
580 4787 706 4846 agnum.
727 4789 743 4827 a
757 4770 795 4828 In
810 4767 990 4828 holocausto
1002 4765 1105 4844 itaque
1156 4765 1281 4839 visibile,
1297 4780 1329 4827 et
1339 4766 1491 4828 invisibile
1497 4775 1544 4835 :et
1554 4768 1648 4848 lurjus
1658 4770 1734 4831 illud
1749 4789 1813 4832 asse
1825 4789 1909 4832 suere

326 4872 428 4932 ‘istius
440 4869 512 4948 agal
527 4862 729 4936 immaculati,
742 4867 773 4922 et
786 4858 933 4933 anniculi,
949 4857 1002 4937 qui
1015 4876 1106 4918 mane
1156 4864 1297 4933 ruentium,
1311 4859 1363 4931 ait,
1381 4859 1412 4918 id
1426 4866 1472 4919 est
1482 4877 1598 4921 suerrus
1618 4863 1746 4944 sr‘quum.
1763 4861 1908 4924 Invisibile

341 4980 463 5044 semper
484 4959 623 5029 offertur,
647 4956 720 5017 facit
742 4955 807 5033 ipse
828 4952 971 5034 princeps
991 4952 1105 5011 sacrifi-
1156 4969 1248 5031 porro
1276 4951 1416 5012 nominat
1440 4954 1609 5022 internum,
1635 4963 1665 5015 at
1691 4955 1723 5015 in
1752 4956 1844 5016 animi
1861 4954 1907 5033 pio

250 5076 254 5085 ·
341 5057 435 5130 cium,
450 5076 465 5112 u
483 5060 541 5115 eto.
566 5053 611 5111 Aa
630 5047 784 5109 subinde:
807 5071 821 5099 α
844 5043 1031 5105 Sacrificium
1052 5045 1106 5102 llai
1156 5048 1253 5110 motu,
1279 5062 1315 5104 ac
1334 5043 1447 5105 virtute
1475 5046 1631 5123 positum3
1652 5047 1820 5124 cujusmodi
1843 5050 1907 5104 saut

340 5148 526 5226 legitimum,
547 5145 636 5223 juge,
670 5145 763 5219 atque
804 5143 1000 5217 perpetuum,
1024 5136 1106 5214 quod
1155 5135 1769 5212 sacrificiareatritr'eordis,ethumiliarit
1786 5154 1905 5199 necnon

341 5240 429 5302 nulla
470 5234 685 5299 intermittitur
716 5232 787 5306 die3
823 5230 876 5290 sed
910 5228 996 5289 omui
1027 5234 1106 5288 tem·
1155 5227 1375 5305 misericordie,
1391 5231 1474 5309 qrrod
1487 5231 1623 5291 externis
1637 5231 1904 5308 omnibusantepo

342 5351 417 5414 pore
431 5337 500 5392 orto
514 5327 577 5388 sole
592 5342 714 5405 semper
726 5323 894 5384 offertur.»
1156 5321 1202 5381 nit
1216 5319 1319 5382 neue.
1328 5323 1408 5383 Tam
1422 5324 1521 5402 rapite
1534 5340 1595 5401 xix,
1608 5325 1663 5385 uni
1678 5324 1834 5404 eidemque
1842 5338 1905 5379 rere

371 5533 381 5579 t
396 5536 460 5580 Sue.
475 5537 558 5579 assiu,
571 5528 603 5573 ts.
615 5527 666 5571 -b
679 5526 739 5571 Pani.
750 5537 769 5571 s.
778 5525 827 5571 -8
837 5524 885 5571 Orc.
896 5534 916 5568 rr
926 5530 947 5569 st
958 5523 1008 5569 liet.
1019 5534 1054 5566 ur.
