3990 6130
533 232 583 296 ue
603 231 908 311 inmensorum,
938 233 1010 297 trs.
1033 233 1089 312 vr,
1111 233 1196 298 aar.
1219 234 1313 297 xvir.
1649 240 1705 300 roa

114 408 298 481 utrumque.
324 398 407 461 Huic
434 403 588 480 repugnat
613 399 889 461 anathematismus
938 418 1038 480 aspre
1051 405 1185 463 natura.
1210 400 1349 464 Proiecto
1362 401 1448 463 enim
1470 401 1554 463 idem
1572 402 1635 482 ille,
1654 408 1708 485 qui

114 495 260 568 Nearti,
285 493 388 555 solum
405 492 642 556 Emmanuelem
665 511 805 555 asserens
823 509 889 556 esse
937 493 969 555 tn
981 493 1083 575 formo
1097 493 1164 569 Dei,
1182 493 1243 556 hoc
1261 499 1308 556 est
1330 496 1412 557 Deus
1426 500 1504 571 erat,
1530 496 1708 561 humiliavit

115 587 312 668 Apostolum,
336 591 369 648 et
393 585 584 666 pontificem,
613 592 644 648 ct
665 587 827 648 unientem
849 586 889 648 ab
937 586 1158 666 semetipsum,
1187 592 1218 648 et
1242 587 1375 648 formam
1400 589 1483 651 servi
1510 589 1653 669 suscepit,
1678 596 1710 652 et

115 681 212 756 unito,
235 681 337 741 Deum
360 679 402 740 ab
416 677 542 741 homine
556 679 680 760 penitus
694 678 885 758 abJ‘ungens3
937 678 1032 739 homo
1049 678 1148 739 iactus
1171 684 1236 754 est;
1252 697 1288 741 ac
1310 684 1534 759 consequenter
1547 680 1704 757 obediens,

115 780 149 836 ut
158 771 331 853 separatim
345 790 418 851 quae
431 771 763 852 suntcuiquepropria
776 772 889 846 singuli
938 775 969 832 et
991 771 1024 830 in
1047 788 1171 832 crucem
1189 776 1284 834 actus.
1307 773 1381 846 Qum
1403 772 1540 850 quidem,
1560 777 1595 833 ut
1606 779 1637 835 et
1647 774 1709 836 alia

114 864 261 928 babeant.
276 864 468 927 Manifestius
480 870 585 926 autem
598 865 674 926 alibi
689 864 774 926 idem
787 864 887 927 hare·
937 863 1096 942 pleraque,
1109 863 1279 943 quamlibet
1290 863 1408 944 abjecta
1418 870 1449 926 et
1459 865 1589 943 indigna
1602 865 1708 928 divina

116 957 194 1018 ticus
207 957 336 1034 insanit,
346 958 434 1037 cujus
447 956 540 1019 verba
553 957 588 1018 in
601 956 756 1036 Ephesius
769 958 888 1035 synodo
936 955 1107 1035 maJ'estate,
1122 961 1192 1017 tum
1213 956 1317 1031 fuisse,
1343 963 1412 1017 tum
1438 957 1620 1020 sustinuisse
1642 976 1707 1019 non

114 1050 241 1113 recitata
268 1047 379 1124 sunt¹3
407 1049 442 1110 in
472 1049 584 1129 quibus
598 1048 758 1110 Christum
782 1048 826 1109 ait
848 1048 888 1108 ad
937 1047 1040 1116 solum
1055 1048 1193 1110 humana
1203 1056 1326 1126 natura,
1336 1050 1400 1112 sive
1412 1055 1589 1131 assumptus
1598 1051 1704 1122 homo:

113 1140 308 1223 pontificiam
328 1141 416 1203 illam
438 1139 622 1221 dignitatem
649 1140 801 1221 paulatim
824 1158 888 1202 esse
937 1140 992 1201 sed
1005 1140 1071 1220 ipse
1085 1160 1208 1221 quoque
1223 1144 1304 1203 Deus
1323 1142 1461 1204 Verbum
1477 1162 1516 1204 ex
1529 1161 1589 1204 usu
1606 1162 1706 1206 sacra

114 1239 310 1315 procedam,
324 1250 478 1315 aopreoes
498 1238 531 1295 et
547 1233 718 1296 oblationes
740 1231 888 1294 obtunsa
936 1251 1010 1295 rum
1029 1233 1217 1311 litterarum,
1240 1253 1277 1296 ao
1290 1241 1469 1297 sanctorum
1482 1237 1613 1298 Petrum
1635 1236 1707 1298 dici-

114 1325 361 1407 prosemetipso.
937 1330 1000 1386 tur.
1036 1326 1124 1386 Certe
1160 1328 1260 1388 Deum
1291 1327 1456 1406 genuisse,
1491 1330 1706 1410 Peperisseque

152 1418 336 1481 Absurdum
351 1418 399 1480 illi
411 1435 477 1481 esse
491 1417 685 1479 contendunt
697 1418 798 1478 Deum
809 1418 887 1478 Ver·
936 1417 1061 1479 beatam
1080 1418 1242 1498 Virginem
1256 1420 1404 1482 Catholici
1428 1438 1537 1481 omnes
1557 1421 1704 1500 fatentur,

0 1497 3 1526 ⁷
36 1515 83 1592 'p
114 1510 188 1574 bum
196 1511 382 1592 pontificem
392 1509 504 1584 facere,
515 1510 609 1590 idque
623 1508 789 1588 indignum
802 1514 890 1571 tanta
938 1517 969 1572 et
991 1511 1706 1595 teutonoridoirconominant‚exquoconecptus
1732 1543 1856 1601 mm,

15 1620 17 1622 ·
115 1605 286 1685 majestate,
304 1622 376 1684 qum
394 1602 579 1665 nectentari
591 1607 703 1682 potest,
720 1620 777 1663 neo
791 1620 810 1663 a
823 1603 888 1664 Deo
937 1601 971 1663 in
985 1607 1075 1669 utero
1096 1604 1187 1679 Deus,
1216 1609 1247 1665 et
1271 1604 1405 1682 genitus,
1433 1624 1469 1667 ac
1492 1613 1585 1687 partu
1608 1607 1707 1671 editus

113 1697 214 1758 uocari
237 1696 320 1758 deut
343 1699 466 1771 Aaron3
488 1712 591 1775 neque
614 1700 726 1756 catera
744 1692 811 1773 pati
833 1701 889 1756 aut
938 1695 1048 1757 eodem
1061 1695 1132 1774 jure
1154 1695 1352 1776 praedicatur.
1380 1697 1439 1772 Qui
1457 1697 1649 1776 minusergo
1662 1701 1708 1762 fas

114 1805 220 1866 agere,
237 1806 313 1869 quar
325 1786 465 1870 pontifici
485 1805 610 1849 summo
622 1786 801 1848 testamenti
814 1786 888 1849 nori
940 1786 1114 1864 orithiam
1131 1788 1278 1852 eumdem
1291 1791 1390 1851 Deum
1404 1808 1539 1852 asserere
1555 1791 1638 1853 Patri
1651 1811 1707 1855 suo

114 1882 277 1961 Apostolus
294 1880 461 1943 attribuit&
485 1882 596 1959 Itaque
616 1878 702 1941 carni
719 1884 886 1959 assumptae
941 1898 1060 1961 preces,
1080 1886 1113 1942 et
1131 1881 1320 1943 sacrificium
1337 1882 1485 1945 obtudisse
1504 1902 1561 1963 pro
1577 1885 1707 1947 humani

112 1976 213 2057 potius
240 1973 411 2036 convenire
433 1977 560 2035 censent
583 1971 651 2033 illas
674 1972 838 2051 pontificis,
854 1978 887 2034 et
940 1973 1039 2034 salute
1052 1974 1184 2053 generis,
1200 1974 1260 2036 boo
1282 1980 1328 2036 est
1347 1976 1445 2037 crucis
1457 1975 1655 2056 supplicium,
1672 1997 1707 2040 ao

115 2066 250 2148 spostoli
261 2071 377 2147 partes.
395 2065 521 2127 Addunt
532 2068 650 2139 tamen,
666 2082 731 2125 non
744 2080 776 2125 se
789 2083 886 2145 prop·
938 2065 1092 2127 mortem?
1116 2067 1179 2128 Nec
1192 2067 1278 2130 enim
1300 2068 1376 2130 adeo
1398 2068 1564 2147 quisquam
1584 2069 1704 2150 desipit,

114 2159 291 2221 tercadnos
308 2158 342 2220 in
363 2175 426 2218 uno
455 2156 575 2218 Christo
602 2156 682 2218 fflios
705 2174 883 2235 agnoscere,
938 2163 975 2219 ut
1000 2158 1068 2220 lraec
1093 2176 1220 2239 passum
1247 2178 1313 2221 esse
1340 2162 1439 2222 Deum
1453 2161 1597 2237 affirmet,
1615 2169 1708 2242 neget

114 2250 324 2314 sedeemdem
333 2249 454 2312 naturis
468 2247 618 2310 ambabus
630 2248 790 2311 filietatem
803 2268 887 2311 com·
936 2255 1042 2312 tamen
1060 2251 1206 2313 obtulisse
1228 2254 1338 2327 Deum,
1352 2252 1402 2315 vel
1415 2258 1535 2328 catera,
1552 2272 1622 2334 quae
1636 2261 1709 2317 sunt

112 2350 224 2424 petere.
237 2342 305 2405 Sed
317 2359 418 2423 neque
431 2339 634 2420 conjunctum
647 2342 711 2403 Deo
723 2340 885 2404 hominem
937 2361 1027 2408 nove
1047 2343 1125 2422 legis
1144 2344 1284 2425 pontifici
1304 2346 1429 2427 propria
1450 2347 1589 2425 gessisse.
1614 2347 1707 2427 Atqui

112 2454 166 2517 pro
185 2436 290 2517 seipso
313 2451 439 2496 carnem
453 2448 542 2496 suam
556 2432 703 2496 obtulisse
717 2433 818 2508 Patri,
831 2433 885 2496 sed
936 2435 1706 2516 TheodoretusipsesanctissimamMariamteortsov

112 2528 269 2609 pronobis
278 2526 440 2588 duntaxat.
936 2546 1003 2590 esse
1037 2529 1076 2590 ad
1112 2529 1404 2593 anathematismum
1432 2532 1570 2610 primum
1591 2532 1706 2594 dicenti

149 2621 267 2682 Contra
287 2637 367 2699 quos
384 2619 553 2699 capitulum
576 2635 669 2680 usum
684 2636 886 2699 propugnans
936 2620 1052 2700 Cyrillo
1066 2626 1112 2682 est
1128 2640 1279 2685 assensus.
1307 2625 1347 2684 Et
1373 2623 1457 2685 idem
1482 2629 1588 2703 postea
1600 2625 1707 2704 positis

112 2712 255 2793 Cyrsslus,
270 2712 464 2774 demonstrat
476 2711 614 2774 Verbum
632 2710 736 2789 ipsum
760 2729 886 2774 manem
936 2713 1345 2792 simultatibus⁸,aomeliori
1353 2720 1457 2777 mente
1469 2723 1620 2796 suscepta,
1630 2718 1707 2797 idip

111 2803 250 2883 hobam,
278 2822 440 2867 summum
468 2823 509 2866 ex
534 2804 736 2884 consequenti
767 2805 885 2866 iactum
935 2824 1006 2867 sum
1019 2806 1142 2886 plenius
1160 2807 1315 2887 protessus
1343 2814 1399 2885 est,
1428 2812 1459 2871 et
1484 2809 1614 2871 Nestorii
1639 2809 1705 2869 bla-

112 2917 174 2961 esse
192 2898 408 2973 sacerdotem,
429 2897 527 2977 etqui
539 2895 761 2976 istudnegant,
778 2915 885 2959 veram
934 2898 1108 2978 spbemiam
1121 2903 1299 2975 execratus3
1328 2900 1430 2979 quiin
1449 2901 1598 2963 concione
1612 2919 1706 2962 ausus

112 2990 191 3052 illius
218 2991 467 3053 incarnationem
489 2988 639 3051 inficiari:
663 3007 737 3051 cum
755 2989 885 3069 perinde
935 2997 1001 3053 erat
1014 2992 1135 3067 diecre3
1160 2993 1319 3054 «Mariam
1336 3010 1403 3055 nou
1419 2993 1574 3073 peperisse
1593 2996 1704 3072 Deum,

112 3088 358 3146 consentaneum
386 3083 425 3143 sit
451 3083 552 3144 Deum
575 3081 732 3156 Verbum,
756 3099 793 3143 eo
817 3082 885 3162 ipso
933 3084 988 3144 sed
1013 3083 1173 3146 hominem
1203 3084 1372 3146 divinitatis
1403 3085 1656 3149 instrumentum.
1686 3106 1702 3145 a

112 3176 191 3256 qnod
218 3194 295 3237 cunr
320 3174 448 3236 horunc
468 3174 533 3250 illo,
556 3192 651 3254 quem
670 3190 830 3236 summum
854 3180 886 3236 et
935 3175 1030 3251 item,
1056 3197 1072 3234 a
1091 3176 1188 3257 Culpa
1200 3194 1309 3239 vacare
1323 3178 1483 3257 gentilem,
1500 3179 1555 3258 qui
1569 3178 1627 3240 diis
1641 3196 1706 3241 ma·

112 3268 316 3341 sacerdotem,
329 3273 360 3329 et
373 3267 559 3347 Apostolum
567 3266 886 3347 tuisseputsnt,unus
934 3273 1015 3329 trem
1038 3268 1186 3331 attribuit.
1216 3290 1231 3330 a
1262 3271 1344 3332 Sunt
1365 3276 1471 3333 autem
1497 3289 1569 3350 quae
1597 3277 1706 3333 contra

113 3366 156 3421 cst
166 3360 279 3437 iaetus,
294 3359 486 3421 sacerdotem
497 3377 623 3439 quoque
633 3376 698 3422 esse
710 3359 839 3437 tactum,
854 3365 885 3422 ct
936 3359 1090 3440 Cyrillum
1104 3362 1143 3421 ad
1162 3363 1246 3423 hunc
1261 3363 1555 3425 anathematismum
1570 3363 1706 3443 disputat

111 3453 314 3534 Apostolum
343 3470 380 3514 ac
403 3468 515 3513 rerum
536 3451 614 3525 illis,
640 3456 671 3515 et
693 3469 885 3531 consequens
935 3453 1165 3531 Theodoretns,
1201 3454 1455 3517 Nestorianorum
1482 3456 1614 3517 istorum
1640 3473 1705 3516 non

112 3546 244 3621 viduus,
262 3545 409 3607 eumdem
423 3544 523 3606 Deum
533 3562 660 3605 carnem
674 3545 881 3623 essefaotum,
934 3545 1070 3607 multum
1102 3545 1272 3608 dissimilia.
1301 3545 1362 3607 Sed
1388 3546 1444 3621 ea',
1475 3546 1521 3606 uti
1547 3546 1702 3624 diximus,

112 3644 142 3701 ct
153 3643 276 3714 aetem,
290 3655 363 3718 quse
372 3636 538 3714 carni,hoc
551 3642 597 3699 est
610 3637 884 3717 assumptmhomi·
935 3637 1112 3701 emendavit
1130 3643 1253 3718 postea,
1274 3644 1305 3700 ct
1323 3638 1430 3719 Cyrilli
1451 3638 1545 3702 etlam
1558 3639 1704 3702 adversus

112 3732 158 3791 nis
170 3737 294 3794 naturas
308 3729 402 3791 insita
412 3734 484 3790 sunt
498 3734 530 3791 et
542 3729 670 3810 propria
681 3749 689 3790 ι
701 3728 788 3791 velut
796 3748 882 3793 mor·
933 3731 1097 3793 haereticos
1109 3731 1286 3793 testimonio
1301 3748 1376 3792 usus
1385 3737 1442 3809 est,
1454 3731 1508 3792 illo
1518 3733 1702 3812 prasertim.

112 3823 214 3900 ulem,
230 3819 606 3898 mortuum,crucifixum,
618 3827 649 3882 et
659 3821 691 3882 id
698 3839 797 3901 genus
811 3823 882 3884 alia.
936 3842 998 3904 quo
1016 3823 1049 3885 ic
1062 3822 1179 3886 scholiis
1191 3824 1307 3901 docuit,
1326 3825 1462 3885 «Unum
1476 3843 1541 3886 esse
1553 3829 1618 3887 tam
1631 3830 1704 3886 ante

112 3914 291 3978 Praesertim
301 3932 374 3976 cum
385 3913 482 3974 iidem
496 3914 574 3975 duos
586 3913 667 3975 filios
681 3932 746 3975 esse
758 3922 883 3995 negant,
933 3916 1182 3977 incarnationem
1199 3918 1301 3978 Deum
1321 3933 1443 3994 verum,
1471 3934 1568 3996 quam
1594 3917 1704 3997 quiin

113 4025 151 4071 ex
162 4027 227 4089 quo
248 4007 338 4068 facile
361 4011 408 4067 est
429 4006 586 4085 colligere,
605 4024 670 4067 non
685 4006 807 4068 divmim
821 4007 885 4067 sin·
934 4008 1128 4070 humanitate
1147 4008 1261 4069 mansit
1274 4009 1449 4088 quoderat,
1466 4016 1496 4070 et
1508 4014 1565 4085 est,
1581 4009 1700 4072 eterit:

113 4099 468 4180 gulis,sedoonjunotim
478 4099 596 4160 naturis
605 4098 757 4161 ambabus
765 4117 886 4161 acoom-
933 4120 1035 4181 neque
1059 4101 1262 4163 dividendum
1289 4120 1389 4162 unum
1408 4101 1578 4181 Dominum
1596 4102 1703 4163 lesum

113 4192 235 4255 modari
259 4191 387 4269 debere,
414 4209 485 4272 quae
512 4191 661 4272 cujusque
674 4191 799 4273 propria
812 4210 884 4254 oen·
933 4194 1088 4258 Christum
1106 4194 1141 4254 in
1164 4194 1325 4256 hominem
1348 4195 1488 4270 seorsim,
1513 4194 1590 4256 etin
1604 4196 1704 4256 Deum

114 4292 231 4351 rentur.
934 4287 1080 4362 seorsim;
1098 4286 1152 4348 sed
1170 4304 1282 4362 unum,
1297 4287 1504 4366 eumdemque
1520 4287 1704 4350 essetecum

152 4376 488 4445 Theodoretusiisdem
496 4376 887 4457 quibusCrientalesargu·
934 4379 1105 4441 Christum:
1127 4379 1172 4440 ita
1189 4385 1295 4440 tamen
1307 4383 1344 4439 ut
1356 4385 1540 4441 naturarum
1554 4377 1703 4440 differen-

80 4539 81 4542 ,
114 4472 230 4535 nanus
248 4475 358 4532 contm
378 4469 674 4531 anathematismum
696 4469 884 4532 obluctatur.
932 4471 1608 4552 tiamnonignoremuseasqueneutiquam
1621 4471 1704 4533 inter

114 4565 187 4641 011oe
202 4562 290 4626 enim
303 4561 343 4623 de
354 4579 478 4624 summo
486 4562 643 4623 sacerdote
651 4562 733 4623 dieta
738 4561 886 4640 leguntur
934 4581 967 4627 se
980 4562 1121 4625 contusas
1134 4564 1324 4625 retineamus
1335 4585 1343 4641 3
1355 4585 1371 4623 r
1384 4583 1479 4645 quem
1491 4564 1597 4625 locum
1610 4581 1704 4644 supra

113 4657 151 4719 ab
177 4654 343 4736 Apostolo,
371 4672 408 4716 ea
430 4659 523 4733 negat
545 4654 580 4714 in
602 4653 743 4715 Verbum
765 4654 884 4732 cadere,
934 4655 1033 4737 capite
1059 4674 1142 4718 nono
1167 4658 1273 4719 Graece
1299 4657 1500 4736 descriptum,
1525 4656 1577 4718 hic
1598 4657 1703 4720 Latine

114 4767 184 4812 cum
210 4749 373 4823 humana,
388 4752 420 4808 et
433 4746 587 4809 imbecilla
599 4745 678 4808 sint:
706 4747 778 4809 ideo
791 4745 888 4808 inas-
934 4749 1044 4810 saltem
1064 4751 1236 4811 necessario
1261 4749 1470 4827 reddidimus3
1497 4755 1533 4813 ut
1557 4756 1705 4831 appareat

115 4847 279 4922 sumptum
293 4839 333 4900 ab
347 4838 401 4900 illo
415 4838 576 4900 hominem
589 4839 755 4901 convenire
766 4839 885 4919 potius,
935 4842 1180 4911 theodoretum,
1199 4842 1431 4923 orientalesque
1447 4842 1583 4923 reliquos
1597 4862 1705 4924 perpe·

114 4935 168 5015 qni
187 4951 263 4997 eum
282 4931 544 5010 Deoconjuuctus
561 4932 672 4993 estin
686 4949 748 5011 quo
761 4932 885 5011 pluscu-
935 4953 1003 4996 ram
1027 4935 1066 4995 ad
1093 4934 1385 4996 anathematismum
1408 4936 1502 4997 istum
1527 4934 1702 5012 decimum,

1 5091 2 5104 ,
113 5026 181 5089 lum
188 5026 317 5087 tidelm
327 5024 491 5102 indulgere
505 5023 645 5084 Nestorio
659 5024 884 5086 Theodoretus:
935 5027 1085 5107 cyrillum
1099 5027 1303 5106 redarguere:
1328 5034 1421 5109 atque
1433 5030 1518 5090 hunc
1536 5028 1606 5103 iuro
1619 5045 1703 5090 com-

1 5117 2 5162 ἕ
114 5118 263 5182 uersutis
282 5116 442 5178 attendere
456 5115 496 5178 ad
516 5115 602 5177 illam
617 5117 842 5197 proprietatum
857 5124 888 5178 et
934 5120 1099 5181 motiorem
1123 5119 1157 5180 in
1177 5121 1229 5183 illa
1243 5120 1410 5184 refellenda
1425 5120 1610 5183 'theodoreti
1627 5120 1704 5181 falsa

1 5207 3 5284 l
114 5210 318 5274 aiiecfionum
327 5215 469 5270 mutuam
481 5209 794 5272 communicationem
807 5209 886 5273 utri·
935 5211 1167 5293 criminatione,
1180 5214 1355 5296 longiorem
1375 5215 1541 5296 explicasse
1561 5213 1702 5292 disputa·

139 5412 152 5455 t
166 5412 221 5459 Aet.
237 5421 282 5454 a·
294 5409 311 5455 ἱ
321 5408 372 5456 so.
382 5409 455 5462 ’,ι-8
465 5409 514 5456 bib.
526 5408 554 5456 lV
565 5413 623 5458 tout.
632 5410 689 5458 liar.
701 5421 721 5456 c.
732 5421 773 5463 m.
785 5417 801 5456 t.
814 5410 842 5456 IV
853 5410 984 5468 viscerea.
995 5413 1025 5459 od
1034 5413 1097 5470 Sper.
