3990 6130
477 333 528 394 DE
547 328 848 409 INCARNATIONE,
870 329 945 392 ΗΒ.
971 332 1041 411 VII,
1063 332 1146 396 CAP.
1175 333 1232 394 VI.
1590 333 1648 393 lte

70 488 287 568 dertemste;
307 514 324 551 a
346 495 379 557 Si
394 496 506 569 homo,
522 496 635 578 inquit,
651 500 691 560 ad
715 498 825 578 imagi-
878 497 929 559 nio
939 497 1075 574 Domini,
1096 499 1244 573 aFaotor,
1260 498 1374 578 inquit,
1394 499 1533 578 Virginis
1551 500 1649 561 iaetus

70 600 132 644 nem
157 590 189 644 et
219 584 461 650 similitudinem
494 590 549 651 Dei
576 590 674 653 laetus
700 592 734 652 in
762 610 826 653 sum
878 597 923 652 est
933 591 965 651 in
979 591 1110 671 Virgine
1118 590 1237 652 laotnra
1250 609 1315 652 sna.
1331 613 1347 650 a

70 675 175 736 bonore
188 681 311 739 naturas
325 682 499 757 mansisset,
508 683 827 760 eto.,oreatormnndi
917 682 970 742 Vl.
987 682 1129 745 Poteram
1143 688 1174 744 et
1187 684 1346 762 sigillatim
1357 683 1496 764 plurium
1507 686 1554 746 uti
1565 687 1649 748 testi-

70 773 197 830 ereotnra
207 787 275 830 non
287 770 419 835 fieret.»
877 773 1006 849 moniis;
1023 776 1076 836 sed
1099 775 1229 855 longum
1246 782 1293 836 est
1314 782 1369 851 ;et
1388 779 1461 837 satis
1485 778 1544 839 ista
1561 787 1645 852 sunt,

102 861 277 938 Fulgentius
289 865 366 926 item
379 866 414 927 in
425 866 619 948 desponsione
635 867 675 930 ad
687 872 826 949 qmestio-
878 883 949 944 quae
961 883 1000 926 ex
1014 866 1119 927 multis
1131 867 1216 928 haud
1230 886 1329 948 panes
1341 867 1452 946 delegi.
1469 869 1598 944 Quibus,
1613 876 1649 931 ut

70 954 290 1017 mummium
310 958 485 1021 Femeodi:
504 981 520 1019 a
540 962 621 1022 Deus
641 960 747 1037 Filius,
769 962 822 1039 ait,
878 957 1033 1038 appellare
1067 958 1257 1021 nominatim
1297 960 1436 1039 singulos
1483 962 1646 1036 desinam,

69 1049 132 1107 suta
140 1047 403 1125 incarnationem,
415 1057 446 1113 et
459 1056 531 1113 ante
543 1059 732 1131 assumptam
746 1071 827 1114 orea-
878 1067 987 1111 omnes
1013 1050 1060 1110 illi
1088 1052 1317 1114 annumerandi
1340 1059 1413 1114 sunt
1437 1062 1568 1129 veteres,
1593 1054 1647 1133 qni

70 1144 161 1200 turam
183 1140 408 1219 unigenitus.»
435 1146 480 1205 Ae
505 1145 679 1206 Ferrandus
704 1146 769 1225 ipse
793 1144 828 1205 in
877 1139 1104 1203 Proverbiomm
1128 1161 1167 1204 ex
1191 1145 1289 1222 eapite
1310 1150 1416 1207 oetavo
1436 1146 1541 1208 losum
1558 1147 1648 1207 illum

70 1231 188 1311 epistola
202 1232 243 1294 od
252 1233 396 1296 Severum
412 1255 420 1297 ε
440 1236 584 1297 «Habuit
605 1255 690 1317 ergo,
713 1237 826 1316 inquit,
877 1233 927 1295 vel
942 1242 1138 1310 enarrarunt,
1154 1236 1205 1297 vel
1218 1239 1365 1299 adversus
1378 1239 1509 1305 Arianos
1521 1245 1647 1301 utcum-

70 1322 196 1387 humana
207 1332 333 1402 natura,
351 1346 389 1389 ex
402 1346 465 1409 quo
479 1335 525 1391 est
531 1337 825 1410 ereata,personam,
878 1343 939 1404 que
945 1332 1128 1405 tractarunt,
1141 1327 1287 1391 Dominus
1297 1333 1409 1393 erravit
1416 1351 1472 1409 mo,
1479 1338 1515 1393 nt
1521 1333 1649 1412 quidem

71 1416 117 1477 sad
139 1437 237 1479 unam
260 1438 334 1481 anm
358 1422 436 1499 Deo,
459 1422 514 1501 qui
541 1440 611 1484 earn
636 1421 828 1503 suscipiendo
878 1416 911 1477 in
926 1419 1041 1480 Graecis
1057 1421 1285 1500 exemplaribus
1297 1422 1422 1502 legitur,
1438 1423 1491 1484 nbi
1506 1425 1648 1504 plerique

72 1515 180 1571 oreatus
211 1518 268 1574 est.
294 1513 431 1592 »Igitur
462 1520 494 1576 et
514 1521 653 1577 ereatura
687 1534 760 1577 vere
783 1520 830 1576 est
878 1508 1000 1571 creandi
1015 1530 1145 1589 vocem,
1168 1519 1199 1574 et
1213 1516 1431 1594 proprietatem
1456 1520 1574 1577 aeterno
1594 1516 1649 1577 Dei

73 1601 195 1664 hnmana
219 1604 333 1666 Christi
357 1611 479 1684 natura,
509 1613 540 1668 et
566 1608 736 1670 secuudum
761 1626 829 1669 eam
878 1602 955 1679 filio,
971 1611 1099 1683 propter
1108 1611 1298 1686 assumptam
1307 1607 1480 1669 humanam
1490 1614 1647 1682 naturam,

74 1694 143 1756 ltens
171 1696 236 1775 ipse
263 1698 526 1759 ereatnsdioitur:
566 1700 830 1780 quemadmodum
879 1712 1010 1774 eamque
1045 1702 1237 1773 ereaturam,
1272 1699 1472 1761 tribuendam
1504 1699 1648 1760 arbitrati

74 1802 107 1845 ex
123 1805 168 1863 eo,
193 1788 277 1867 quod
305 1807 378 1851 vere
405 1790 508 1869 genita
521 1796 568 1852 est
590 1792 699 1853 eadem
718 1798 830 1854 natura
881 1793 969 1862 sunt;
985 1787 1064 1849 utin
1083 1790 1311 1852 monndolibro
1324 1791 1360 1853 de
1378 1791 1539 1870 Trim'tote,
1552 1793 1650 1873 sapite

74 1876 195 1941 bominis
215 1899 255 1942 ex
274 1882 415 1961 Virgine,
437 1884 517 1945 Dens
539 1884 604 1964 ipse
633 1885 755 1964 genitus
783 1885 828 1945 di·
881 1880 1015 1940 seeundo
1039 1882 1291 1944 memoravimus.
1314 1885 1360 1943 Ex
1373 1903 1435 1963 quo
1453 1884 1522 1946 illos
1542 1903 1651 1947 omnes

74 1970 154 2031 eitur.
880 1970 978 2051 liquet
991 1977 1165 2034 ereaturam
1181 1974 1299 2035 fautum
1312 1994 1378 2037 esse
1394 1977 1532 2038 Verbum
1545 1976 1649 2039 existi·

108 2064 221 2125 Rmsns
230 2064 314 2127 idern
327 2064 502 2130 Ferrandns
513 2088 521 2131 r
532 2069 588 2131 «Si
602 2069 827 2147 animarentur,
881 2080 993 2127 masse·

74 2153 512 2236 inquit‚faah1sestareanua;
528 2164 554 2223 si
562 2163 701 2224 Verbum
714 2164 830 2223 factum
922 2158 1016 2236 Cujus
1029 2159 1157 2238 quidem
1170 2159 1364 2221 asseverandi
1378 2167 1519 2222 auctores
1531 2162 1649 2226 habue-

74 2254 114 2308 est
127 2267 193 2311 aare
202 2250 245 2311 :si
258 2252 339 2312 Dens
348 2252 459 2314 habitu
469 2255 615 2316 inventus
623 2261 671 2316 est
679 2255 828 2330 uth0m03
882 2254 956 2309 runt
973 2249 1020 2309 illi
1038 2250 1213 2329 Scripturas
1226 2269 1338 2325 sacras,
1365 2271 1435 2331 quae
1450 2253 1566 2316 metum
1584 2273 1650 2318 esse

73 2348 248 2404 neemeatssr
268 2344 383 2420 oreari3
408 2364 465 2407 neo
486 2346 626 2408 Verbum
647 2365 718 2408 earo
738 2345 829 2421 fieri3
882 2340 1119 2418 Christum,hoe
1133 2348 1180 2404 est
1194 2343 1229 2403 in
1253 2348 1393 2423 tempore
1413 2352 1563 2422 creatum,
1584 2366 1650 2408 non

73 2448 124 2492 nee
135 2434 212 2495 lions
223 2452 289 2496 esse
303 2436 407 2514 potnit
418 2438 513 2501 homo
535 2439 602 2502 sine
624 2437 750 2500 alterius
764 2456 830 2499 sus·
881 2450 946 2493 uno
960 2435 1026 2494 loeo
1040 2435 1320 2514 pradicantsiein
1332 2436 1413 2497 Artis
1425 2438 1650 2518 Apostolorum*

74 2527 199 2604 ephane
213 2532 347 2588 naturae.
363 2549 379 2586 r
881 2524 999 2599 Petrus,
1019 2524 1185 2587 Certissima
1198 2526 1285 2602 sciat,
1304 2527 1416 2607 inquit,
1441 2531 1533 2591 omnis
1548 2530 1651 2592 domm

106 2616 234 2679 ioannes
259 2620 415 2680 secundus
441 2620 474 2680 in
509 2620 640 2701 epistola
667 2622 768 2703 prima
793 2619 832 2683 ad
882 2615 1070 2699 saetam
1084 2624 1112 2679 et
1128 2617 1407 2691 Dominum-mmet
1420 2620 1650 2704 Cbrr'stumfeeit

78 2705 223 2786 Valeriam,
245 2733 262 2768 s
276 2711 404 2785 Paulus,
421 2712 556 2792 inquit¹,
581 2715 746 2794 Apostolus
766 2732 831 2774 non
882 2707 970 2778 Deus,
992 2708 1068 2769 hune
1090 2710 1211 2782 tesam,
1238 2729 1324 2789 quem
1351 2730 1401 2771 vos
1428 2713 1650 2796 erneifisistis:

72 2802 230 2863 seeundum
257 2803 379 2865 deitatis
402 2810 548 2866 naturam
574 2808 733 2868 Christum
760 2805 832 2866 insi-
882 2801 997 2862 Paulus
1008 2802 1084 2862 item
1095 2799 1136 2862 ad
1148 2800 1323 2877 Romanos⁵,
1336 2801 1381 2864 oe
1392 2802 1470 2883 filio,
1478 2805 1590 2886 inquit,
1600 2825 1652 2867 suo
1679 2846 1684 2853 -

71 2900 151 2969 nnat,
169 2895 220 2955 sed
247 2897 419 2957 seeundum
441 2896 588 2960 hnmanae
610 2907 732 2960 naturae
758 2898 832 2959 sub-
881 2897 933 2971 qui
949 2893 1046 2974 saetas
1070 2901 1111 2953 est
1132 2892 1162 2953 ei
1179 2912 1217 2953 es
1240 2893 1349 2953 semine
1364 2894 1467 2956 Dorici
1494 2896 1651 2958 mandam

70 2985 205 3046 stantiam
216 2988 364 3049 eumdem
377 2994 519 3049 oresium
532 2989 677 3052 affirmat.
692 3011 708 3048 a
881 3002 1008 3046 cornera.
1020 2986 1058 3044 Et
1071 2982 1111 3044 od
1119 2981 1261 3058 (inlotos,
1273 2985 1360 3045 Misit
1371 2984 1450 3047 Deus
1458 2986 1558 3067 pilium
1567 3008 1651 3051 mum

106 3076 229 3155 Vigilius
261 3078 343 3139 libro
374 3085 485 3159 quarto
520 3090 618 3142 comm
652 3080 829 3163 Eutyeim,
882 3077 1041 3157 factumest
1049 3075 1181 3136 muliere.
1194 3074 1286 3137 Etod
1302 3075 1452 3154 Hebraeos,
1471 3078 1652 3142 Considerate

72 3168 177 3246 scribit,
195 3190 323 3233 aunum
338 3172 484 3234 eumdem
499 3174 656 3234 Christum
669 3174 832 3253 utriusque
883 3166 1069 3248 Apostolum,
1085 3173 1113 3229 et
1137 3166 1313 3248 Pontificem
1341 3170 1528 3250 consessionis
1546 3181 1652 3235 nostru

72 3268 267 3339 essenatnroe,
283 3270 492 3326 stemmatum
506 3265 757 3343 esse,etinitinm
767 3283 833 3326 non
882 3261 991 3336 Jemm,
1013 3260 1067 3341 qui
1087 3257 1183 3341 fidelis
1206 3268 1246 3320 est
1260 3260 1299 3333 ei,
1323 3261 1377 3341 qni
1394 3263 1469 3343 serit
1491 3263 1592 3326 illum.
1614 3266 1653 3325 Et

71 3350 187 3431 babere,
201 3361 260 3417 etc.
276 3357 402 3417 Crestus
419 3362 465 3416 est
485 3375 541 3437 per
563 3372 709 3418 naturam
733 3356 834 3417 carnis
885 3352 977 3414 isaias
989 3358 1076 3413 tanto
1092 3356 1163 3412 ante
1176 3369 1215 3411 ex
1232 3371 1365 3432 persona
1388 3354 1591 3429 Salvatoris⁷,
1608 3356 1652 3417 Et

72 3460 141 3521 mar,
155 3452 185 3507 et
196 3466 261 3508 non
274 3453 321 3509 est
333 3454 453 3510 ereatns
463 3467 518 3529 per
531 3455 675 3510 naturam
686 3448 832 3510 divinita·
884 3444 1045 3506 benedicit
1058 3443 1212 3519 Dominus,
1233 3444 1367 3523 formans
1379 3464 1425 3505 me
1447 3464 1485 3506 es
1498 3455 1580 3507 utero
1591 3466 1652 3508 ser·

72 3535 110 3596 tis
134 3538 255 3599 snat»
283 3541 321 3601 Et
340 3541 420 3601 libro
445 3541 554 3621 quinto
565 3540 588 3617 ³,
613 3562 626 3599 r
648 3543 687 3603 In
711 3540 832 3601 christo
885 3555 951 3598 vum
966 3534 1033 3596 sibi.
1056 3535 1155 3608 Quem
1168 3535 1275 3595 loonm
1294 3535 1332 3595 de
1354 3536 1478 3598 Christo
1498 3538 1651 3623 interpre-

73 3627 181 3708 sliquid
203 3649 268 3694 esse
289 3632 363 3695 dicit
382 3640 533 3710 creatum,
557 3639 589 3694 et
607 3633 736 3710 foetum,
756 3654 772 3692 r>
796 3651 833 3694 aa
884 3628 1016 3690 tandum
1029 3645 1094 3689 esse
1103 3643 1196 3688 namo
1212 3627 1653 3711 Christianusdnbitattidqne
1761 3654 1764 3659 ’

72 3721 159 3797 paulo
171 3730 278 3803 post·
298 3729 438 3786 creatum
458 3743 525 3786 esse
548 3724 706 3786 Christum
723 3742 832 3787 seeun-
884 3721 1026 3801 totaipsa
1035 3719 1128 3781 series
1137 3719 1286 3780 orationis
1295 3720 1405 3795 arguit.
1418 3722 1535 3783 Omitto
1549 3722 1653 3786 lorum

71 3810 144 3872 dum
166 3815 327 3877 veritatem
360 3816 509 3877 humanae
535 3816 602 3896 ejus
628 3822 773 3893 naturae3
803 3822 835 3878 et
885 3813 974 3873 illum
1006 3810 1247 3888 Proverdiornm,
1294 3830 1387 3891 quem
1414 3814 1555 3893 proxime
1580 3820 1654 3877 ante

71 3905 287 3969 eumdemesse
302 3907 462 3984 iniectum,
478 3908 651 3970 seeundum
665 3909 835 3990 proprieta-
885 3905 983 3982 attigi,
1002 3904 1142 3965 Ilomious
1160 3904 1270 3966 ereooit
1288 3923 1345 3981 me,
1361 3923 1456 3985 quem
1470 3907 1508 3967 de
1522 3907 1652 3985 Christo,

69 3999 133 4055 tem
146 3998 472 4061 nihilominusdirinoe
493 4000 560 4079 ejus
573 4007 736 4063 nature.»
753 4001 834 4061 Tum
885 4000 923 4060 ut
932 3995 1027 4057 homo
1042 4002 1099 4073 ast,
1114 4001 1233 4057 veteres
1242 3997 1429 4058 intellexisse
1444 4004 1573 4059 constat.

71 4089 172 4163 mucis
182 4091 351 4171 interjectis
367 4098 552 4173 :postquam
570 4094 667 4155 verbs
679 4093 733 4153 illa
748 4093 836 4154 Salo·
925 4090 993 4150 Vll.
1009 4088 1096 4149 Nunc
1109 4088 1180 4149 illos
1190 4106 1417 4164 reeenseamus,
1432 4088 1485 4168 qui
1500 4090 1657 4152 Christum
1715 4130 1801 4180 basn-

70 4181 168 4241 monis
181 4183 297 4263 posuit,
315 4183 463 4246 Dominus
476 4189 589 4246 creavit
602 4204 648 4246 me
670 4184 760 4245 initio
774 4185 837 4246 vm·
886 4200 1015 4261 nrrgasse
1029 4181 1173 4242 videntur
1187 4199 1265 4254 esse,
1278 4181 1465 4261 appellarive
1483 4188 1657 4243 ereaturam
1692 4188 1821 4241 tentarant

70 4288 275 4349 rrorrsamum,
289 4276 335 4337 its
346 4275 502 4355 loquitur3
515 4278 617 4339 oCum
627 4295 702 4356 ergo
712 4277 835 4347 clareat,
887 4282 1039 4354 oportere.
1054 4271 1656 4352 AmbrosiusinepistolaadGrotionom,
1702 4242 1816 4339 ciiii‘iim

71 4360 224 4427 Christum
238 4374 388 4445 erratum,
402 4368 581 4431 velfaotum
591 4369 837 4431 esseseoundum
888 4383 957 4444 qnae
971 4370 1017 4426 est
1030 4364 1158 4444 prefixa
1172 4363 1261 4423 libris
1279 4362 1314 4424 de
1333 4363 1408 4424 Fide
1431 4364 1656 4443 «Creatnram,
1694 4354 1822 4458 {ss'h‘ffl

70 4450 110 4529 id,
125 4457 317 4534 quodhomo
331 4458 477 4539 dignatus
491 4460 629 4533 estheri,
646 4473 701 4521 aut
727 4478 836 4522 oonte—
887 4457 999 4536 inquit,
1019 4455 1175 4516 Christum
1198 4456 1312 4531 dicere,
1326 4474 1382 4535 pro
1402 4456 1526 4535 objeotu
1549 4464 1659 4518 eontu-

70 4543 131 4607 dite
144 4547 203 4610 hoc
212 4550 360 4611 bumanae
374 4551 442 4629 ejus
455 4558 592 4627 naturae3
608 4557 674 4627 ant,
688 4551 715 4611 si
728 4570 838 4613 conoe·
889 4549 989 4611 melias
1004 4553 1060 4623 est,
1075 4566 1140 4609 non
1154 4565 1212 4625 pro
1233 4547 1421 4610 confessione
1434 4549 1625 4610 reverentie.
1642 4571 1658 4608 s

70 4634 142 4699 dere
155 4657 219 4701 non
230 4640 324 4702 vultis
339 4688 348 4718 ,
363 4648 509 4705 naturam
521 4642 691 4705 divinitatis
704 4649 839 4704 creatam
890 4640 979 4714 Quod
991 4640 1024 4700 iu
1036 4635 1265 4719 primodeFide
1279 4638 1371 4714 libro,
1381 4645 1445 4700 toto
1455 4640 1553 4719 eapite
1562 4646 1661 4716 sexto,

70 4746 133 4790 me
148 4730 383 4794 affirmabitis.»
891 4737 923 4794 et
962 4731 1094 4810 septimo
1131 4729 1254 4810 copiose
1285 4730 1484 4811 prosequitur
1517 4731 1664 4795 adversus

108 4821 199 4884 Idem
217 4826 313 4887 sentit
330 4832 361 4887 et
383 4827 564 4888 Maxentius
589 4826 628 4888 de
651 4844 755 4903 omne,
775 4826 840 4888 sive
891 4823 1031 4885 Arianos.
1069 4820 1129 4883 Sed
1162 4822 1301 4884 indidem
1335 4827 1474 4902 apparet,
1508 4842 1546 4885 eo
1572 4842 1665 4886 sensu

68 4910 210 4975 hamam
230 4916 342 4978 Christi
367 4923 506 4980 natura:
534 4919 658 4980 tametsi
686 4918 840 4979 Christum
892 4932 1006 4995 negare
1020 4919 1204 4991 ereaturam,
1221 4932 1283 4994 quo
1306 4912 1505 4976 affirmabant
1516 4916 1663 4983 haretici,

66 5003 174 5083 ipsum
196 5015 363 5070 meatorum
388 5027 455 5071 osse
487 5015 596 5089 negat,
624 5009 713 5088 enjus
745 5010 841 5071 verba
895 5010 1007 5087 nempe
1019 5025 1081 5087 qna
1094 5008 1241 5084 Detuest,
1257 5012 1288 5067 et
1306 5008 1477 5069 seeundum
1498 5008 1668 5069 divinitatis

67 5098 331 5174 posteareieram.
891 5100 1101 5160 substantiam
1128 5118 1135 5158 :
1159 5098 1275 5179 quippe
1303 5102 1402 5180 eapite
1426 5098 1662 5180 septimo,illud

105 5190 221 5253 Petrus
232 5210 356 5273 quoque
365 5192 508 5255 Damiani
520 5191 650 5255 bomilia
659 5194 691 5254 in
701 5191 842 5273 Empto-
891 5192 1034 5253 Actorum
1049 5190 1188 5268 secundi,
1199 5190 1244 5253 Et
1257 5190 1420 5253 Dominum
1434 5210 1511 5266 eom,
1522 5200 1549 5253 et
1575 5189 1666 5254 cert-

82 5344 188 5451 'Hm
205 5342 243 5387 ΙΙΙ.
256 5344 346 5427 P[torsit.
358 5344 412 5391 -ἱ
432 5344 495 5391 tom.
507 5343 543 5390 lV.
556 5345 603 5391 so.
616 5346 660 5393 ΡΡ.
674 5347 716 5391 sol.
729 5345 778 5391 tro.
789 5365 817 5379 -
831 5343 941 5389 bibitam
950 5342 999 5389 brt.
1011 5364 1039 5380 ι-
1052 5343 1124 5389 lbet.
1136 5355 1162 5389 n.
1179 5344 1214 5390 tt.
1228 5367 1253 5378 -
1263 5346 1277 5390 5
1289 5347 1348 5392 noro.
1364 5356 1380 5389 r.
1392 5345 1427 5391 se
1441 5365 1467 5379 -
1480 5344 1554 5390 boot.
1567 5353 1597 5387 rr.
1614 5341 1670 5386 t.-

86 5432 92 5445 .
151 5415 243 5449 imit.
255 5422 276 5450 o,

254 5484 328 5547 Tor.
351 5486 407 5549 VI,
1515 5486 1552 5544 lo
