3932 6142
447 309 496 370 DE
517 307 821 377 lucARNATtnttn,
844 309 925 369 LIB.
946 308 1030 385 Vnt,
1053 308 1138 371 GAP.
1162 309 1221 371 111.
1568 301 1627 363 209

80 473 151 549 llam,
167 490 178 528 ι
198 469 248 533 sed
260 476 307 535 cst
320 489 385 535 una
402 477 529 553 natura;
547 491 612 536 uua
626 471 810 551 substantie,
860 477 1108 554 proposuerunt,
1127 491 1205 554 quus
1220 471 1455 553 Menophysitas
1467 466 1627 531 communi

79 581 128 624 una
138 562 270 643 operafiu
285 584 301 622 ο
860 564 1012 627 vocabulo
1023 573 1242 644 nuncuparunt
1256 581 1411 644 :quorum
1425 558 1627 642 propaginem

109 654 214 716 Polemo
231 655 308 718 item
333 655 516 737 Apollinaris
539 655 705 737 discipulus
727 654 811 717 idem
859 656 952 719 fuisse
966 657 1188 719 Monothelctas
1201 657 1337 719 diximus
1350 656 1383 715 in
1397 653 1498 734 primo
1512 650 1592 711 libro
1602 648 1624 710 ⁸.

78 744 228 822 cauebat¹3
244 753 276 809 et
288 747 473 822 Gregorium
494 747 706 828 Cappadocem
717 745 753 827 (is
766 751 812 810 est
859 748 939 809 Nam
952 754 983 809 et
1003 748 1049 809 illi
1062 747 1155 829 longe
1168 755 1240 811 autc
1253 750 1310 811 hos
1328 746 1438 822 exorti,
1456 745 1580 806 unicam
1592 742 1627 802 in

80 835 262 920 Nazianzenus)
276 839 471 919 suggillabat,
492 839 545 918 qui
560 837 731 915 der'fieutum
740 843 809 899 tan-
859 839 979 901 Christo
1001 845 1176 903 statuerunt
1195 838 1339 915 ἐνέργειαν,
1361 844 1393 901 et
1415 836 1624 910 voluntatem

78 929 206 991 ummodo
233 928 416 992 volantatem
445 930 642 1000 adstruebat,
671 929 810 1009 adeoque
859 949 894 993 ac
907 932 985 994 duas
1004 933 1202 995 anathemate
1215 931 1414 993 damnarunt.
1430 931 1479 990 lta
1493 928 1626 989 Severus

77 1020 224 1083 enubilem.
841 1024 897 1093 ‚ab
911 1025 1075 1104 Agathone
1085 1027 1167 1106 Papu
1178 1028 1436 1086 commemoratus
1448 1021 1481 1082 in
1495 1019 1626 1100 epistola

104 1115 230 1175 beandus
243 1132 369 1196 qaoque
384 1115 419 1176 in
438 1114 518 1177 libro
533 1113 669 1176 aduncus
682 1112 808 1194 [rondes
857 1116 1034 1196 synodica⁸,
1045 1136 1115 1199 qua
1126 1125 1173 1179 est
1185 1117 1219 1178 in
1226 1116 1300 1181 actis
1311 1114 1422 1196 synodi
1432 1118 1536 1185 sextae,
1549 1128 1626 1172 ana-

77 1204 351 1287 Apolloniatarum,
366 1207 520 1269 Timothei
533 1225 572 1269 ex
585 1206 693 1269 eadem
707 1211 806 1281 seem,
857 1209 958 1270 thema
985 1209 1065 1270 dixit
1084 1209 1205 1289 synodo
1221 1206 1477 1284 chalcedonensi,
1497 1211 1528 1266 et
1543 1202 1624 1285 epis-

75 1299 272 1379 etApollinaris
292 1299 461 1362 sententias
475 1299 579 1377 refert,
600 1299 695 1360 unius
716 1303 808 1359 testes
856 1299 929 1362 tolae
952 1300 986 1361 S.
1015 1300 1125 1362 Leonis
1146 1298 1505 1378 atheniensiumque
1523 1295 1625 1357 omni·

75 1387 223 1467 cluna,
242 1398 275 1453 et
292 1392 502 1472 operationis:
519 1392 605 1453 velut
628 1392 710 1452 inter
730 1390 806 1452 alias
855 1389 938 1468 bus,
965 1413 981 1452 ιι
1004 1392 1057 1473 qui
1085 1391 1120 1453 in
1147 1391 1267 1453 naturis
1290 1409 1391 1453 unum
1417 1390 1547 1466 dicunt,
1575 1388 1625 1449 vel

74 1481 148 1543 hauc’
162 1502 169 1542 ι
187 1503 201 1540 ο
218 1483 296 1545 Caro
309 1489 428 1561 autem,
443 1489 479 1546 ut
492 1503 563 1546 carc
582 1484 648 1561 liei,
662 1485 755 1556 Deus,
770 1487 807 1543 ut
855 1483 1001 1545 dixerunt
1009 1484 1178 1546 Dominum
1187 1488 1328 1544 nostrum
1337 1484 1354 1544 J
1357 1500 1445 1544 esum
1453 1481 1621 1554 Christum,

75 1574 292 1637 unsahtantialis
307 1577 383 1646 Deo,
399 1594 465 1636 non
480 1582 629 1657 separata.
645 1576 708 1637 Nec
720 1573 806 1636 enim
855 1581 924 1655 post
934 1576 1133 1652 ineffabilem,
1149 1581 1180 1639 et
1190 1575 1534 1656 incomprehensibilem
1548 1575 1622 1636 uni·

73 1667 280 1746 apumhm,nec
295 1669 447 1745 ἰδιαζόντως,
458 1668 802 1751 idestperaemovetnr:
853 1667 988 1743 tionem,
1005 1674 1037 1730 et
1054 1674 1279 1748 consequenter
1295 1686 1404 1730 earum
1422 1668 1498 1729 duas
1517 1685 1622 1748 opera·

73 1757 222 1821 neuthomo
236 1757 366 1833 animm,
383 1766 584 1842 αοτοινίργηιον,
601 1761 633 1823 id
655 1765 712 1835 est,
730 1756 808 1841 pund
853 1759 964 1836 tiones3
980 1766 1034 1822 aut
1047 1760 1264 1841 proprietates,
1283 1782 1296 1819 ν
1312 1760 1368 1821 Cui
1383 1765 1414 1821 et
1428 1759 1620 1820 Theodosius

70 1860 294 1932 prospector.
312 1871 329 1910 ο
854 1868 892 1913 ex
899 1852 1007 1914 eadem
1017 1858 1098 1914 secta
1106 1851 1279 1913 subscribit.

99 1941 129 2002 lu
148 1955 225 2005 sexu
243 1942 366 2023 synodo
389 1942 500 2005 citatur
519 1940 706 2022 Apollinaris
727 1941 803 2005 alter
893 1945 932 2005 In
945 1944 1065 2006 actione
1077 1944 1152 2006 item
1166 1944 1332 2005 undecima
1350 1942 1463 2022 synodi
1483 1941 1621 2020 ejusdem

69 2030 159 2111 locus⁸‚
172 2034 201 2095 in
215 2052 280 2115 qno
293 2033 455 2115 propriam
474 2034 508 2095 in
522 2033 642 2095 Christo
659 2033 803 2095 volunta·
854 2048 966 2112 sextae,
995 2042 1194 2098 recensentur
1214 2035 1350 2115 insignes
1372 2035 1425 2095 alii
1444 2033 1620 2115 Monophy·

70 2128 117 2185 tem
127 2143 182 2186 non
189 2126 336 2204 hominis,
351 2126 406 2187 sed
415 2125 510 2187 Verbi
524 2143 589 2188 esse
602 2125 692 2186 dixit.
853 2126 919 2188 sitae
933 2128 1025 2189 unius
1046 2128 1189 2204 actionis,
1215 2133 1246 2189 et
1265 2127 1434 2188 voluntatis
1455 2125 1621 2206 adstipula-

96 2217 225 2280 blaximus
249 2237 327 2280 vero
354 2223 474 2299 martyr
503 2217 623 2280 erudite
649 2215 803 2296 disparem
852 2225 952 2284 tores:
966 2220 1079 2300 quihus
1105 2237 1178 2281 cum
1191 2219 1411 2281 Monotheletae
1432 2217 1620 2280 adamussim

68 2306 164 2371 bareas
174 2310 335 2391 utriusque
347 2308 557 2392 (Arianornm,
572 2315 603 2370 et
616 2307 802 2387 Apollinari·
853 2318 1029 2391 congruunt
1045 2331 1052 2372 ι
1070 2311 1285 2391 imprimisque
1298 2310 1496 2387 themistius,
1512 2310 1619 2371 etAn·

66 2398 166 2483 mmm]
180 2420 307 2483 scopum
326 2402 362 2463 in
384 2401 501 2463 tuenda
522 2399 672 2480 singulari
691 2399 803 2461 Christi
851 2402 978 2466 thimus.
989 2404 1089 2483 Hujus
1108 2422 1182 2465 vero
1195 2402 1375 2481 buJ'usmodi
1393 2410 1438 2466 est
1452 2419 1618 2483 argumen-

67 2493 211 2570 operatione
222 2513 259 2555 ac
268 2494 440 2567 voluntate,
452 2493 551 2574 aperit
564 2492 595 2552 ιἰι
607 2490 804 2572 disputatione
851 2495 939 2570 tatio,
951 2513 1045 2576 quam
1053 2496 1185 2557 libenter
1195 2495 1615 2575 usurparuntMonothaletoe.

65 2600 113 2643 cus
123 2583 237 2667 Pyrrho.
259 2606 278 2645 ιι
298 2584 429 2665 Synodi,
448 2584 803 2664 inquit,propteruuius
855 2587 920 2649 «Si
940 2606 1003 2649 una
1021 2594 1067 2649 est
1086 2587 1269 2668 hypostasis,
1290 2592 1321 2649 et
1343 2605 1405 2649 una
1429 2593 1541 2648 natura
1561 2586 1617 2647 Dei

65 2674 200 2738 voluntatis
207 2676 407 2746 vocabulum,
416 2676 640 2757 Apollinarem,
647 2681 681 2736 et
693 2674 801 2736 Arium
851 2678 948 2740 Verbi
959 2679 1127 2755 incarnata,
1142 2684 1178 2740 ut
1191 2685 1237 2740 est
1245 2697 1361 2747 revera,
1373 2678 1440 2740 siue
1453 2678 1515 2739 ulla
1524 2676 1616 2738 dubi·

63 2766 227 2832 mathemate
240 2775 392 2831 notarunt
408 2788 416 2829 ε
432 2785 504 2830 cum
516 2772 646 2846 uterque
662 2766 802 2847 ipsorum
850 2771 967 2832 tatione
986 2789 1051 2831 una
1072 2777 1118 2833 est
1141 2770 1295 2848 voluntas,
1323 2777 1354 2831 ct
1380 2788 1445 2831 uua
1465 2769 1613 2847 operatio,

64 2873 119 2919 acce
130 2860 176 2921 illa
187 2861 225 2922 ad
238 2861 404 2943 propriam
419 2858 636 2921 stabiliendam
657 2857 802 2920 haeresim
851 2867 881 2923 et
892 2863 1123 2943 unasapieutia‚
1134 2869 1237 2923 etuna
1247 2861 1381 2941 cognitio
1391 2860 1582 2940 utriusquel.
1599 2882 1611 2919 ν

63 2945 212 3014 abuteretur
222 2972 230 3013 ε
239 2953 295 3014 ille
309 2951 446 3032 quidem,
462 2956 497 3011 ut
510 2949 802 3011 consubstantialem
889 2954 1042 3015 Maximus
1055 2958 1175 3031 martyr
1189 2954 1224 3015 in
1234 2952 1314 3014 libro
1326 2954 1461 3034 quodam
1470 2954 1617 3015 adversus

63 3038 142 3102 tubo
148 3062 270 3106 carnem
285 3061 350 3106 esse
364 3046 550 3104 monstraret
565 3059 572 3100 ι
589 3040 640 3101 hic
654 3046 757 3101 autem
766 3047 802 3102 ut
849 3046 1083 3121 llouotheletas,
1099 3047 1133 3106 iu
1147 3063 1210 3125 qno
1220 3044 1340 3126 probat,
1356 3064 1420 3107 uon
1435 3063 1500 3107 esse
1511 3045 1616 3126 plures

61 3128 175 3213 hveme,
189 3155 223 3199 ac
235 3139 374 3213 Patrem,
384 3133 565 3197 substantiae
579 3132 693 3194 aarum
706 3133 802 3194 intro·
849 3136 883 3198 in
896 3138 1015 3199 Christo
1022 3138 1199 3199 voluntates
1206 3146 1339 3219 γνωμιιὲις,
1351 3138 1457 3200 scribit
1465 3139 1616 3201 Severum

61 3220 191 3288 drusun
211 3250 227 3287 ο
250 3228 410 3290 Nimirum
436 3241 641 3307 quaecumque
663 3224 801 3286 humano
850 3230 1002 3292 ademisse
1014 3230 1134 3292 Christo
1149 3230 1340 3292 voluntatem
1354 3230 1475 3292 homini
1488 3237 1616 3295 natura·

60 3331 127 3379 ιοοιο
138 3338 237 3399 passm
257 3325 308 3383 est
320 3319 472 3396 Christus,
487 3337 523 3379 ca
538 3335 603 3380 uon
617 3316 755 3378 animam
767 3317 802 3378 in
849 3319 923 3398 lem,
938 3328 970 3382 et
983 3323 1026 3384 ita
1038 3328 1183 3383 naturam
1201 3322 1301 3403 ipsam
1319 3340 1428 3383 revera
1444 3323 1613 3398 sustulisse,

60 3424 173 3489 uapore,
187 3419 305 3475 etcum
319 3429 448 3492 corpore
461 3410 635 3491 pertulisse,
650 3408 704 3471 sed
722 3410 800 3470 Ver·
849 3414 1008 3493 solamque
1033 3414 1182 3494 speciem,
1206 3418 1238 3476 et
1265 3413 1435 3493 imaginem
1456 3414 1617 3492 reliquisse

58 3495 118 3562 bam
134 3503 228 3583 ipsum
244 3503 332 3586 qnod
346 3504 414 3565 loco
432 3508 497 3564 erat
509 3501 633 3579 animae,
649 3500 801 3562 sentiebat
849 3504 1053 3566 humanitatis
1073 3509 1248 3585 assumptae.
1273 3526 1288 3563 ι
1311 3507 1428 3585 Scopas
1448 3505 1543 3584 igitur
1559 3505 1617 3568 iste

58 3590 140 3682 {liuh
152 3614 247 3677 0⁰tt¹10
258 3596 355 3659 111⁰d⁰
370 3594 524 3656 dissimilis
538 3593 728 3663 sttbsiantiae,
744 3609 803 3654 nec
849 3595 965 3659 Severo
974 3596 1043 3671 fuit,
1054 3596 1301 3677 iuquit,ejusque
1311 3596 1477 3677 discipulis,
1488 3596 1617 3659 inducto

58 3698 113 3746 tere
129 3686 256 3769 diuinae,
279 3688 380 3750 tilium
400 3705 466 3750 esse
486 3685 713 3749 confirmabat:
730 3703 802 3746 cum
851 3706 976 3768 prorsus
999 3687 1135 3750 naturali
1151 3688 1255 3768 aliquo
1274 3686 1407 3765 deiectu,
1426 3694 1617 3770 assumptam

17 3788 41 3833 ν.
57 3776 143 3857 utique
161 3782 240 3843 Deus
263 3780 307 3843 sit
327 3788 433 3857 ἀπαθής.
457 3778 644 3860 Apollinaris
666 3795 741 3839 vero
764 3795 803 3839 ex
851 3779 1060 3860 inexplicabili
1077 3779 1221 3842 unitione
1244 3786 1391 3842 naturam
1412 3781 1539 3860 rejicere
1560 3799 1620 3843 :ac

57 3866 176 3947 οιίιοσεο,
195 3878 232 3934 ut
245 3873 417 3934 dhcnmeu
430 3888 523 3933 omne
539 3869 800 3947 substantiarum,
851 3872 1027 3934 simulatam
1053 3874 1186 3935 Manetis
1210 3874 1355 3954 speciem,
1376 3878 1409 3935 et
1433 3873 1620 3953 Apollinaris

57 3958 95 4020 ret
104 3968 279 4027 naturamm
294 3964 446 4045 eriperet,
460 3980 556 4025 unam
578 3961 799 4043 operationem,
851 3964 1076 4040 confusionem,
1092 3970 1124 4026 et
1136 3966 1290 4027 invectam
1303 3965 1343 4027 ab
1357 3965 1497 4044 Eutyche
1505 3965 1619 4027 divinae

29 4132 33 4143 1
57 4052 275 4119 aesoluutatem
291 4056 425 4119 admisit.
851 4055 1031 4118 substantiae
1051 4056 1086 4118 in
1112 4056 1284 4119 humanam
1317 4056 1618 4129 conformationem,

17 4144 41 4180 '⁴
86 4143 133 4206 IV.
151 4148 242 4211 Hunc
259 4148 408 4210 cumdem
425 4146 484 4209 sibi
503 4146 600 4210 finem
618 4144 803 4227 Eutychiani
852 4148 978 4226 omnia,
993 4149 1145 4229 inquam,
1161 4147 1214 4210 illa
1228 4148 1344 4229 flagitia
1359 4147 1616 4228 comprobaret·

83 4318 211 4376 ulturu-
229 4315 333 4381 ’Ἄλλως
346 4335 373 4372 τε
394 4314 431 4381 δὲ,
447 4312 469 4371 εἶ
488 4313 513 4371 αἱ
530 4314 628 4371 σύνοδοι
647 4312 686 4370 hd
708 4320 740 4390 τῇ
760 4319 804 4370 τοο
889 4318 1026 4377 οΜιιοιι.
1046 4317 1120 4390 apud
1141 4317 1225 4374 linth.
1238 4323 1351 4390 Ροοιορ.
1376 4317 1418 4374 tit.
1446 4317 1547 4383 xvltt,
1570 4316 1619 4371 lat.

57 4391 97 4460 bbg
112 4402 241 4475 θελήματος
265 4406 347 4475 φωνῇ,
368 4399 409 4454 καὶ
431 4398 626 4473 Ἀπολλινάριον,
645 4400 685 4453 καὶ
706 4397 804 4472 ’Ἄρειον
853 4401 947 4465 Σκοπὸς
960 4396 1002 4456 οὖν
1016 4401 1127 4473 Σευήρῳ,
1142 4400 1183 4455 καὶ
1197 4400 1319 4472 τοῖςᾶρφ’
1333 4398 1416 4465 αὐτὸν,
1431 4401 1472 4453 διά
1485 4400 1621 4463 τινοςπάν·

56 4479 220 4554 samam,
236 4484 355 4556 ἐκατέρου
369 4482 451 4538 οὔτῶν
467 4481 541 4556 ταύτῇ
557 4483 616 4555 πρὸς
630 4482 744 4538 σύστασιν
762 4486 805 4550 τῆς
853 4502 902 4546 τως
924 4483 1053 4558 ἐλλείψεως
1066 4488 1176 4556 φυσικῆς,
1189 4484 1232 4553 τὴν
1254 4484 1449 4557 προσληφθεῖοαν
1467 4481 1522 4536 καθ’
1536 4482 1622 4536 ἕνωσιν

57 4559 103 4627 bins
114 4565 224 4639 αἱρέσεως
238 4567 459 4641 ἂποχρηοαμένον
475 4569 518 4619 τοῦ
541 4564 595 4638 μὲν,
615 4565 746 4638 ὁριοονοιον
768 4569 805 4636 τῷ
854 4566 959 4640 ἄρρητον
971 4568 1105 4631 έξώοοισθοιι
1115 4567 1194 4639 φύσιν·
1205 4570 1249 4634 τῆς
1258 4586 1284 4621 τε
1293 4565 1571 4639 Μάνεντοςραντασῐος,
1582 4566 1623 4618 καὶ

54 4643 157 4719 lippit&
178 4644 254 4706 τοῖιτο
280 4650 325 4718 τὴν
351 4649 429 4721 σάρκα
448 4647 597 4720 βουλομένου
611 4647 698 4710 δεῖξαι·
713 4651 756 4701 τοῦ
779 4645 805 4700 δὲ
854 4655 898 4718 τῆς
911 4649 1083 4724 Ἀπολιναρίου
1095 4650 1244 4724 συγχύσεως,
1259 4649 1300 4703 καὶ
1309 4652 1352 4716 τῆς
1360 4648 1483 4722 Εὔιυχοΰς
1491 4650 1624 4702 οννουοιώ·

55 4726 184 4799 mos
197 4738 244 4789 τοῦ
256 4732 311 4787 uici
324 4731 384 4804 πρὸς
397 4730 439 4785 τὸν
452 4731 546 4803 πατέρα
562 4729 700 4803 εἰσαγαγεῖν
719 4729 807 4803 ἂγιινι·
855 4750 916 4796 οεως
936 4731 1084 4806 ἐπικυρῶσαι
1108 4732 1138 4787 τὸ
1162 4736 1253 4804 μῦσος,
1275 4732 1411 4803 Μέμνηραι
1430 4729 1478 4803 γὰρ
1498 4729 1561 4784 κατὰ
1578 4729 1623 4798 τὴν

55 4810 149 4882 (pisca.
855 4821 905 4870 τῶν
920 4817 1022 4889 Κρητῶν
1037 4819 1110 4884 νῆοον
1131 4817 1231 4888 διαγων,
1254 4819 1328 4869 τινῶν
1352 4814 1550 4885 ψευδεπισκόπων
1565 4813 1625 4886 πρὸς

81 4894 192 4953 clm.
216 4899 250 4955 in
266 4913 327 4955 sex.
354 4912 418 4968 syn.
443 4902 499 4954 act.
519 4911 549 4951 ιι.
568 4894 658 4968 Εἰγὰρ
683 4895 728 4969 μία
742 4892 806 4949 ἔστὶν
857 4896 899 4971 ἐμὲ
912 4899 1082 4972 διενεχθέντων
1098 4896 1124 4951 ἔκ
1135 4903 1178 4964 τῆς
1188 4897 1294 4969 Euripos
1309 4896 1405 4968 μερίδος
1419 4895 1530 4961 ἀκούσας,
1542 4897 1576 4957 ὣς
1584 4895 1625 4949 διὰ

53 4974 175 5047 tamn,
193 4983 237 5037 καὶ
255 4982 302 5053 pta
319 4980 389 5052 ρῦοις
403 4985 447 5034 τοῦ
462 4973 518 5034 θεοῦ
534 4979 611 5051 λόγου
625 4978 806 5052 οεοοιρκωρένη,
856 4985 930 5035 τοῦτο
939 4981 982 5035 δύο
992 4980 1054 5035 κατὰ
1067 4980 1109 5035 τὸν
1121 4981 1226 5041 Λέοντος
1239 4980 1327 5050 τόμον,
1343 4975 1462 5051 ἐνεργείας
1479 4977 1508 5032 οὗ
1520 4979 1625 5050 λέγομεν

52 5060 121 5134 ὅπερ
132 5060 173 5118 οὖν
186 5066 229 5118 καὶ
251 5064 330 5127 ἔστιν,
345 5062 526 5135 capiatne,
540 5063 581 5116 aci
598 5063 624 5115 ἓν
648 5063 752 5134 θέλημα,
767 5060 808 5112 καὶ
857 5060 896 5118 Aa
909 5064 1028 5136 Χριστοῦ,
1044 5062 1084 5117 aa
1100 5062 1131 5116 τὰ
1147 5062 1254 5135 ἑπόμενα
1277 5061 1375 5123 ταύταις
1398 5061 1533 5134 θελήματα,
1547 5060 1589 5115 καὶ
1602 5059 1627 5123 ἐξ

53 5142 200 5220 νίιίνέργιισ
221 5148 352 5216 δηλονότι,
375 5146 416 5199 καὶ
438 5146 482 5219 pla
502 5145 585 5217 οορίο,
603 5144 644 5197 aui
665 5144 708 5217 pta
720 5142 810 5216 γνώοις
858 5145 963 5219 ἀνάγκης
976 5148 1115 5220 προσώπων
1130 5147 1296 5219 συνεισάγεται
1310 5146 1378 5207 δυάς.

53 5232 85 5279 toi
97 5231 282 5302 σονιιριροτίρου
295 5228 410 5302 ὑπάρχει.

73 5368 81 5415 t
93 5369 144 5416 titt.
158 5371 183 5417 tn
197 5370 305 5418 lateran
316 5370 419 5426 syn-a
431 5369 508 5416 lmnt.
520 5365 582 5418 Τοιο.
596 5369 631 5415 lv.
642 5369 689 5416 ast.
698 5371 759 5417 Patr.
771 5380 819 5426 par.
833 5369 889 5416 lt.·-
899 5369 914 5414 a
924 5368 972 5414 Act.
983 5366 1082 5414 ann-A
1095 5368 1149 5426 Cap.
1160 5381 1203 5423 ιιι,
1214 5369 1287 5428 §2—
1301 5370 1375 5416 bAct.
1389 5382 1419 5416 ιν.
1431 5371 1485 5430 Syn.
1499 5385 1544 5418 ser.

173 5450 256 5514 Τοιι.
279 5448 331 5513 vt.
1483 5452 1523 5511 ta
