3932 6142
320 274 379 336 239
822 270 1149 336 summutcouuu
1169 271 1390 334 DOGMA‘l'Uhl

319 439 414 519 hujus
426 457 465 500 ex
478 439 588 501 eodem
601 438 762 499 Anastasio
776 437 955 515 docuimus;
971 457 1007 500 ae
1021 457 1090 517 par·
1138 439 1392 518 operationesque
1403 434 1571 516 ponebant,
1589 440 1753 515 propterea
1771 435 1812 495 sic
1822 434 1886 497 eris·

320 532 379 593 tim
397 549 493 592 unam
516 532 668 592 duntaxat
685 531 907 610 operationem,
920 550 956 593 ac
977 530 1091 591 volun·
1140 533 1263 593 timasse
1289 530 1450 605 videntum
1479 527 1563 608 quod
1591 532 1704 607 preter
1729 526 1838 588 divine
1864 535 1888 588 et

322 630 435 699 tatem3
450 624 565 703 partim
576 640 684 699 unam,
696 629 727 684 ct
737 641 795 684 nec
806 642 913 699 unam,
925 642 982 685 neo
997 623 1088 698 duas;
1138 624 1284 686 humane
1307 628 1428 684 naturae
1451 621 1596 698 singulas,
1621 636 1718 679 unam
1741 618 1889 699 quamdam

320 716 433 797 partim
453 723 560 791 unam,
580 722 610 777 et
630 715 706 775 duas
729 715 914 790 voluntates,
930 721 961 776 et
981 733 1090 794 opera·
1139 716 1264 776 tertiam
1284 713 1459 793 compositae
1482 731 1521 773 ex
1543 710 1693 772 ambabus
1713 717 1830 771 natira
1844 712 1889 771 hi·

321 808 421 869 tiones
443 812 633 881 assererent;
664 807 721 867 hos
748 824 857 867 omnes
888 808 932 867 ita
956 806 1092 867 breuiter
1140 807 1281 868 bnerent.
1307 806 1390 878 Quos
1414 804 1592 865 Anastasius
1612 800 1792 881 hujusmodi
1809 820 1889 881 argu·

322 900 470 961 confutat.
495 899 619 959 Priores
639 897 736 971 enim,
757 901 811 977 qni
836 915 932 958 tinam
948 898 1092 958 volunta·
1141 905 1246 961 mento
1269 897 1421 977 reprimit,
1445 896 1528 976 quod
1552 917 1567 955 u
1587 900 1650 956 tres
1670 895 1846 968 uoluntates,
1867 900 1893 955 ct

322 996 386 1052 tem
401 998 433 1053 et
454 991 666 1071 operationem
680 989 866 1064 statuebant,
888 988 925 1052 iis
943 995 1091 1067 accenset,
1141 997 1203 1052 tres
1231 990 1435 1071 operationes,
1460 995 1492 1050 et
1516 988 1645 1049 totidem
1669 1005 1708 1047 ex
1734 986 1893 1047 necessitate

323 1083 378 1162 qni
401 1088 545 1143 naturam
568 1100 666 1142 unam
688 1081 820 1155 deitatis,
840 1088 871 1143 et
892 1082 1094 1143 humanitatis
1143 1087 1236 1144 ettam
1263 1087 1401 1154 naturas,
1430 1082 1462 1141 id
1492 1086 1548 1149 est,
1572 1079 1721 1141 essentias
1745 1077 1893 1138 habentem

324 1176 489 1236 adstruunt
505 1194 512 1234 :
526 1179 558 1235 et
577 1174 689 1235 merito
702 1174 841 1252 quidem,
854 1179 890 1234 ut
910 1192 949 1235 ex
969 1179 1093 1235 antece·
1143 1176 1298 1237 Christum
1318 1174 1471 1235 inducunt
1489 1193 1497 1231 z
1513 1190 1585 1233 cum
1607 1189 1665 1232 nec
1685 1176 1826 1231 naturam
1840 1187 1894 1230 esse

324 1265 469 1326 dentibus
489 1266 605 1344 liquet;
629 1282 703 1326 cum
722 1283 844 1326 necesse
862 1266 901 1325 sit
914 1266 970 1326 uni
984 1283 1094 1345 opera·
1143 1267 1210 1328 sine
1225 1267 1414 1344 operatione,
1429 1284 1487 1326 nec
1502 1282 1610 1325 rursus
1623 1262 1829 1342 operationem
1841 1262 1895 1322 sine

324 1357 403 1418 ueni
422 1358 546 1417 nonnisi
565 1375 663 1417 unam
677 1357 863 1436 respondere
877 1364 1032 1418 naturam.
1056 1357 1095 1417 At
1120 1405 1121 1409 ,
1144 1362 1256 1420 natura
1282 1357 1425 1437 possibile
1449 1356 1499 1418 sit.
1528 1378 1540 1414 r
1564 1356 1644 1416 Nam
1670 1353 1755 1434 quod
1784 1353 1821 1413 ad
1839 1352 1896 1412 illos

324 1449 381 1524 illi,
398 1449 540 1509 similiter
548 1450 834 1529 echionophysitae,
846 1455 877 1509 ct
887 1450 995 1511 iisdem
1005 1449 1096 1529 plane
1145 1454 1271 1530 spectat,
1286 1449 1341 1529 qui
1355 1454 1386 1510 et
1399 1466 1506 1524 unam,
1523 1452 1553 1508 ct
1566 1466 1623 1508 nec
1642 1463 1750 1517 unam,
1769 1444 1896 1505 necduus

325 1540 495 1601 rationibus
515 1548 700 1619 arguuntur,
716 1559 793 1620 quas
814 1559 870 1602 suo
890 1541 958 1602 loeo
981 1559 1096 1619 propo·
1145 1541 1322 1601 asserebant
1341 1540 1527 1614 voluntates,
1549 1545 1580 1600 et
1602 1538 1804 1618 operationes,
1823 1536 1914 1615 qnasi

326 1632 474 1694 suimus¹.
493 1633 651 1712 Imprimis
669 1638 776 1693 autem
793 1633 876 1712 quod
895 1639 956 1693 «et
971 1638 1095 1710 quater-
1145 1638 1321 1693 monstrum
1335 1632 1503 1712 quoddam,
1520 1636 1551 1691 et
1570 1629 1717 1691 biformes
1735 1629 1895 1702 Centauros,

326 1725 455 1785 nitatem
484 1742 685 1802 personarum
711 1724 896 1785 Trinitatem
919 1724 1095 1800 adstruunt,
1146 1725 1274 1786 minime
1290 1720 1897 1801 putamusabalterutro‘duorumislorum

328 1820 358 1876 ct
385 1816 487 1894 ipsum
515 1833 614 1876 unum
642 1816 791 1894 ejusdem,
814 1816 911 1878 idest
931 1816 1097 1878 Dominum
1146 1816 1333 1895 separandos
1352 1833 1435 1890 esse;
1450 1815 1503 1875 scd
1527 1815 1651 1875 eosdem
1675 1812 1792 1886 ambos,
1810 1828 1898 1872 cuma

328 1912 469 1967 nostrum
483 1909 590 1968 Jesum
604 1908 762 1969 Christum
770 1926 877 1968 verum
891 1910 1001 1981 Deum,
1008 1909 1098 1987 juxta
1147 1907 1307 1968 Catholicis
1322 1905 1585 1967 inextricabilibus
1602 1909 1851 1985 argumentorum
1861 1900 1899 1961 la·
1963 1920 1964 2005 p

328 2000 412 2079 quod
425 2000 596 2060 secundum
611 2018 667 2060 nos
680 1999 776 2060 laetus
796 2005 841 2060 est
858 2000 965 2077 homo,
981 2001 1015 2061 in
1032 2000 1100 2060 ani·
1147 2000 1234 2077 queis
1254 2004 1481 2078 premerentur,
1497 2016 1534 2058 cc
1553 1998 1788 2075 confugissent
1805 2011 1898 2055 nume
1963 2010 1964 2051 i

329 2091 1099 2172 malemsimul,ctirrationalem,atquesineintel-
1147 2090 1261 2150 randas
1282 2095 1434 2168 negarent
1457 2106 1522 2150 esse
1554 2088 1668 2150 Christi
1689 2087 1900 2160 voluntatens

328 2185 409 2245 lectu
423 2184 628 2261 subscribunt,
642 2190 673 2245 et
690 2185 909 2262 conjecturem,
925 2185 1099 2264 etphunta·
1149 2182 1366 2262 operationes:
1389 2181 1653 2260 quemadmodum
1677 2178 1856 2259 Eutychiani
1870 2177 1899 2238 de

330 2277 419 2352 siam,
437 2277 721 2355 confusionemque,
731 2295 767 2338 ac
784 2277 969 2337 divisionem
985 2277 1100 2337 utrius·
1150 2275 1270 2336 naturis
1285 2274 1396 2334 Christi
1405 2291 1573 2334 numerum
1586 2272 1708 2333 auferre
1722 2270 1824 2332 eonati
1830 2274 1898 2344 sunt,

330 2373 517 2446 quenaturas
527 2368 939 2447 ipsiusintroducunt.nQuae
949 2370 1100 2430 Anastasii
1150 2373 1186 2426 ut
1199 2366 1233 2425 in
1243 2372 1352 2445 quarto
1361 2365 1454 2438 libro,
1467 2365 1565 2443 capite
1575 2363 1899 2438 1r,demonstrarimus.

330 2460 426 2521 verba
452 2461 495 2520 ita
520 2459 720 2539 mncipienda
745 2467 829 2520 sunt.
855 2461 996 2521 Primum
1018 2467 1053 2521 ut
1074 2461 1101 2521 si
1151 2456 1210 2519 Ubi
1220 2475 1289 2536 quse
1305 2457 1343 2516 od
1358 2456 1427 2517 illos
1440 2455 1623 2517 refellendos
1639 2453 1900 2528 attulimus,valerc

330 2569 395 2612 una
414 2556 537 2611 tantum
560 2551 714 2623 voluntas,
743 2558 773 2612 et
800 2551 936 2630 operatio
954 2558 1099 2631 ponatur,
1150 2548 1264 2608 debent
1272 2549 1311 2609 ad
1321 2540 1601 2609 hoceommen'tum
1610 2547 1829 2609 excutiendum
1837 2563 1900 2623 ope·

331 2649 442 2725 quarta
455 2649 602 2723 sequatur
614 2660 746 2722 persona
754 2643 912 2703 Trinitatis
930 2663 937 2703 :
953 2645 1102 2722 quoniam
1151 2640 1307 2701 rationum
1321 2640 1408 2701 nullo
1422 2657 1554 2701 numero
1569 2640 1864 2720 comprehensarum.

332 2736 472 2796 Christus
493 2754 559 2795 non
580 2739 681 2813 potest
702 2752 797 2795 unam
819 2735 971 2795 duntaxat
993 2754 1101 2815 opera·

331 2829 450 2888 tionem
483 2844 503 2886 e
535 2826 634 2886 tribus
668 2826 846 2887 distinctam
878 2826 1004 2905 habore,
1025 2829 1102 2908 quin
1963 2838 1964 2911 l

331 2924 442 2980 natura
458 2917 497 2980 ab
507 2918 617 2979 iisdem
630 2916 792 2998 discrepet,
808 2936 878 2998 quae
888 2935 960 2979 cum
970 2937 1010 2979 ex
1021 2937 1103 2980 com·

332 3011 485 3091 positione
504 3010 542 3069 sit
563 3027 643 3084 une3
665 3027 831 3088 personam
852 3028 975 3089 quoque
989 3009 1059 3071 facit
1085 3029 1104 3071 a
1365 2984 1562 3068 CAPUT
1595 2987 1719 3072 Vlll.
1963 3040 1964 3059 t

331 3102 430 3163 tribus
447 3101 653 3162 differentem.
669 3101 820 3174 Quoniam
838 3102 1013 3180 personales
1032 3120 1103 3181 pro·

332 3194 477 3274 prietates
491 3192 604 3253 divinae
618 3190 681 3252 tres
703 3210 767 3252 non
790 3192 850 3253 nisi
872 3193 965 3254 nnius
979 3201 1010 3255 et
1024 3195 1102 3255 sim·
1963 3180 1964 3269 l

332 3284 419 3365 plicis
439 3289 570 3357 naturae,
593 3283 721 3362 ejusque
740 3283 853 3344 dirinae
871 3285 1004 3365 propriae
1018 3292 1101 3360 sunt,
1154 3287 1356 3369 operationem
1370 3286 1404 3348 in
1420 3286 1541 3349 Christo
1554 3286 1702 3368 duplicem
1716 3285 1820 3366 fuisse,
1834 3284 1864 3346 td
1872 3292 1904 3345 ert
1963 3286 1964 3347 l

332 3381 516 3437 nouantem
536 3375 630 3436 ullius
653 3375 833 3455 composite
847 3382 978 3438 naturae.
1004 3379 1104 3452 Quare
1194 3398 1406 3460 seoequcmque
1425 3386 1775 3461 noturoeconpruentem,
1790 3398 1825 3441 ec
1843 3385 1905 3438 cete·

332 3471 379 3530 uti
393 3469 561 3549 composite
570 3474 682 3529 natura
697 3467 818 3540 Christi,
831 3486 925 3548 quam
940 3469 997 3530 sibi
1009 3469 1105 3550 tinge-
1193 3491 1261 3531 ram
1287 3473 1418 3532 Petram
1432 3470 1558 3552 placitis
1575 3469 1752 3543 ostenditur,
1783 3474 1905 3551 quiante
1963 3472 1964 3553 p

331 3560 597 3634 banthaeretici,a
612 3559 842 3636 divinadill'ert3
859 3560 969 3621 sicerit
982 3563 1104 3640 eteius·
1194 3561 1461 3625 Monotlreleturnm
1493 3571 1626 3623 exortum
1658 3560 1795 3623 heresim
1812 3560 1904 3641 stoue
1963 3568 1964 3625 l

332 3654 404 3714 dem
416 3670 550 3732 persona
562 3651 692 3711 diversa.
706 3651 864 3710 Christum
874 3651 958 3712 enim
968 3653 1104 3731 qualem·
1193 3654 1464 3736 maternumque
1476 3651 1903 3736 &emunctoresproserunton
1963 3646 1964 3717 l

332 3761 465 3822 cumque
482 3741 609 3802 tandem
633 3741 679 3801 illi
704 3741 809 3801 animo
834 3741 1017 3820 describant,
1032 3762 1104 3806 vere

333 3853 398 3897 esse
412 3834 522 3909 Deum,
539 3832 696 3911 Scriptura
709 3837 848 3893 testatur.
872 3835 938 3894 Erit
948 3836 1050 3913 itaque
1065 3854 1104 3897 ex
1194 3839 1219 3899 l.
1234 3838 1295 3899 Sed
1306 3838 1373 3915 jem
1388 3840 1511 3917 tempus
1531 3841 1577 3898 est
1592 3843 1774 3898 sanctorum
1793 3838 1905 3898 Petrum

333 3927 458 3987 illorum
485 3924 642 4005 opinione,
670 3930 781 4004 quarta
810 3927 953 4005 quiedam
974 3946 1105 4007 persona
1153 3930 1230 3990 illud
1244 3930 1327 3990 idem
1339 3928 1413 3989 fidei
1432 3928 1632 4009 comprobare
1649 3928 1821 4001 decretum,
1836 3925 1905 4007 qnod
1963 3948 1964 4015 l

334 4016 513 4080 divinitatis.
1154 4021 1289 4082 diversas
1302 4021 1335 4080 in
1349 4020 1481 4093 Christo,
1496 4038 1553 4099 pro
1570 4026 1757 4082 naturarum
1776 4036 1903 4093 numero,
1963 4026 1964 4099 l

373 4111 528 4170 Prreterea
549 4107 687 4169 indidem
708 4107 766 4169 erit
784 4115 821 4169 vet
847 4110 979 4171 alterum
1000 4129 1107 4172 consc-
1155 4113 1348 4192 operationes
1374 4111 1523 4191 agnoscit,
1545 4112 1650 4172 itidem
1671 4118 1708 4172 ut
1733 4113 1903 4175 volunme.

335 4220 444 4283 quens,
459 4200 542 4280 quod
555 4200 735 4261 Anastasius
743 4199 876 4279 subjicit,
893 4220 1004 4263 verum
1018 4203 1107 4263 illum
1155 4204 1243 4278 Quod
1252 4210 1356 4264 tamen
1364 4203 1516 4282 posterius
1528 4222 1592 4265 non
1600 4222 1638 4264 ex
1644 4203 1782 4283 professo
1790 4206 1904 4282 agimus,
1963 4252 1964 4285 3

336 4296 434 4355 Deum
447 4293 554 4352 Jesum
570 4292 738 4365 Christum,
755 4310 817 4371 qua
831 4294 925 4353 homo
938 4294 1036 4355 factus
1049 4300 1104 4370 est,
1155 4297 1209 4358 sed
1223 4296 1323 4356 obiter
1336 4301 1473 4368 tantum,
1490 4296 1590 4356 sicubi
1603 4314 1675 4357 cum
1693 4295 1907 4375 operationibus
1963 4292 1964 4371 t

336 4404 394 4447 nec
407 4382 579 4455 onirnolcrn,
595 4401 653 4443 nec
672 4382 862 4457 rationalem,
879 4404 937 4445 nec
958 4386 1108 4448 intellectu
1155 4389 1351 4449 voluntatum
1378 4406 1501 4467 quoqne
1530 4387 1569 4448 ab
1601 4388 1781 4448 auctoribus
1807 4385 1907 4449 mentio

337 4495 402 4540 esse
413 4475 590 4556 praeditum,
601 4475 749 4553 qnoniam
761 4494 823 4535 una
833 4478 1012 4555 operatione
1022 4497 1108 4539 cons·
1156 4480 1359 4555 connectitur,
1370 4479 1515 4558 proprius
1527 4484 1631 4539 autem
1642 4480 1679 4540 de
1693 4479 1743 4539 his
1755 4476 1908 4541 disserendi
1963 4480 1964 4541 ὲ

336 4572 440 4644 tituta,
465 4566 577 4645 perimi
603 4567 780 4628 alterutrius
807 4573 929 4629 natirrae
949 4571 1107 4649 propriam
1155 4570 1241 4631 loeus
1255 4571 1346 4650 paulo
1360 4575 1429 4649 post
1443 4577 1600 4649 sequetur.
1615 4572 1652 4630 ln
1670 4571 1810 4650 utrisque
1828 4584 1907 4650 porro
1947 4576 1958 4616 t

337 4677 461 4726 neeesse
475 4664 530 4718 est.
545 4659 614 4719 Non
626 4664 726 4738 potest
739 4660 852 4720 antem'
861 4659 962 4737 perire
976 4661 1081 4723 divina
1098 4681 1104 4723 :
1156 4680 1195 4722 ex
1203 4669 1344 4723 veterum
1354 4662 1531 4722 testimonio
1544 4663 1803 4738 demonstrandis,
1813 4675 1908 4723 eorum
1926 4692 1960 4728 ..a

337 4756 432 4835 igitur
463 4750 600 4810 humana
630 4749 751 4810 tollitur
782 4769 799 4810 e
833 4751 951 4826 medic,
978 4752 1037 4813 hoc
1064 4760 1109 4815 est
1155 4755 1351 4834 potissimum
1365 4754 1531 4815 sententias
1542 4754 1724 4832 deligemus,
1740 4755 1796 4833 qui
1818 4753 1909 4814 lllcne

339 4848 466 4919 ἐνέργειαι,
475 4841 936 4921 etappctitionespartisanimae
947 4844 1108 4922 utriusque
1155 4845 1340 4906 theletarum
1354 4845 1489 4905 hmresin
1503 4851 1734 4906 antecesserunt
1748 4866 1756 4907 :
1772 4846 1833 4907 nisi
1844 4844 1909 4904 lorte
1926 4844 1936 4886 l

338 4931 486 5012 propriae3
503 4950 540 4991 ex
549 4949 611 5010 quo
625 4933 701 4993 illud
710 4934 838 4993 demum
849 4933 991 5008 efficitur,
1007 4940 1108 4995 totum
1156 4938 1251 4997 totius
1265 4955 1326 4997 vox
1341 4937 1485 4998 Ecclesiae
1503 4938 1537 4997 in
1559 4937 1696 4998 conciliis
1717 4954 1867 5017 expressa,
1884 4936 1910 4993 et

340 5022 561 5084 liscarnaticnis
574 5025 734 5101 negotium
749 5025 838 5100 nihil,
856 5031 969 5103 praeter
982 5026 1109 5087 inanem
1156 5029 1303 5090 adversus
1332 5028 1414 5089 lianc
1442 5028 1584 5089 haeresim
1617 5029 1728 5089 emissa
1761 5028 1907 5090 referetur.

340 5116 483 5195 speciem,
497 5119 527 5174 et
541 5114 709 5194 imaginem
722 5116 878 5177 habuisse.
1157 5122 1236 5181 Nam
1256 5120 1283 5180 si
1306 5120 1514 5181 recentiorum
1535 5120 1643 5183 oedem
1666 5121 1778 5181 haeresi
1799 5122 1909 5180 Petrum

380 5207 464 5269 Xlll.
487 5208 584 5267 Porro
598 5207 653 5287 qui
668 5226 776 5285 unam,
789 5209 905 5304 etduas
919 5211 1107 5286 voluntates,
1157 5213 1476 5292 dictapersequamur‚
1486 5212 1908 5293 supervacaneu,minimoque
1963 5236 1964 5295 p

367 5409 435 5456 lltb.
444 5409 482 5460 111,
496 5420 546 5466 cup.
555 5419 595 5456 uu
609 5415 631 5454 ct
640 5418 686 5465 seq.
