4076 6180
332 380 391 442 636
818 381 1142 445 THEOLOGICORUM
1163 380 1381 445 DOGMATUM

298 604 304 613 ,
330 544 399 606 bret
404 562 467 607 non
476 547 752 629 paenitentiaeque
758 549 879 611 iuriam
886 550 1101 629 Evangelioam
1150 549 1280 624 discant,
1293 555 1359 611 tam
1372 565 1572 611 eommnuem
1581 545 1726 607 omnibus
1739 544 1905 605 bominibus

331 643 481 718 pergenti,
498 641 529 701 id
542 642 625 719 quod
638 642 671 702 in
687 640 802 703 Psalmo
825 643 1014 719 continetur3
1027 643 1101 718 Qum
1150 643 1190 704 ab
1204 643 1321 704 Christo
1336 643 1478 715 salutem,
1494 640 1636 703 ueritum
1659 644 1808 700 aeternam
1827 637 1904 697 obla·

332 730 641 813 ntilr'tnsrnsnnpnine
655 753 725 809 uteo,
740 732 810 796 dunt
834 733 971 796 descendo
992 736 1023 797 in
1036 754 1100 796 ror·
1149 746 1214 798 tam
1228 734 1332 812 luisse,
1347 753 1443 815 quam
1469 741 1516 795 est
1540 733 1666 794 illorum
1692 729 1906 792 eommunisab

332 822 529 903 reprimente
547 825 721 904 Exprobrat
741 826 826 888 enim
840 827 991 906 superbis.
1008 832 1101 906 atque
1150 846 1187 889 eo
1200 835 1312 889 natura
1327 833 1477 907 suseepta.

332 914 580 991 maledictis,eur
594 918 671 979 nibil
686 919 719 980 in
734 924 926 980 sacramento
941 921 1102 999 sanguinis
1190 920 1228 981 X.
1252 920 1337 981 Huio
1345 937 1512 999 germanus
1526 924 1572 980 est
1585 917 1724 997 ejusdem
1748 914 1854 976 Hilarii
1864 915 1907 975 to-

332 1007 391 1083 sui,
407 1014 499 1087 atque
513 1013 621 1071 mortis
633 1011 777 1072 utilitatis
789 1030 854 1073 suae
864 1030 928 1073 osse
943 1012 1100 1074 existima·
1151 1030 1206 1072 eus
1232 1012 1310 1073 alter
1337 1014 1370 1074 in
1397 1011 1532 1073 seeundo
1559 1011 1640 1071 libro
1674 1008 1710 1069 de
1748 1006 1907 1068 Triarium:

332 1105 417 1175 runt,
430 1118 501 1162 oum
515 1103 566 1164 ille
578 1104 674 1164 nostri
691 1122 781 1165 eausa
792 1111 823 1166 et
843 1110 944 1182 uatus,
972 1108 1004 1165 et
1018 1119 1101 1166 mor·
1154 1106 1320 1166 «Humani
1334 1106 1419 1167 enim
1447 1105 1582 1184 generis,
1597 1102 1718 1181 inquit,
1746 1118 1835 1161 rausa
1860 1099 1909 1159 Dei

333 1200 404 1255 ¹¹¹11⁵
418 1194 467 1254 Sit·
484 1216 499 1252 r>
1150 1196 1232 1257 filius
1246 1203 1337 1258 natus
1360 1216 1400 1259 ex
1413 1197 1541 1276 Virgine
1554 1201 1612 1272 est,
1626 1200 1658 1256 et
1671 1192 1788 1273 Spiritu
1811 1197 1908 1252 saneto

375 1287 584 1367 Quisquamne
618 1291 668 1353 hie
701 1291 842 1352 haesitare
876 1296 986 1371 potest,
1025 1293 1102 1371 quin
1150 1290 1216 1369 ipso
1226 1290 1285 1351 sibi
1297 1291 1331 1350 iu
1343 1291 1403 1351 beo
1417 1288 1597 1370 operatione
1618 1286 1800 1360 famulante,
1815 1289 1844 1343 et
1859 1302 1910 1343 sua

334 1379 487 1439 Hilarium
502 1380 667 1444 Gallienum
692 1383 786 1444 deeris
810 1383 945 1445 eeclesiae
971 1384 1013 1443 ita
1035 1402 1103 1444 sen·
1150 1380 1293 1443 videlieet
1305 1384 1359 1444 Dei
1371 1381 1572 1444 inumbrante
1585 1379 1702 1440 virtute
1715 1376 1850 1456 eorporis
1857 1374 1910 1435 sibi

334 1470 408 1531 sisse
420 1471 563 1549 fruentur,
572 1474 876 1549 Christisuuguinem
886 1495 942 1554 pro
957 1475 1103 1536 omnibus
1151 1475 1238 1535 initia
1250 1476 1407 1551 consevit;
1422 1480 1454 1536 et
1467 1474 1594 1535 exordia
1613 1470 1715 1532 carnis
1727 1467 1868 1539 instituit,
1878 1472 1911 1527 ut

334 1560 513 1624 homiuibus
526 1565 661 1628 effusum
675 1568 767 1628 fuisse
779 1589 787 1641 3
801 1587 836 1628 ae
851 1567 900 1628 vel
922 1568 983 1628 illis
994 1569 1100 1640 etiam,
1151 1566 1245 1628 homo
1259 1567 1357 1629 faetus
1370 1586 1408 1628 ex
1421 1567 1549 1642 Virgine
1562 1570 1708 1624 naturam
1723 1562 1757 1621 in
1771 1578 1803 1621 se
1816 1558 1910 1619 earnis

336 1655 390 1732 qni
402 1655 538 1718 frustum
552 1677 590 1718 ex
600 1677 636 1719 eo
652 1661 773 1721 nullum
797 1666 905 1739 suapte
919 1660 1009 1737 eulpa
1021 1660 1101 1721 iere·
1151 1659 1314 1738 aoeiperet,
1331 1677 1448 1739 perque
1461 1659 1556 1737 hujus
1576 1652 1774 1717 admixtionis
1789 1652 1908 1711 societa-

336 1747 436 1807 runt?
446 1748 495 1809 Sia
509 1750 593 1811 enim
608 1752 700 1812 urbes
717 1754 778 1814 illae
793 1752 916 1814 Domini
940 1752 1103 1813 maledieto
1151 1756 1215 1811 tem
1231 1752 1456 1813 sanctificatum
1470 1751 1503 1810 iu
1518 1768 1554 1810 eo
1577 1747 1714 1808 imirersi
1726 1743 1849 1824 generis
1856 1742 1909 1803 bu·

336 1857 500 1918 pereussa,
516 1844 665 1915 utilitatis,
683 1864 778 1925 quam
792 1866 829 1906 ex
843 1864 879 1907 eo
894 1864 1003 1924 euporo
1017 1850 1102 1924 pote·
1152 1843 1236 1902 mani
1260 1862 1371 1924 eorpus
1393 1843 1538 1905 existeret
1560 1860 1568 1901 t
1594 1846 1630 1900 ut
1654 1834 1910 1918 quemadmodum

336 1937 417 2007 rant,
438 1939 545 2014 utpote
572 1937 683 2000 oblatae
711 1938 783 2011 sibi,
805 1938 944 2000 funditus
964 1945 1104 2017 expertes
1152 1952 1261 1996 omues
1274 1938 1308 1997 in
1322 1955 1354 1998 se
1366 1956 1421 2017 per
1434 1937 1478 2005 id,
1502 1933 1587 2014 quod
1604 1948 1785 2010 corporeum
1805 1946 1839 1988 se
1853 1944 1911 1987 esse

336 2022 473 2089 fuerunt·
1152 2020 1912 2104 voluit,conderentur;itnrursuminomuesipse

377 2118 431 2177 Est
442 2119 536 2180 etiam
550 2120 678 2182 illustris
688 2124 728 2184 ad
740 2124 821 2184 hane
831 2122 1013 2185 seutentiam
1025 2123 1102 2202 ejus
1152 2120 1264 2198 perid,
1281 2122 1364 2202 quod
1378 2122 1445 2200 ejus
1466 2125 1512 2180 est
1535 2116 1687 2178 invisibile
1706 2114 1881 2175 referretur.
1895 2134 1909 2169 s

336 2209 408 2269 dam
423 2211 671 2274 Hilariiloeusin
684 2215 764 2277 libro
777 2215 927 2296 primodo
942 2215 1099 2287 Trr'nr'tole,
1153 2212 1303 2275 Praeclara
1326 2233 1412 2290 sane,
1430 2219 1460 2274 et
1472 2231 1538 2273 nou
1561 2210 1666 2271 miuus
1688 2208 1806 2269 erudita
1825 2204 1911 2280 ratio,

337 2319 430 2380 quem
440 2304 514 2365 alibi
523 2306 721 2368 retulimus¹z
734 2308 925 2369 ubiJoannis
934 2309 986 2368 illa
995 2306 1100 2379 verba,
1153 2322 1247 2383 qnam
1257 2307 1297 2367 ad
1312 2307 1382 2382 hoe,
1398 2306 1479 2385 quod
1501 2303 1659 2376 volumus,
1674 2300 1847 2381 plurimum
1856 2296 1913 2357 effi·

337 2392 428 2456 Dedit
437 2404 606 2476 potestatem
624 2398 703 2475 filios
721 2399 779 2462 Dei
804 2400 883 2482 fiori,
900 2401 942 2461 sie
956 2401 1104 2478 interpre-
1153 2414 1220 2458 eux.
1243 2399 1404 2478 Siquidem
1422 2398 1477 2458 liei
1499 2396 1582 2458 tilius
1606 2412 1702 2455 urnam
1724 2392 1872 2469 aliquam,
1886 2394 1914 2449 et

337 2488 432 2561 tatrrr,
448 2493 483 2548 ut
498 2489 642 2551 omnibus
656 2491 814 2570 diguitatis
828 2493 922 2569 illius,
938 2512 974 2553 ae
986 2510 1104 2572 preera-
1153 2490 1339 2565 singularem
1354 2495 1498 2551 naturam
1511 2487 1648 2551 bominis
1659 2485 1833 2564 adjungens
1849 2481 1911 2557 sibi,

337 2579 448 2655 getium
463 2583 687 2661 consequendae
710 2585 830 2664 copiam
851 2586 973 2660 irruerit,
994 2583 1028 2644 ut
1041 2585 1104 2644 sint
1153 2589 1255 2644 totum
1269 2582 1683 2663 quodammodohumanum
1691 2574 1912 2656 geurrsaseirit.

337 2669 394 2730 filii
416 2673 482 2750 Dei,
498 2692 533 2735 ae
555 2692 611 2754 per
635 2675 704 2737 illos
731 2682 799 2750 stet,
821 2696 883 2757 quo
907 2677 1012 2738 miuus
1035 2694 1104 2736 eam
1153 2675 1242 2749 Quod
1253 2694 1290 2737 eo
1303 2675 1408 2737 lenisse
1422 2675 1744 2754 aplerisquoreternm
1753 2667 1914 2741 dieitur,ut

338 2762 567 2842 adipiscuntur:
586 2789 598 2825 ι
614 2768 687 2846 quia
701 2769 858 2848 proposito
886 2768 1036 2830 uniuersis
1050 2768 1104 2829 Dei
1153 2774 1249 2829 totam
1286 2768 1379 2829 veluti
1415 2784 1572 2842 massam,
1607 2770 1638 2826 et
1670 2758 1914 2839 conspersionem

339 2871 481 2932 mernere,
505 2876 569 2919 uou
593 2865 703 2921 natura
723 2862 918 2940 gignentium
946 2861 1102 2934 offeratur,
1153 2849 1913 2940 Adnmiposterornmvitioparentisintentamsui,

340 2948 392 3008 sed
406 2949 549 3011 voluntas
576 2953 739 3031 praemium
766 2965 983 3034 consequatur.
997 2975 1009 3011 r
1028 2953 1104 3013 Vide
1153 2971 1189 3013 ae
1201 2955 1328 3033 priuatis
1342 2955 1490 3033 cujusquo
1503 2949 1631 3012 maculis
1653 2951 1833 3027 corruptam
1846 2961 1914 3023 pur·

340 3057 410 3118 quaa
433 3040 531 3121 eapite
555 3044 609 3105 illo
623 3052 734 3124 quarto
759 3045 829 3106 libri
853 3048 928 3107 noni
952 3046 991 3106 ad
1009 3047 1102 3105 istum
1153 3053 1251 3125 garet,
1264 3052 1417 3126 qnantum
1430 3046 1463 3106 in
1484 3062 1516 3105 se
1538 3048 1620 3116 erut,
1636 3060 1673 3101 ae
1690 3038 1863 3101 deieraret.
1877 3036 1915 3096 [n

338 3130 442 3194 laeum
467 3136 596 3197 Jonnnis
622 3138 840 3199 adnotavimus
870 3158 877 3198 :
908 3138 987 3199 Hine
1021 3137 1104 3199 enim
1154 3157 1216 3218 qno
1231 3139 1381 3219 videquae
1401 3137 1434 3198 iu
1460 3135 1594 3197 seeundo
1612 3133 1690 3193 libro
1703 3130 1794 3208 liujus
1820 3125 1915 3208 operis

338 3227 498 3306 perspicue
521 3235 652 3307 constat,
667 3249 730 3307 eos,
756 3232 810 3310 qui
824 3232 863 3292 ab
886 3232 945 3293 hao
958 3231 1106 3293 excidunt
1154 3229 1313 3293 diximus.
1329 3232 1428 3309 Igitur
1442 3229 1554 3292 Christi
1569 3223 1785 3304 redemptioad
1798 3236 1914 3299 omues.

300 3348 302 3352 >
342 3316 475 3381 liliorum
486 3321 540 3382 Dei
550 3322 767 3402 amplitudine,
782 3324 869 3387 illam
883 3324 942 3387 sibi
955 3323 1103 3398 oblatam,
1154 3330 1305 3404 quantum
1327 3325 1396 3386 fieri
1422 3320 1535 3403 potuit,
1559 3318 1714 3400 pertinere
1735 3315 1828 3377 debet
1850 3333 1858 3373 :
1884 3316 1916 3372 ut

340 3408 553 3493 iflsseiiflmqssss
567 3414 756 3495 rtpttdisssse·
1155 3417 1420 3498 quemadmodum
1431 3415 1572 3475 bumana
1585 3418 1698 3472 natura
1710 3409 1754 3470 ita
1774 3423 1914 3468 eommu-

380 3504 467 3577 Quod
499 3507 624 3588 insuper
651 3508 685 3568 iu
707 3510 929 3571 commentario
957 3510 997 3572 od
1020 3511 1107 3573 Psol·
1155 3511 1204 3571 nis
1219 3516 1264 3570 est
1283 3527 1357 3571 oum
1379 3507 1535 3581 omuibus,
1549 3510 1582 3566 et
1602 3502 1730 3578 siugulis
1741 3498 1916 3563 bominibus

339 3615 420 3657 mom
433 3615 459 3659 rr
473 3600 629 3662 uberrime
642 3601 726 3662 idem
746 3603 880 3663 Hilarius
895 3603 1050 3684 explanat,
1065 3605 1105 3667 ad
1155 3603 1188 3664 in
1201 3603 1331 3676 Christe,
1346 3601 1393 3662 uti
1406 3617 1500 3662 nemo
1509 3597 1549 3658 ab
1563 3593 1718 3659 eonsortio
1729 3592 1812 3655 illius
1823 3589 1917 3671 expri-

339 3688 392 3751 illa
404 3691 510 3770 verba,
524 3693 688 3774 Propterea
702 3693 780 3756 Deru
786 3694 913 3757 destruet
922 3705 949 3758 te
962 3697 993 3757 in
1002 3697 1102 3778 finem,
1155 3701 1260 3757 matur
1276 3715 1284 3755 ι
1301 3694 1344 3755 sie
1364 3693 1510 3754 diuinitas
1522 3690 1601 3771 ipsa,
1626 3692 1657 3749 et
1670 3705 1710 3748 ex
1730 3704 1767 3747 ea
1784 3684 1915 3745 derivata

340 3782 530 3861 nualtellam
545 3787 706 3866 emiprubit
726 3786 802 3848 tede
816 3788 1004 3850 tabernaculo
1018 3798 1068 3851 teo
1080 3789 1102 3852 ⁸.
1155 3789 1298 3850 sanctitas
1312 3804 1384 3848 oum
1399 3784 1543 3846 omnibus
1555 3780 1799 3845 communiretur
1812 3790 1916 3855 eoquo

341 3876 418 3944 Qum
432 3877 557 3957 quidem
570 3879 610 3940 ad
623 3880 816 3942 vocatiouem
829 3880 968 3942 fidelium
982 3875 1105 3944 areom-
1156 3879 1379 3943 eommunieari
1402 3877 1502 3938 rolirit
1522 3894 1558 3936 ao
1583 3871 1691 3935 debuit
1710 3869 1803 3932 modo
1819 3888 1829 3930 ι
1844 3867 1916 3946 ejus

339 3969 454 4047 modat,
471 3988 533 4050 qua
545 3972 608 4034 rita
622 3973 659 4033 iis
673 3978 789 4035 aeterna
808 3980 1060 4055 repraesentatur,
1076 3983 1107 4038 et
1156 3973 1241 4036 modi
1266 3972 1427 4038 nimirum,
1447 3975 1483 4029 ut
1509 3986 1566 4048 pro
1591 3971 1673 4028 nerto
1702 3963 1862 4042 cujusque,
1885 3974 1917 4018 ae

338 4062 442 4124 salus:
459 4082 477 4124 a
494 4082 555 4143 qua
578 4065 736 4127 voluntate
756 4085 822 4138 sua,
849 4067 1001 4147 culpaque
1024 4069 1105 4131 deoi-
1156 4067 1266 4142 libero,
1279 4071 1315 4127 ut
1328 4065 1362 4125 in
1381 4061 1506 4137 adultis,
1528 4058 1657 4121 arbitrio
1677 4055 1846 4118 voluntatis
1865 4068 1916 4113 ex·

339 4153 427 4218 dunt.
447 4156 535 4230 «Qui
557 4158 642 4218 enim
666 4176 730 4219 nou
755 4159 902 4236 mauebit,
924 4161 1106 4239 iuquit·,1n
1156 4167 1255 4240 nepta,
1270 4162 1411 4219 manaret
1422 4156 1455 4216 in
1469 4155 1642 4228 universos,
1654 4158 1686 4212 et
1697 4164 1809 4211 essese
1824 4142 1916 4207 nemi·

341 4246 473 4322 Christe,
490 4249 579 4325 regni
601 4250 716 4312 Christi
746 4251 848 4313 incola
865 4271 930 4313 unu
953 4253 1021 4314 erit.
1038 4255 1107 4315 Non
1156 4271 1229 4315 nem
1257 4250 1465 4313 excluderet:
1495 4265 1561 4308 nou
1590 4251 1695 4306 tumen
1722 4241 1842 4313 inritis,
1869 4242 1917 4299 aut

340 4340 399 4401 erit
412 4346 527 4414 autom,
540 4343 697 4422 nonquod
710 4344 768 4405 sibi
791 4363 854 4406 non
875 4346 1008 4425 patuerit
1023 4347 1106 4407 inoe-
1157 4345 1336 4408 nenessitate
1361 4339 1528 4421 compulsis
1549 4359 1556 4400 :
1584 4337 1637 4399 sod
1662 4354 1721 4417 ope
1743 4334 1871 4411 gmtim,
1891 4335 1918 4391 et

340 4430 422 4495 latus
435 4433 596 4516 (universis
610 4435 694 4497 euim
718 4440 815 4516 putet,
832 4444 868 4499 ut
879 4443 1035 4499 consortes
1047 4438 1109 4500 sint
1158 4438 1319 4501 efficientia
1333 4435 1469 4509 mutatis,
1484 4439 1515 4494 et
1523 4429 1701 4492 volentibus
1709 4426 1881 4492 obvenire.

341 4527 481 4606 eorporis
494 4528 559 4598 Dei,
577 4536 668 4608 atque
682 4530 786 4606 regni3
803 4532 876 4610 quin
890 4530 1027 4593 Verbum
1037 4549 1108 4595 earo
1199 4529 1337 4610 Denique
1351 4528 1385 4589 iu
1399 4526 1480 4589 eolee
1492 4523 1564 4585 libri
1577 4521 1717 4603 ejusdem
1734 4515 1918 4591 seouudi‚ita

341 4616 458 4681 tartum
485 4625 540 4696 est,
564 4627 595 4682 et
618 4620 769 4682 habitavit
788 4622 821 4684 iu
845 4622 946 4697 uobis,
963 4631 1107 4686 naturam
1159 4621 1264 4687 seribit
1291 4620 1437 4695 Hilarius,
1467 4617 1616 4680 ubtunus
1640 4619 1756 4681 autem.
1785 4609 1868 4691 quod
1887 4606 1918 4667 ia

342 4709 456 4774 seilicet
467 4711 645 4774 insetotius
656 4713 786 4776 hermani
805 4716 927 4795 generis
936 4713 1105 4798 assumens)
1159 4715 1278 4779 Christo
1302 4718 1359 4789 est,
1374 4729 1468 4774 omue
1487 4708 1634 4772 omnibus
1653 4710 1737 4788 patet
1754 4719 1855 4766 tinum
1868 4702 1917 4762 :et

343 4802 398 4865 sed
411 4806 623 4885 unusquisque
637 4825 693 4887 pro
707 4807 818 4870 merito
827 4812 859 4869 et
870 4808 1065 4871 evellendum
1076 4827 1108 4871 se
1158 4808 1242 4889 quod
1255 4806 1371 4886 ubique
1386 4822 1452 4866 non
1472 4800 1738 4876 demutationum
1759 4796 1859 4869 datur,
1872 4792 1916 4853 iu·

344 4894 383 4960 de
394 4897 601 4967 tabernaculo,
618 4904 651 4961 et
672 4900 890 4964 eradicandum
910 4902 947 4962 de
974 4909 1055 4964 terra
1067 4901 1111 4965 vi·
1159 4907 1313 4982 quantum
1326 4898 1396 4979 quis
1410 4895 1492 4960 volet
1513 4911 1661 4958 sumere:
1678 4891 1836 4953 intantum
1848 4884 1915 4949 resi·

344 4989 487 5052 rentium
514 4991 651 5072 prabet,
678 5010 742 5054 nou
767 4992 942 5073 prohibitus
970 5012 1109 5075 unquam
1160 4995 1222 5068 det,
1237 4993 1423 5073 inquantum
1432 4989 1503 5070 quis
1514 4987 1598 5049 nolet
1610 4982 1821 5067 promereri.»

344 5079 455 5160 inesse,
471 5083 526 5163 qni
538 5101 594 5165 per
609 5090 729 5149 naturas
753 5088 996 5167 assumptionem
1007 5087 1109 5152 ineola
1199 5087 1255 5152 Xl.
1279 5084 1396 5149 Hilario
1412 5081 1554 5146 suotedet
1575 5076 1768 5149 Ambrosius,
1792 5074 1845 5158 qui
1865 5085 1916 5133 nst

345 5173 384 5237 tit
403 5182 553 5258 receptus.
581 5176 641 5241 Sed
669 5179 841 5241 eradicatur
864 5178 903 5240 ob
924 5178 1110 5243 infidelitatis
1160 5180 1226 5263 ipso
1254 5176 1470 5261 pertuuotiorie
1498 5179 1591 5237 tantm
1618 5172 1663 5235 rei
1697 5172 1916 5234 sacramentum

346 5268 474 5346 eumen,
490 5274 609 5333 tranum
622 5271 775 5334 eousortio
786 5271 933 5351 indignus
947 5271 1111 5335 aristeus.»¹
1161 5270 1262 5352 attigit
1278 5290 1284 5333 :
1299 5270 1352 5335 sed
1367 5269 1491 5345 crebris,
1505 5267 1667 5351 plenisque
1689 5260 1846 5327 senentis
1860 5257 1915 5321 ne

344 5360 621 5444 Erigitentauhaeo
632 5364 705 5427 novi
721 5364 924 5447 dogmatistas,
935 5369 966 5428 et
974 5364 1112 5429 indidem
1162 5363 1333 5446 quentarit.
1344 5363 1392 5427 lix
1401 5363 1439 5426 iis
1452 5358 1617 5426 nonnullus
1628 5355 1679 5421 hio
1692 5354 1869 5421 exscribam.
1882 5350 1915 5413 In

373 5566 384 5611 t
399 5566 435 5615 l‘s.
449 5578 508 5615 run
520 5589 543 5605 -
559 5567 574 5614 t
589 5570 660 5628 Supra
672 5568 709 5617 ur.
720 5569 756 5623 tx,
765 5581 816 5627 rap.
827 5582 857 5624 n,
872 5580 957 5628 paragr.
969 5569 1101 5619 rs-em
1113 5582 1144 5626 rr,
1153 5582 1199 5624 ser,
1208 5571 1231 5617 t,
1242 5591 1268 5607 -
1278 5570 1293 5616 t
1305 5568 1375 5616 tiitar.
1384 5570 1410 5615 tn
1419 5568 1457 5616 Po.
1464 5578 1503 5614 ιιι,
1515 5586 1541 5603 ··
1553 5562 1628 5621 ⁸⁰¹9·
1637 5572 1688 5619 nn,
1696 5561 1765 5620 nuel
1777 5568 1798 5606 α
1806 5567 1852 5615 11·
