3936 6146
311 272 372 335 att
820 274 1147 338 sanctonicensis
1165 275 1385 340 DOGMATUM

310 439 408 516 derat,
423 441 672 517 incarnationem
685 459 765 522 opus
777 460 842 504 esse
853 442 967 504 divinae
985 441 1080 501 solius
1130 442 1212 503 ritus
1225 444 1379 523 significas
1391 453 1413 505 ⁰.
1428 462 1445 503 a
1459 444 1611 506 Sicctiam
1626 443 1778 504 Maximus
1791 444 1887 500 contra

311 531 490 609 voluntatis,
509 540 634 613 gratum
661 535 694 596 id
721 534 856 597 habente
876 536 986 595 Patre:
1002 533 1079 594 Filio
1129 533 1287 611 Pyrrhum
1299 536 1458 615 disputans
1471 535 1494 612 ⁸,
1509 554 1547 598 ex
1561 554 1610 608 eo,
1624 535 1708 615 quod
1725 530 1888 593 deificatam

312 643 385 686 vera
399 643 497 704 perse
511 633 669 705 operante,
684 632 715 689 et
724 626 1033 707 cooperanteSpiritu
1045 627 1077 687 S.
1130 643 1194 687 esse
1207 627 1399 690 voluntatem
1413 629 1583 689 humanam
1601 628 1707 689 scribit
1720 623 1887 702 Gregorius,

313 723 490 779 nonantam
505 720 636 780 carnalis
648 737 713 781 esse
726 719 883 791 motionis,
898 737 956 779 nec
967 719 1079 779 huma·
1130 718 1207 779 duas
1220 737 1285 781 esse
1312 721 1517 797 demonstrat,
1538 718 1801 799 quemadmodum
1827 734 1890 778 cam

314 826 427 870 narum
439 811 671 888 cogitationum,
686 813 749 872 sive
768 830 807 874 ex
830 811 946 889 nuptiis
966 810 1082 891 prolec-
1130 810 1270 888 dicimus,
1287 812 1421 890 ignitum
1435 831 1500 874 esse
1517 812 1644 883 ferrum,
1671 811 1732 871 duo
1757 812 1892 888 inlelligi-

312 907 406 962 tumr.
421 922 437 960 ο
455 902 605 976 Quocirca
613 922 677 963 non
687 904 763 965 dicit
776 904 962 964 Athanasius
973 903 1082 963 voluu-
1131 922 1211 978 mus,
1228 906 1333 984 ignem
1347 906 1514 967 etierrum.
1530 905 1646 966 Deinde
1657 925 1673 961 e
1686 904 1712 964 si
1732 905 1892 965 volrrntstis

312 998 409 1055 tatem
422 993 520 1070 illam,
535 1013 606 1074 que
619 996 654 1057 in
667 995 786 1056 Christo
801 996 925 1071 exstitit,
942 996 1080 1056 divinam
1131 997 1284 1058 deificatio
1320 996 1533 1059 voluntatibus
1574 996 1696 1057 duabus
1733 1002 1890 1075 repugnat,

311 1086 654 1148 tantummodotuisse:
670 1088 724 1149 sed
749 1086 934 1149 efficientem
956 1105 1081 1148 causam
1132 1088 1225 1149 etiam
1242 1094 1363 1149 naturae
1382 1088 1547 1165 deificatio,
1577 1089 1698 1149 naturis
1708 1085 1829 1147 duabus
1844 1089 1892 1148 ad·

312 1177 535 1240 incarnationis
549 1198 614 1239 non
628 1180 722 1241 aliam
739 1180 902 1257 exstitisse,
918 1199 1012 1260 qnam
1027 1182 1082 1242 Dei
1131 1180 1375 1256 versabituri,a
1403 1181 1486 1260 quod
1518 1179 1735 1242 Monotheletee
1772 1179 1892 1240 minime

311 1271 573 1332 voluntatamzeo
583 1272 666 1351 quod
676 1272 781 1332 divina
793 1272 859 1351 ipsa
867 1279 978 1334 natura
989 1274 1081 1335 Verbi
1130 1271 1317 1349 fatebantur,
1333 1274 1387 1352 qui
1398 1280 1525 1334 naturas
1536 1273 1614 1333 duas
1638 1273 1670 1333 ia
1694 1272 1816 1332 Christo
1836 1288 1892 1332 ma·

313 1381 370 1441 per
388 1380 454 1425 sese
470 1362 604 1424 formam
618 1364 678 1424 sibi
691 1364 827 1425 hominis
840 1382 878 1425 ex
892 1372 990 1427 matre
1005 1385 1081 1446 pro·
1131 1385 1206 1428 nere
1233 1367 1369 1445 integras
1395 1366 1557 1445 putabant,
1599 1365 1653 1425 sed
1680 1368 1712 1424 et
1737 1364 1893 1440 Gregorius

313 1460 448 1517 creatam
467 1456 596 1535 Vlrgine
619 1457 785 1536 copulavit.
813 1460 857 1518 Ex
879 1477 941 1537 qno
965 1458 1082 1521 tactum
1130 1459 1225 1530 idem,
1242 1457 1356 1536 aliique
1370 1458 1475 1519 Patres
1489 1474 1561 1518 cum
1575 1457 1614 1517 de
1634 1456 1755 1517 natiuis
1769 1455 1892 1534 idipsam

313 1553 368 1623 est,
395 1554 430 1609 ut
455 1549 605 1628 quidquid
628 1569 666 1611 ex
692 1551 808 1611 ddamo
843 1553 1026 1632 corruptelae
1047 1554 1082 1614 in
1132 1550 1472 1624 sentirent,humanam
1486 1546 1889 1609 deificatamessedixeruat:

313 1641 485 1701 humanam
499 1648 643 1703 naturam
655 1649 686 1703 et
698 1643 931 1722 generationem
947 1646 1079 1718 transiit,
1132 1649 1168 1703 ut
1180 1642 1213 1702 iu
1234 1648 1344 1720 quarto
1356 1640 1436 1701 libro
1450 1641 1514 1700 dixi
1524 1638 1546 1702 ⁸.

314 1732 424 1813 procul
448 1732 582 1793 abluerit
606 1752 626 1794 a
652 1734 787 1807 Christo;
810 1736 984 1813 cujusmodi
1010 1744 1084 1798 sunt
1173 1735 1226 1795 lV.
1250 1734 1450 1794 proferebant
1475 1739 1507 1793 et
1530 1732 1627 1794 iidem
1654 1730 1892 1794 heretiai⁸hm
1909 1740 1960 1786 rut

315 1843 393 1905 quas
417 1825 553 1886 carnales
576 1832 666 1886 vocat
698 1826 907 1905 cogitationes,
941 1830 999 1890 hoe
1039 1837 1084 1891 est
1132 1826 1227 1887 brosii
1254 1826 1439 1887 sententiam
1462 1843 1500 1885 ex
1520 1823 1601 1885 libro
1619 1825 1757 1885 mcuado
1778 1823 1814 1885 de
1830 1822 1890 1904 fide,
1947 1792 1960 1837 ¹

317 1917 570 1996 concupiscentias
592 1919 756 1991 motiones,
772 1938 841 1997 quae
855 1926 929 1980 sunt
950 1922 1083 1998 fomites,
1133 1919 1232 1997 eapite
1257 1919 1359 1990 tertio,
1382 1935 1452 1996 quae
1465 1922 1511 1977 est
1537 1914 1736 1997 hujusmodi:
1764 1916 1892 1995 Eousqm

318 2015 350 2070 et
374 2010 565 2071 irritamenta
590 2012 714 2090 peccati.
744 2013 817 2072 Haec
844 2014 927 2073 enim
953 2033 1025 2074 cum
1051 2014 1085 2075 in
1134 2016 1240 2071 autem
1274 2007 1466 2085 hominemi,
1503 2026 1598 2087 quem
1638 2008 1769 2069 veritate
1802 2025 1895 2087 corpe

318 2103 420 2182 prima
429 2102 561 2163 humaui
578 2103 701 2180 generis
712 2104 904 2166 institutione
918 2107 1004 2167 nulla
1020 2106 1085 2167 lue·
1136 2103 1178 2164 ris
1216 2101 1470 2176 demonstrabat,
1508 2101 1651 2180 aequabat
1688 2100 1828 2176 affectu,
1866 2104 1895 2158 ut

318 2195 383 2257 rint
393 2196 536 2271 omuin03
558 2196 665 2257 neciis
678 2196 809 2257 infectus
823 2199 907 2275 prior
924 2199 963 2260 sit
977 2200 1085 2260 Ademi
1137 2196 1253 2256 diceret
1266 2216 1272 2256 :
1287 2194 1341 2254 sed
1360 2200 1465 2253 tamen
1489 2211 1549 2253 narr
1570 2192 1647 2252 sient
1671 2210 1725 2270 eqo
1752 2192 1829 2263 oola,
1856 2188 1897 2250 aad

320 2293 434 2362 status;
456 2287 555 2349 multo
580 2289 684 2349 minus
710 2290 818 2350 iisdem
831 2289 923 2351 irrerit
935 2291 1087 2352 obnoxius
1138 2288 1213 2348 n'eat
1227 2293 1260 2347 tn
1284 2288 1347 2347 oa'c:
1366 2303 1438 2346 cnm
1456 2285 1564 2363 utique
1582 2284 1723 2345 similiter
1745 2285 1787 2344 sit
1800 2282 1896 2344 Christi

321 2379 469 2441 Christus:
491 2380 614 2457 «Cujus
636 2379 668 2439 in
686 2380 875 2458 singularem
894 2384 1087 2444 nativitatem
1140 2381 1217 2441 velle
1247 2380 1329 2458 quod
1359 2377 1449 2438 Pater
1474 2377 1551 2449 vult,
1575 2376 1663 2454 eujus
1699 2376 1840 2436 similiter
1859 2380 1898 2434 est

321 2470 450 2532 nihilde
465 2472 567 2532 carnis
585 2471 832 2550 eoncupiscentia
844 2475 995 2550 transivit,
1010 2474 1088 2537 nihil
1139 2470 1343 2551 decerequod
1370 2471 1460 2530 Pater
1484 2468 1566 2530 lacit.
1592 2490 1607 2525 ν
1635 2469 1756 2528 Verum
1790 2465 1897 2527 ridiculi

322 2565 360 2624 de
374 2564 489 2642 peccati
503 2564 570 2642 lege
584 2564 731 2637 manavit,
747 2585 762 2621 ν
781 2571 816 2624 ut
833 2566 876 2625 ait
889 2567 920 2626 S.
937 2567 1033 2628 Leo¹.
1140 2570 1239 2639 erant,
1270 2564 1330 2623 hoc
1352 2561 1513 2622 abutentes
1538 2558 1689 2621 Ambrosii
1721 2557 1895 2619 testimonia

363 2656 417 2717 Ill.
451 2655 598 2734 Sequitur
618 2655 758 2733 Gregorii
783 2658 964 2719 Nazianzcni
990 2658 1087 2737 loeus,
1140 2660 1218 2718 Nam
1232 2665 1262 2718 et
1276 2655 1388 2715 diserte
1408 2653 1533 2721 Christi,
1550 2671 1610 2731 qua
1624 2649 1897 2723 homoest,atiectu

323 2767 385 2829 quo
416 2756 448 2811 et
487 2749 612 2810 Macarii
663 2749 878 2810 Monotbeletae
921 2751 1090 2831 discipulus
1139 2750 1216 2825 solo,
1245 2766 1309 2808 nou
1328 2751 1440 2806 natura
1463 2745 1605 2805 eamdem
1625 2761 1690 2804 esse
1715 2761 1790 2803 cum
1807 2741 1899 2802 deins

323 2841 497 2921 Stephanus
537 2841 570 2901 in
593 2842 712 2921 synodo
746 2842 869 2919 sextn’,
895 2848 926 2903 ct
954 2845 1091 2923 Pyrrhus
1138 2842 1331 2902 voluntatem
1354 2842 1519 2911 asseverat,
1541 2837 1602 2896 hoc
1622 2841 1668 2896 est
1681 2835 1860 2896 concordem
1873 2838 1899 2892 et

321 2936 461 3012 ejusdem
492 2939 584 2995 secter
612 2933 653 2994 ad
680 2933 874 3012 probandam
901 2934 1091 3014 singularem
1140 2933 1394 3001 consentientem,
1423 2930 1513 2990 etin
1532 2933 1597 2989 toto
1613 2926 1667 2988 illo
1691 2927 1791 3006 capite
1814 2924 1899 2986 multa
1959 2942 1960 2969 ³

321 3028 431 3091 Christi
458 3027 652 3087 valrmtatem
678 3025 766 3086 abusi
778 3034 853 3086 sunt
862 3023 885 3099 ⁸,
901 3045 939 3086 ex
952 3030 1091 3090 aratione
1140 3025 1257 3088 addidit
1270 3024 1341 3097 alia,
1356 3021 1469 3100 quihus
1477 3021 1648 3080 humanam
1661 3038 1680 3079 a
1694 3018 1799 3078 divina
1811 3015 1899 3078 mani·

321 3120 456 3182 secunda
469 3118 505 3180 de
523 3118 623 3178 Filio:
639 3118 673 3178 in
685 3137 749 3196 qua
758 3119 911 3179 sententia
922 3119 973 3179 illa
993 3121 1090 3181 eonti-
1141 3120 1216 3181 iestc
1239 3111 1418 3181 discernit⁸,
1444 3130 1514 3192 quae
1534 3111 1572 3172 ab
1601 3111 1755 3172 hereticis
1772 3108 1900 3169 dissimu-

320 3219 531 3291 netur,qnam
554 3228 650 3287 supra
672 3209 846 3284 retulimus,
866 3211 1090 3274 «Voluntatem
1141 3213 1204 3272 lata
1221 3209 1317 3270 fuisse
1331 3211 1505 3286 queruntur
1520 3203 1669 3265 Catholici
1700 3203 1734 3262 in
1757 3207 1841 3262 sexta
1860 3218 1900 3277 sy·

322 3304 437 3366 Christi
464 3321 529 3363 non
552 3301 647 3363 luisse
673 3302 859 3363 contrariam
882 3304 955 3376 lieo,
984 3310 1091 3383 utpote
1142 3302 1236 3363 nodo.

319 3403 417 3459 totam
431 3393 634 3457 deificatami.
656 3414 672 3452 a
702 3394 780 3455 Hinc
802 3394 886 3455 eninr
905 3396 992 3475 sequi
1005 3403 1093 3476 puta-
1182 3392 1329 3472 Ejusdem
1351 3389 1473 3469 generis
1487 3394 1543 3461 est,
1559 3387 1642 3467 quod
1669 3386 1825 3465 aliquanto
1843 3387 1900 3460 post

320 3489 405 3563 baut,
421 3490 594 3550 humanam
613 3487 648 3546 in
662 3486 783 3547 Christo
801 3486 921 3547 nullam
934 3504 1092 3567 superesse
1142 3487 1194 3548 illa
1207 3485 1302 3546 verba
1314 3481 1436 3561 subjicit
1449 3476 1661 3555 Ambrosius⁰,
1686 3476 1799 3539 canni
1814 3473 1900 3536 οοίιιο

320 3583 527 3655 voluntatem,
549 3598 620 3658 qua
634 3579 668 3639 in
682 3580 822 3640 divinam
842 3583 907 3639 tota
920 3581 1090 3642 transisset.
1144 3587 1187 3639 tas
1200 3575 1372 3655 eademqne
1386 3577 1515 3653 patema
1531 3577 1584 3631 cst.
1605 3572 1672 3630 Hoc
1691 3571 1775 3629 enim
1788 3567 1825 3628 ad
1837 3582 1899 3626 con·

322 3674 382 3735 Sed
395 3672 490 3733 futilis
504 3677 550 3732 est
568 3672 626 3731 ista
647 3671 857 3732 ratiocinatio:
883 3675 1094 3751 rectequeBa-
1142 3671 1281 3732 cordiam
1298 3666 1402 3728 reiert.
1429 3664 1490 3725 Sed
1517 3670 1549 3725 et
1570 3662 1712 3743 proxime
1732 3666 1810 3741 post,
1836 3655 1900 3719 Αίιίι
1958 3702 1959 3719 2

321 3765 407 3825 silius
446 3764 607 3843 episcopus
642 3767 800 3843 Gortyna,
841 3764 969 3843 ancipiti
1004 3784 1094 3844 argu·
1143 3761 1279 3824 voluntas
1302 3755 1586 3832 dominic,ait,alai1
1607 3753 1677 3829 Dei,
1704 3753 1807 3814 ethoc
1817 3747 1899 3810 moda
1958 3742 1959 3759 ¹

322 3861 428 3918 meato
441 3856 484 3916 ita
498 3854 681 3933 constringit
695 3855 870 3917 hominem:
884 3881 898 3910 ι
912 3874 1092 3936 quamnam,
1143 3870 1283 3936 pugnam
1321 3849 1419 3914 illam.
1457 3865 1529 3927 ques
1569 3847 1606 3907 in
1631 3845 1744 3906 Christi
1775 3840 1899 3904 cranone

321 3949 433 4027 inquit,
454 3947 647 4009 voluntatem
676 3947 763 4021 dicis,
789 3966 856 4026 que
881 3948 1021 4009 deificata
1041 3950 1092 4024 sit,
1144 3946 1315 4026 significata
1338 3943 1472 4013 videtur,
1497 3945 1563 3999 tam
1594 3942 1790 4009 naturarum,
1816 3947 1899 4013 quem

322 4042 470 4113 divinam,
500 4059 541 4101 aa
565 4038 756 4100 humanam?
783 4040 816 4100 Si
843 4039 927 4100 enim
955 4041 1095 4102 divinam
1143 4040 1341 4100 voluntatum
1355 4030 1713 4094 distinctioneconciliat.

323 4134 448 4206 dixeris,
475 4133 559 4214 qnod
586 4131 728 4193 ditinum
748 4137 804 4201 est,
819 4131 1011 4193 deificatione
1031 4151 1096 4194 non
1186 4132 1238 4190 Est
1250 4131 1343 4190 etiem
1362 4126 1445 4206 apud
1458 4123 1669 4203 augustinum
1689 4122 1776 4182 locus
1786 4115 1899 4197 quium

323 4231 401 4305 eget.
421 4226 476 4286 Sin
490 4226 662 4285 humanam
677 4225 838 4303 perspicue
848 4224 902 4283 illa
913 4225 990 4302 lpsa,
999 4243 1094 4304 quam
1144 4224 1211 4303 ipsa
1223 4221 1392 4283 verborum
1405 4218 1505 4297 specie
1519 4213 1747 4276 nondissimilis
1756 4211 1789 4271 ¹⁰.
1801 4232 1815 4267 a
1827 4208 1898 4281 Quo

324 4318 444 4401 profers
469 4317 632 4394 sententia,
655 4316 731 4377 duas
757 4315 943 4393 voluntates,
965 4318 1015 4379 vel
1047 4319 1095 4379 in·
1147 4315 1250 4392 modo,
1279 4313 1391 4392 inquit,
1421 4310 1602 4391 complexus
1628 4313 1675 4369 est
1702 4304 1846 4367 Dominus
1867 4313 1900 4357 ex

363 4535 384 4575 a
402 4519 795 4589 Minaanapecmryr.
812 4523 879 4572 tom.
894 4518 1095 4575 vittantur.
1182 4514 1345 4571 blisenna.
1375 4515 1445 4567 orat.
1476 4524 1567 4566 xxxvi.
1587 4509 1622 4562 lb
1649 4507 1698 4580 γὰρ
1727 4505 1813 4559 ledaco
1832 4500 1900 4554 teas

328 4602 385 4658 Ὅτι
400 4602 429 4658 οὗ
442 4603 498 4675 περί
515 4605 616 4672 ρνσοιοῦ
636 4601 723 4672 λόγου,
743 4600 808 4655 ἀλλὰ
821 4601 876 4672 arpi
890 4606 934 4655 τοῦ
948 4604 1040 4674 τρόπου
1054 4604 1098 4669 τῆς
1146 4597 1202 4653 ctat
1213 4597 1356 4652 ὓντιναντίον
1369 4596 1428 4667 θεῷ,
1438 4591 1525 4648 dantia
1537 4592 1607 4646 dior.

327 4686 391 4741 κατὰ
404 4687 483 4758 σάρκα
505 4683 581 4739 αὐτοῦ
602 4682 725 4755 ὑπάρξεως
744 4689 822 4739 ταῦτα
844 4683 859 4737 ί
878 4684 959 4757 πατὴρ
979 4684 1096 4752 husitide,
1182 4696 1197 4737 ο
1216 4683 1246 4737 ln
1265 4678 1296 4735 vl
1312 4694 1375 4750 syn.
1395 4676 1471 4731 Ποῖον
1483 4677 1578 4747 Θίληρι
1588 4676 1667 4747 little
1678 4674 1707 4728 rh
1719 4670 1811 4734 θῑϋίίίν
1828 4668 1899 4723 αἴθ’·

329 4768 406 4831 δεῖξαι
421 4770 571 4841 βουλόμενος
584 4766 628 4836 τὴν
647 4769 769 4840 σάρκωοιν
792 4767 865 4839 ἔργον
879 4762 953 4821 οὖσαν
969 4772 1013 4835 τῆς
1022 4768 1096 4837 θείας,
1146 4767 1161 4834 ἢ
1177 4764 1344 4836 ἀνθρώπινονς
1360 4760 1381 4814 τί
1393 4761 1441 4832 γὰρ
1459 4760 1488 4812 ab
1500 4760 1565 4812 θεῖον
1585 4756 1668 4831 εἴπῃς,
1681 4757 1711 4811 ab
1727 4758 1789 4809 θεῖον
1802 4750 1900 4806 derint-t

330 4853 370 4905 nal
385 4853 461 4923 μόνης
471 4852 599 4919 baldasar,
611 4845 768 4913 εὐδοκοῦντος
781 4850 825 4923 μὲν
839 4856 883 4904 τοῦ
896 4852 988 4923 πατρὸς
997 4851 1099 4923 αὖτουρ·
1147 4847 1176 4902 οὗ
1186 4849 1271 4900 διῖται·
1284 4845 1305 4899 τί
1314 4845 1341 4899 bl
1350 4845 1379 4898 rb
1398 4842 1648 4915 &adpertinentibus
1667 4842 1706 4893 ὅτι
1719 4839 1763 4892 sto
1772 4834 1899 4905 daldun-'⁴2

330 4940 433 5006 γοῦντος
452 4940 495 4988 τοῦ
516 4934 585 5001 υἱοῦ,
603 4936 643 4988 καί
662 4930 836 5008 σοντργοῦντος
849 4939 893 4988 τοῦ
909 4934 979 5006 ἁγίου
992 4935 1099 5006 nordpo-
1147 4931 1187 4984 aad
1201 4929 1241 4982 td
1255 4932 1298 4997 τῆς
1306 4928 1429 5000 παρούσης
1437 4926 1503 4979 ἄτιον
1518 4924 1645 4995 σημαίνεις
1653 4926 1772 4997 χρήσιος.

331 5036 382 5081 τος.
399 5017 455 5072 ἀλλ’
469 5018 497 5072 ori
511 5024 631 5090 οαρνιικῶς
646 5019 763 5084 κινήσεως
783 5018 823 5072 καί
841 5018 968 5090 λογισμῶν
981 5017 1100 5088 ἂνθρωπί·
1183 5013 1328 5070 dldtxrat.
1344 5014 1376 5066 tn
1389 5013 1474 5082 unp.
1500 5008 1594 5071 ’dilue
1606 5024 1633 5061 τι
1646 5005 1684 5070 at,
1699 4997 1899 5093 aihteffldtf·

331 5120 391 5167 νων,
405 5095 486 5157 altono
495 5105 600 5173 γαμικῆς
609 5099 762 5165 ἀκολουθίας.
1148 5116 1191 5160 τος
1200 5097 1284 5159 eloco
1301 5093 1397 5148 toarcis
1415 5092 1467 5147 ίοτί
1487 5099 1538 5146 τῶν
1559 5091 1602 5144 cto
1620 5090 1771 5161 θτλημάτυν,
1784 5078 1846 5147 καὶὴ
1862 5095 1899 5142 fit

1149 5180 1243 5252 ρίοειος
1254 5179 1340 5238 iterate
1350 5176 1449 5231 ίναντίιι
1460 5175 1529 5230 torar
1543 5179 1592 5227 τῶν
1603 5171 1647 5227 tto
1658 5172 1759 5245 ρίσιονν.

360 5367 369 5409 1
379 5368 448 5410 Serra
460 5378 476 5417 r,
488 5366 514 5409 dc
526 5366 596 5411 Natta.
608 5366 660 5409 -t
672 5368 720 5410 Act.
735 5377 781 5411 arn.
795 5389 823 5400 -
834 5367 918 5422 ddpnd
928 5366 984 5410 nar.
994 5367 1021 5410 ta
1031 5368 1090 5421 Dico.
1102 5388 1130 5399 -
1140 5366 1154 5409 t
1167 5366 1228 5410 lom.
1241 5365 1298 5418 tm,
1311 5364 1390 5408 Boron.
1404 5363 1441 5406 -ὅ
1452 5362 1505 5418 Cap.
1518 5359 1621 5405 earn-C
1632 5360 1659 5404 ln
1670 5370 1702 5410 τι,
1717 5354 1787 5414 emet.
1800 5357 1838 5396 να·
1852 5354 1895 5388 '¹¹¹·

332 5450 358 5463 -·
369 5430 381 5472 'l
394 5429 459 5472 harh.
474 5428 502 5477 ll.
513 5429 540 5471 de
553 5428 604 5480 tide.
618 5449 645 5461 -
659 5428 793 5484 ttidssap.
808 5439 856 5484 cap.
869 5441 900 5480 ιι,
913 5441 990 5484 parag.
999 5429 1021 5472 t.
1033 5429 1081 5471 -e
1092 5428 1147 5474 ibid.
1162 5439 1210 5478 rur,
1222 5428 1256 5472 tt.
1272 5449 1300 5461 ·-
1313 5426 1338 5470 10
1350 5428 1408 5480 Aug.
1419 5425 1492 5471 taPr.
1506 5433 1608 5469 uarnn.
