<?xml version="1.0" encoding="UTF-8"?>
<!DOCTYPE html PUBLIC "-//W3C//DTD XHTML 1.0 Transitional//EN"
    "http://www.w3.org/TR/xhtml1/DTD/xhtml1-transitional.dtd">
<html xmlns="http://www.w3.org/1999/xhtml" xml:lang="en" lang="en">
 <head>
  <title>
</title>
<meta http-equiv="Content-Type" content="text/html;charset=utf-8" />
  <meta name='ocr-system' content='tesseract 3.04.00' />
  <meta name='ocr-capabilities' content='ocr_page ocr_carea ocr_par ocr_line ocrx_word'/>
</head>
<body>
  <div class='ocr_page' id='page_1' title='image "./dogmatatheologi00zaccgoog_0238.png"; bbox 0 0 3932 6142; ppageno 0'>
   <div class='ocr_carea' id='block_1_1' title="bbox 498 226 1655 305">
    <p class='ocr_par' dir='ltr' id='par_1_1' title="bbox 498 226 1655 305">
     <span class='ocr_line' id='line_1_1' title="bbox 498 226 1655 305; baseline -0.003 -13"><span class='ocrx_word' id='word_1_1' title='bbox 498 230 550 292; x_wconf 82' lang='lat' dir='ltr'>DE</span> <span class='ocrx_word' id='word_1_2' title='bbox 569 229 866 303; x_wconf 67' lang='lat' dir='ltr'>mutuabimur,</span> <span class='ocrx_word' id='word_1_3' title='bbox 887 230 963 293; x_wconf 86' lang='lat' dir='ltr'><strong>LIB.</strong></span> <span class='ocrx_word' id='word_1_4' title='bbox 984 231 1068 305; x_wconf 82' lang='lat' dir='ltr'>vul,</span> <span class='ocrx_word' id='word_1_5' title='bbox 1096 230 1181 294; x_wconf 77' lang='lat' dir='ltr'><strong>GAP.</strong></span> <span class='ocrx_word' id='word_1_6' title='bbox 1204 232 1241 294; x_wconf 86' lang='lat' dir='ltr'>V.</span> <span class='ocrx_word' id='word_1_7' title='bbox 1594 226 1655 289; x_wconf 77' lang='lat' dir='ltr'>sle</span> 
     </span>
    </p>
   </div>
   <div class='ocr_carea' id='block_1_2' title="bbox 13 390 1832 4418">
    <p class='ocr_par' dir='ltr' id='par_1_2' title="bbox 13 390 1832 4418">
     <span class='ocr_line' id='line_1_2' title="bbox 93 390 1656 480; baseline -0.003 -25"><span class='ocrx_word' id='word_1_8' title='bbox 93 393 222 453; x_wconf 59' lang='lat' dir='ltr'>muhata</span> <span class='ocrx_word' id='word_1_9' title='bbox 239 390 389 455; x_wconf 74' lang='lat' dir='ltr'>irtacus</span> <span class='ocrx_word' id='word_1_10' title='bbox 404 396 578 475; x_wconf 82' lang='lat' dir='ltr'>operatio·.</span> <span class='ocrx_word' id='word_1_11' title='bbox 594 418 610 457; x_wconf 87' lang='grc' dir='ltr'><strong>ν</strong></span> <span class='ocrx_word' id='word_1_12' title='bbox 627 397 684 460; x_wconf 85' lang='grc' dir='ltr'>Ηὶο</span> <span class='ocrx_word' id='word_1_13' title='bbox 697 400 838 480; x_wconf 81' lang='lat' dir='ltr'>apparot,</span> <span class='ocrx_word' id='word_1_14' title='bbox 889 412 987 476; x_wconf 79' lang='lat' dir='ltr'>guum</span> <span class='ocrx_word' id='word_1_15' title='bbox 1002 396 1100 459; x_wconf 78' lang='lat' dir='ltr'>vistim</span> <span class='ocrx_word' id='word_1_16' title='bbox 1112 396 1329 461; x_wconf 85' lang='lat' dir='ltr'>Monotheletis</span> <span class='ocrx_word' id='word_1_17' title='bbox 1347 394 1451 458; x_wconf 82' lang='lat' dir='ltr'>tuisse.</span> <span class='ocrx_word' id='word_1_18' title='bbox 1468 393 1548 455; x_wconf 88' lang='lat' dir='ltr'>Nam</span> <span class='ocrx_word' id='word_1_19' title='bbox 1570 391 1656 471; x_wconf 90' lang='lat' dir='ltr'>qaod</span> 
     </span>
     <span class='ocr_line' id='line_1_3' title="bbox 92 481 1655 571; baseline 0.001 -29"><span class='ocrx_word' id='word_1_20' title='bbox 92 481 276 561; x_wconf 74' lang='lat' dir='ltr'>volumtatem,</span> <span class='ocrx_word' id='word_1_21' title='bbox 291 501 332 547; x_wconf 83' lang='lat' dir='ltr'>ex</span> <span class='ocrx_word' id='word_1_22' title='bbox 358 485 578 553; x_wconf 70' lang='lat' dir='ltr'>hereticorum</span> <span class='ocrx_word' id='word_1_23' title='bbox 604 491 771 571; x_wconf 90' lang='lat' dir='ltr'>opinione,</span> <span class='ocrx_word' id='word_1_24' title='bbox 798 487 839 549; x_wconf 88' lang='lat' dir='ltr'>ab</span> <span class='ocrx_word' id='word_1_25' title='bbox 889 489 928 549; x_wconf 90' lang='lat' dir='ltr'>ad</span> <span class='ocrx_word' id='word_1_26' title='bbox 939 489 1214 553; x_wconf 89' lang='lat' dir='ltr'>demonstrandum</span> <span class='ocrx_word' id='word_1_27' title='bbox 1228 488 1344 569; x_wconf 85' lang='lat' dir='ltr'>aliquid</span> <span class='ocrx_word' id='word_1_28' title='bbox 1352 483 1532 561; x_wconf 89' lang='lat' dir='ltr'>assumitur,</span> <span class='ocrx_word' id='word_1_29' title='bbox 1541 488 1655 545; x_wconf 89' lang='lat' dir='ltr'>tameo</span> 
     </span>
     <span class='ocr_line' id='line_1_4' title="bbox 92 574 1656 663; baseline 0.001 -30"><span class='ocrx_word' id='word_1_30' title='bbox 92 579 185 652; x_wconf 67' lang='grc' dir='ltr'><strong>ίιηηιίᾳ</strong></span> <span class='ocrx_word' id='word_1_31' title='bbox 208 592 271 637; x_wconf 83' lang='lat' dir='ltr'>esse</span> <span class='ocrx_word' id='word_1_32' title='bbox 297 576 461 656; x_wconf 85' lang='lat' dir='ltr'>diversam,</span> <span class='ocrx_word' id='word_1_33' title='bbox 489 586 582 663; x_wconf 82' lang='lat' dir='ltr'>atque</span> <span class='ocrx_word' id='word_1_34' title='bbox 607 582 647 643; x_wconf 92' lang='lat' dir='ltr'>ab</span> <span class='ocrx_word' id='word_1_35' title='bbox 670 582 729 645; x_wconf 87' lang='lat' dir='ltr'>hac</span> <span class='ocrx_word' id='word_1_36' title='bbox 752 580 840 643; x_wconf 92' lang='lat' dir='ltr'>illam</span> <span class='ocrx_word' id='word_1_37' title='bbox 888 581 1013 658; x_wconf 89' lang='lat' dir='ltr'>certius,</span> <span class='ocrx_word' id='word_1_38' title='bbox 1038 585 1105 642; x_wconf 90' lang='lat' dir='ltr'>tum</span> <span class='ocrx_word' id='word_1_39' title='bbox 1129 581 1321 645; x_wconf 84' lang='lat' dir='ltr'>manifestius</span> <span class='ocrx_word' id='word_1_40' title='bbox 1338 580 1462 660; x_wconf 85' lang='lat' dir='ltr'>oportet</span> <span class='ocrx_word' id='word_1_41' title='bbox 1480 593 1556 639; x_wconf 88' lang='lat' dir='ltr'>assa.</span> <span class='ocrx_word' id='word_1_42' title='bbox 1576 574 1656 637; x_wconf 88' lang='lat' dir='ltr'>Hinc</span> 
     </span>
     <span class='ocr_line' id='line_1_5' title="bbox 91 664 1656 755; baseline -0.001 -27"><span class='ocrx_word' id='word_1_43' title='bbox 91 664 359 744; x_wconf 69' lang='lat' dir='ltr'>procuderam</span> <span class='ocrx_word' id='word_1_44' title='bbox 374 673 534 752; x_wconf 84' lang='lat' dir='ltr'>consequi,</span> <span class='ocrx_word' id='word_1_45' title='bbox 550 674 633 753; x_wconf 90' lang='lat' dir='ltr'>quod</span> <span class='ocrx_word' id='word_1_46' title='bbox 644 681 750 755; x_wconf 88' lang='lat' dir='ltr'>postea</span> <span class='ocrx_word' id='word_1_47' title='bbox 764 673 838 735; x_wconf 90' lang='lat' dir='ltr'>dili-</span> <span class='ocrx_word' id='word_1_48' title='bbox 888 688 962 733; x_wconf 87' lang='lat' dir='ltr'>vero</span> <span class='ocrx_word' id='word_1_49' title='bbox 995 674 1194 753; x_wconf 83' lang='lat' dir='ltr'>perspicuum</span> <span class='ocrx_word' id='word_1_50' title='bbox 1222 679 1280 750; x_wconf 88' lang='lat' dir='ltr'>est,</span> <span class='ocrx_word' id='word_1_51' title='bbox 1309 672 1437 733; x_wconf 89' lang='lat' dir='ltr'>omnino</span> <span class='ocrx_word' id='word_1_52' title='bbox 1470 667 1555 730; x_wconf 88' lang='lat' dir='ltr'>aliod</span> <span class='ocrx_word' id='word_1_53' title='bbox 1589 684 1656 729; x_wconf 88' lang='lat' dir='ltr'>essa</span> 
     </span>
     <span class='ocr_line' id='line_1_6' title="bbox 91 757 1826 864; baseline 0.002 -48"><span class='ocrx_word' id='word_1_54' title='bbox 91 757 197 833; x_wconf 72' lang='lat' dir='ltr'>pendas</span> <span class='ocrx_word' id='word_1_55' title='bbox 220 775 386 838; x_wconf 82' lang='lat' dir='ltr'>erponem.</span> <span class='ocrx_word' id='word_1_56' title='bbox 415 764 452 824; x_wconf 93' lang='lat' dir='ltr'>ln</span> <span class='ocrx_word' id='word_1_57' title='bbox 475 765 674 828; x_wconf 76' lang='lat' dir='ltr'>lateranensi</span> <span class='ocrx_word' id='word_1_58' title='bbox 709 765 839 827; x_wconf 88' lang='lat' dir='ltr'>concilio</span> <span class='ocrx_word' id='word_1_59' title='bbox 887 772 995 842; x_wconf 67' lang='grc' dir='ltr'><strong>θέλησιν,</strong></span> <span class='ocrx_word' id='word_1_60' title='bbox 1011 765 1097 827; x_wconf 90' lang='lat' dir='ltr'>aliud</span> <span class='ocrx_word' id='word_1_61' title='bbox 1110 761 1579 847; x_wconf 57' lang='lat' dir='ltr'>lvtppeiomrblonotbeleterum</span> <span class='ocrx_word' id='word_1_62' title='bbox 1587 777 1657 822; x_wconf 86' lang='lat' dir='ltr'>sen·</span> <span class='ocrx_word' id='word_1_63' title='bbox 1682 769 1826 864; x_wconf 49' lang='lat' dir='ltr'>acumen.</span> 
     </span>
     <span class='ocr_line' id='line_1_7' title="bbox 92 833 1813 936; baseline 0.004 -25"><span class='ocrx_word' id='word_1_64' title='bbox 92 847 205 911; x_wconf 68' lang='lat' dir='ltr'>aarum</span> <span class='ocrx_word' id='word_1_65' title='bbox 214 850 295 930; x_wconf 87' lang='lat' dir='ltr'>Papa</span> <span class='ocrx_word' id='word_1_66' title='bbox 307 853 564 933; x_wconf 80' lang='lat' dir='ltr'>proeaidahabito,</span> <span class='ocrx_word' id='word_1_67' title='bbox 579 857 731 919; x_wconf 77' lang='lat' dir='ltr'>Maximus</span> <span class='ocrx_word' id='word_1_68' title='bbox 744 857 841 936; x_wconf 82' lang='lat' dir='ltr'>Aqui·</span> <span class='ocrx_word' id='word_1_69' title='bbox 887 858 994 919; x_wconf 89' lang='lat' dir='ltr'>tentia.</span> <span class='ocrx_word' id='word_1_70' title='bbox 1691 833 1813 930; x_wconf 43' lang='lat' dir='ltr'>michea</span> 
     </span>
     <span class='ocr_line' id='line_1_8' title="bbox 91 937 1657 1025; baseline 0.001 -22"><span class='ocrx_word' id='word_1_71' title='bbox 91 937 196 1001; x_wconf 73' lang='lat' dir='ltr'>luentia</span> <span class='ocrx_word' id='word_1_72' title='bbox 213 942 374 1024; x_wconf 83' lang='lat' dir='ltr'>episcopm</span> <span class='ocrx_word' id='word_1_73' title='bbox 389 946 472 1010; x_wconf 89' lang='lat' dir='ltr'>idem</span> <span class='ocrx_word' id='word_1_74' title='bbox 483 947 562 1010; x_wconf 91' lang='lat' dir='ltr'>illud</span> <span class='ocrx_word' id='word_1_75' title='bbox 575 948 702 1011; x_wconf 85' lang='lat' dir='ltr'>effatum</span> <span class='ocrx_word' id='word_1_76' title='bbox 714 949 839 1011; x_wconf 77' lang='lat' dir='ltr'>bereti·</span> <span class='ocrx_word' id='word_1_77' title='bbox 928 949 967 1009; x_wconf 85' lang='lat' dir='ltr'>V.</span> <span class='ocrx_word' id='word_1_78' title='bbox 979 948 1277 1024; x_wconf 78' lang='lat' dir='ltr'>Eademvoluntatis,</span> <span class='ocrx_word' id='word_1_79' title='bbox 1291 944 1540 1025; x_wconf 86' lang='lat' dir='ltr'>operationisque</span> <span class='ocrx_word' id='word_1_80' title='bbox 1548 943 1657 1005; x_wconf 77' lang='lat' dir='ltr'>distin-</span> 
     </span>
     <span class='ocr_line' id='line_1_9' title="bbox 91 1033 1657 1121; baseline 0.001 -26"><span class='ocrx_word' id='word_1_81' title='bbox 91 1049 183 1093; x_wconf 85' lang='lat' dir='ltr'>surum</span> <span class='ocrx_word' id='word_1_82' title='bbox 193 1033 370 1115; x_wconf 73' lang='lat' dir='ltr'>redarguit;</span> <span class='ocrx_word' id='word_1_83' title='bbox 385 1045 538 1118; x_wconf 83' lang='lat' dir='ltr'>quatenus</span> <span class='ocrx_word' id='word_1_84' title='bbox 547 1040 617 1103; x_wconf 89' lang='lat' dir='ltr'>ideo</span> <span class='ocrx_word' id='word_1_85' title='bbox 627 1058 724 1103; x_wconf 91' lang='lat' dir='ltr'>unam</span> <span class='ocrx_word' id='word_1_86' title='bbox 733 1059 840 1121; x_wconf 87' lang='lat' dir='ltr'>opera·</span> <span class='ocrx_word' id='word_1_87' title='bbox 888 1040 948 1101; x_wconf 87' lang='lat' dir='ltr'>etio</span> <span class='ocrx_word' id='word_1_88' title='bbox 963 1040 1113 1119; x_wconf 90' lang='lat' dir='ltr'>probatur</span> <span class='ocrx_word' id='word_1_89' title='bbox 1131 1041 1168 1101; x_wconf 92' lang='lat' dir='ltr'>iis</span> <span class='ocrx_word' id='word_1_90' title='bbox 1181 1040 1348 1102; x_wconf 90' lang='lat' dir='ltr'>ambarum</span> <span class='ocrx_word' id='word_1_91' title='bbox 1361 1037 1529 1118; x_wconf 84' lang='lat' dir='ltr'>exemplis,</span> <span class='ocrx_word' id='word_1_92' title='bbox 1545 1035 1657 1116; x_wconf 87' lang='lat' dir='ltr'>quibus</span> 
     </span>
     <span class='ocr_line' id='line_1_10' title="bbox 92 1123 1658 1212; baseline 0.003 -29"><span class='ocrx_word' id='word_1_93' title='bbox 92 1123 192 1185; x_wconf 78' lang='lat' dir='ltr'>donam</span> <span class='ocrx_word' id='word_1_94' title='bbox 209 1142 274 1187; x_wconf 85' lang='lat' dir='ltr'>sese</span> <span class='ocrx_word' id='word_1_95' title='bbox 292 1127 457 1201; x_wconf 85' lang='lat' dir='ltr'>dicebant,</span> <span class='ocrx_word' id='word_1_96' title='bbox 471 1150 513 1194; x_wconf 88' lang='lat' dir='ltr'>ne</span> <span class='ocrx_word' id='word_1_97' title='bbox 531 1132 558 1193; x_wconf 90' lang='lat' dir='ltr'>sl</span> <span class='ocrx_word' id='word_1_98' title='bbox 577 1133 648 1195; x_wconf 77' lang='lat' dir='ltr'>dua</span> <span class='ocrx_word' id='word_1_99' title='bbox 667 1139 838 1212; x_wconf 90' lang='lat' dir='ltr'>ponantur,</span> <span class='ocrx_word' id='word_1_100' title='bbox 887 1132 1000 1212; x_wconf 88' lang='lat' dir='ltr'>partim</span> <span class='ocrx_word' id='word_1_101' title='bbox 1015 1133 1163 1208; x_wconf 84' lang='lat' dir='ltr'>baeretioi,</span> <span class='ocrx_word' id='word_1_102' title='bbox 1174 1131 1287 1212; x_wconf 88' lang='lat' dir='ltr'>partim</span> <span class='ocrx_word' id='word_1_103' title='bbox 1298 1132 1332 1192; x_wconf 91' lang='lat' dir='ltr'>in</span> <span class='ocrx_word' id='word_1_104' title='bbox 1344 1133 1457 1191; x_wconf 90' lang='lat' dir='ltr'>horum</span> <span class='ocrx_word' id='word_1_105' title='bbox 1469 1147 1573 1190; x_wconf 86' lang='lat' dir='ltr'>errore</span> <span class='ocrx_word' id='word_1_106' title='bbox 1582 1145 1658 1188; x_wconf 88' lang='lat' dir='ltr'>con·</span> 
     </span>
     <span class='ocr_line' id='line_1_11' title="bbox 92 1216 1658 1305; baseline 0.001 -26"><span class='ocrx_word' id='word_1_107' title='bbox 92 1216 202 1279; x_wconf 84' lang='lat' dir='ltr'>lotidem</span> <span class='ocrx_word' id='word_1_108' title='bbox 224 1228 372 1299; x_wconf 80' lang='lat' dir='ltr'>saquamr</span> <span class='ocrx_word' id='word_1_109' title='bbox 402 1240 469 1285; x_wconf 88' lang='lat' dir='ltr'>essa</span> <span class='ocrx_word' id='word_1_110' title='bbox 503 1225 697 1301; x_wconf 87' lang='lat' dir='ltr'>voluntates,</span> <span class='ocrx_word' id='word_1_111' title='bbox 727 1240 840 1305; x_wconf 82' lang='lat' dir='ltr'>easque</span> <span class='ocrx_word' id='word_1_112' title='bbox 888 1223 1018 1284; x_wconf 84' lang='lat' dir='ltr'>lalanda</span> <span class='ocrx_word' id='word_1_113' title='bbox 1032 1224 1138 1286; x_wconf 86' lang='lat' dir='ltr'>Patres</span> <span class='ocrx_word' id='word_1_114' title='bbox 1151 1225 1199 1285; x_wconf 89' lang='lat' dir='ltr'>uti</span> <span class='ocrx_word' id='word_1_115' title='bbox 1222 1223 1332 1285; x_wconf 87' lang='lat' dir='ltr'>solent.</span> <span class='ocrx_word' id='word_1_116' title='bbox 1354 1223 1535 1285; x_wconf 87' lang='lat' dir='ltr'>Theodorus</span> <span class='ocrx_word' id='word_1_117' title='bbox 1547 1222 1658 1282; x_wconf 89' lang='lat' dir='ltr'>Phara-</span> 
     </span>
     <span class='ocr_line' id='line_1_12' title="bbox 92 1309 1657 1397; baseline 0.003 -30"><span class='ocrx_word' id='word_1_118' title='bbox 92 1309 240 1371; x_wconf 73' lang='lat' dir='ltr'>morarios</span> <span class='ocrx_word' id='word_1_119' title='bbox 269 1330 277 1373; x_wconf 74' lang='grc' dir='ltr'><strong>ε</strong></span> <span class='ocrx_word' id='word_1_120' title='bbox 307 1331 409 1393; x_wconf 89' lang='lat' dir='ltr'>nequa</span> <span class='ocrx_word' id='word_1_121' title='bbox 430 1317 671 1378; x_wconf 73' lang='lat' dir='ltr'>contrarietatem</span> <span class='ocrx_word' id='word_1_122' title='bbox 695 1315 778 1378; x_wconf 87' lang='lat' dir='ltr'>bauo</span> <span class='ocrx_word' id='word_1_123' title='bbox 800 1317 840 1378; x_wconf 92' lang='lat' dir='ltr'>ad</span> <span class='ocrx_word' id='word_1_124' title='bbox 888 1315 968 1377; x_wconf 88' lang='lat' dir='ltr'>nites</span> <span class='ocrx_word' id='word_1_125' title='bbox 984 1316 1145 1397; x_wconf 88' lang='lat' dir='ltr'>episcopus</span> <span class='ocrx_word' id='word_1_126' title='bbox 1166 1316 1346 1393; x_wconf 81' lang='lat' dir='ltr'>haereticus,</span> <span class='ocrx_word' id='word_1_127' title='bbox 1361 1316 1396 1377; x_wconf 92' lang='lat' dir='ltr'>in</span> <span class='ocrx_word' id='word_1_128' title='bbox 1419 1319 1504 1376; x_wconf 81' lang='lat' dir='ltr'>sexta</span> <span class='ocrx_word' id='word_1_129' title='bbox 1524 1312 1657 1390; x_wconf 75' lang='lat' dir='ltr'>synodo,</span> 
     </span>
     <span class='ocr_line' id='line_1_13' title="bbox 93 1401 1659 1488; baseline -0.001 -22"><span class='ocrx_word' id='word_1_130' title='bbox 93 1402 506 1485; x_wconf 72' lang='lat' dir='ltr'>cpusdonesadjmgshant3</span> <span class='ocrx_word' id='word_1_131' title='bbox 521 1412 558 1469; x_wconf 92' lang='lat' dir='ltr'>ut</span> <span class='ocrx_word' id='word_1_132' title='bbox 567 1408 838 1488; x_wconf 84' lang='lat' dir='ltr'>italoquerentur;</span> <span class='ocrx_word' id='word_1_133' title='bbox 888 1408 1009 1471; x_wconf 74' lang='lat' dir='ltr'>eodone</span> <span class='ocrx_word' id='word_1_134' title='bbox 1031 1408 1260 1471; x_wconf 86' lang='lat' dir='ltr'>decima-tertia</span> <span class='ocrx_word' id='word_1_135' title='bbox 1269 1410 1399 1481; x_wconf 90' lang='lat' dir='ltr'>citatus,</span> <span class='ocrx_word' id='word_1_136' title='bbox 1414 1414 1532 1488; x_wconf 70' lang='grc' dir='ltr'><strong>ἐνεργείας</strong></span> <span class='ocrx_word' id='word_1_137' title='bbox 1547 1401 1659 1467; x_wconf 81' lang='lat' dir='ltr'>Christi</span> 
     </span>
     <span class='ocr_line' id='line_1_14' title="bbox 96 1492 1659 1580; baseline 0.003 -29"><span class='ocrx_word' id='word_1_138' title='bbox 96 1492 589 1575; x_wconf 79' lang='lat' dir='ltr'>asidussoperationescoutrarioe</span> <span class='ocrx_word' id='word_1_139' title='bbox 599 1500 839 1577; x_wconf 76' lang='lat' dir='ltr'>constituantur,</span> <span class='ocrx_word' id='word_1_140' title='bbox 890 1499 1075 1580; x_wconf 88' lang='lat' dir='ltr'>multiplices</span> <span class='ocrx_word' id='word_1_141' title='bbox 1083 1507 1372 1580; x_wconf 87' lang='lat' dir='ltr'>reeenset‚quarum</span> <span class='ocrx_word' id='word_1_142' title='bbox 1385 1498 1522 1575; x_wconf 81' lang='lat' dir='ltr'>singulae</span> <span class='ocrx_word' id='word_1_143' title='bbox 1534 1496 1659 1557; x_wconf 90' lang='lat' dir='ltr'>unicam</span> 
     </span>
     <span class='ocr_line' id='line_1_15' title="bbox 93 1582 1660 1675; baseline 0.005 -32"><span class='ocrx_word' id='word_1_144' title='bbox 93 1582 268 1649; x_wconf 85' lang='lat' dir='ltr'>dorsetiam</span> <span class='ocrx_word' id='word_1_145' title='bbox 291 1588 396 1668; x_wconf 77' lang='lat' dir='ltr'><strong>colligi</strong></span> <span class='ocrx_word' id='word_1_146' title='bbox 419 1590 592 1653; x_wconf 89' lang='lat' dir='ltr'>voluntates</span> <span class='ocrx_word' id='word_1_147' title='bbox 620 1592 837 1663; x_wconf 71' lang='lat' dir='ltr'>eontanas.»</span> <span class='ocrx_word' id='word_1_148' title='bbox 890 1610 955 1654; x_wconf 88' lang='lat' dir='ltr'>esse</span> <span class='ocrx_word' id='word_1_149' title='bbox 968 1592 1051 1654; x_wconf 88' lang='lat' dir='ltr'>dicit.</span> <span class='ocrx_word' id='word_1_150' title='bbox 1071 1612 1084 1650; x_wconf 86' lang='lat' dir='ltr'>a</span> <span class='ocrx_word' id='word_1_151' title='bbox 1101 1594 1200 1655; x_wconf 85' lang='lat' dir='ltr'>Omne</span> <span class='ocrx_word' id='word_1_152' title='bbox 1213 1593 1302 1670; x_wconf 90' lang='lat' dir='ltr'>illud,</span> <span class='ocrx_word' id='word_1_153' title='bbox 1315 1593 1367 1675; x_wconf 87' lang='lat' dir='ltr'>ait,</span> <span class='ocrx_word' id='word_1_154' title='bbox 1384 1587 1660 1672; x_wconf 80' lang='lat' dir='ltr'>quodcumquevel</span> 
     </span>
     <span class='ocr_line' id='line_1_16' title="bbox 94 1674 1657 1763; baseline 0.003 -28"><span class='ocrx_word' id='word_1_155' title='bbox 94 1674 228 1741; x_wconf 74' lang='lat' dir='ltr'>iamlate</span> <span class='ocrx_word' id='word_1_156' title='bbox 241 1677 326 1740; x_wconf 90' lang='lat' dir='ltr'>istud</span> <span class='ocrx_word' id='word_1_157' title='bbox 345 1681 469 1757; x_wconf 80' lang='lat' dir='ltr'>refellit,</span> <span class='ocrx_word' id='word_1_158' title='bbox 484 1689 516 1743; x_wconf 91' lang='lat' dir='ltr'>et</span> <span class='ocrx_word' id='word_1_159' title='bbox 539 1682 693 1745; x_wconf 75' lang='lat' dir='ltr'>abusum</span> <span class='ocrx_word' id='word_1_160' title='bbox 707 1701 773 1746; x_wconf 86' lang='lat' dir='ltr'>esse</span> <span class='ocrx_word' id='word_1_161' title='bbox 786 1684 840 1745; x_wconf 87' lang='lat' dir='ltr'>de·</span> <span class='ocrx_word' id='word_1_162' title='bbox 889 1683 1011 1747; x_wconf 86' lang='lat' dir='ltr'>locutus</span> <span class='ocrx_word' id='word_1_163' title='bbox 1034 1702 1100 1746; x_wconf 88' lang='lat' dir='ltr'>esse</span> <span class='ocrx_word' id='word_1_164' title='bbox 1124 1695 1281 1762; x_wconf 78' lang='lat' dir='ltr'>narratur,</span> <span class='ocrx_word' id='word_1_165' title='bbox 1301 1683 1351 1745; x_wconf 87' lang='lat' dir='ltr'>vel</span> <span class='ocrx_word' id='word_1_166' title='bbox 1375 1683 1472 1763; x_wconf 79' lang='lat' dir='ltr'>egisse</span> <span class='ocrx_word' id='word_1_167' title='bbox 1497 1680 1657 1753; x_wconf 84' lang='lat' dir='ltr'>Dominus,</span> 
     </span>
     <span class='ocr_line' id='line_1_17' title="bbox 94 1774 1661 1856; baseline 0.002 -27"><span class='ocrx_word' id='word_1_168' title='bbox 94 1774 234 1846; x_wconf 87' lang='lat' dir='ltr'>uomtrat,</span> <span class='ocrx_word' id='word_1_169' title='bbox 252 1788 293 1833; x_wconf 83' lang='lat' dir='ltr'>ax</span> <span class='ocrx_word' id='word_1_170' title='bbox 314 1774 548 1852; x_wconf 76' lang='lat' dir='ltr'>operationibus</span> <span class='ocrx_word' id='word_1_171' title='bbox 565 1775 696 1852; x_wconf 89' lang='lat' dir='ltr'>duabus,</span> <span class='ocrx_word' id='word_1_172' title='bbox 712 1776 841 1838; x_wconf 87' lang='lat' dir='ltr'>totidem</span> <span class='ocrx_word' id='word_1_173' title='bbox 890 1793 946 1856; x_wconf 92' lang='lat' dir='ltr'>per</span> <span class='ocrx_word' id='word_1_174' title='bbox 959 1781 1107 1850; x_wconf 90' lang='lat' dir='ltr'>mentem,</span> <span class='ocrx_word' id='word_1_175' title='bbox 1124 1781 1156 1838; x_wconf 91' lang='lat' dir='ltr'>et</span> <span class='ocrx_word' id='word_1_176' title='bbox 1166 1794 1307 1850; x_wconf 90' lang='lat' dir='ltr'>sensum,</span> <span class='ocrx_word' id='word_1_177' title='bbox 1324 1781 1355 1837; x_wconf 91' lang='lat' dir='ltr'>et</span> <span class='ocrx_word' id='word_1_178' title='bbox 1373 1776 1578 1836; x_wconf 84' lang='lat' dir='ltr'>instrumenta</span> <span class='ocrx_word' id='word_1_179' title='bbox 1592 1790 1661 1833; x_wconf 86' lang='lat' dir='ltr'>sen·</span> 
     </span>
     <span class='ocr_line' id='line_1_18' title="bbox 93 1858 1660 1948; baseline 0.004 -28"><span class='ocrx_word' id='word_1_180' title='bbox 93 1858 243 1923; x_wconf 73' lang='lat' dir='ltr'>voluntates</span> <span class='ocrx_word' id='word_1_181' title='bbox 267 1864 356 1943; x_wconf 89' lang='lat' dir='ltr'>sequi</span> <span class='ocrx_word' id='word_1_182' title='bbox 383 1867 555 1927; x_wconf 90' lang='lat' dir='ltr'>contrarias</span> <span class='ocrx_word' id='word_1_183' title='bbox 582 1873 705 1946; x_wconf 87' lang='lat' dir='ltr'>putare.</span> <span class='ocrx_word' id='word_1_184' title='bbox 739 1868 841 1934; x_wconf 85' lang='lat' dir='ltr'>Quam</span> <span class='ocrx_word' id='word_1_185' title='bbox 890 1868 1086 1942; x_wconf 84' lang='lat' dir='ltr'>tiendidisit,</span> <span class='ocrx_word' id='word_1_186' title='bbox 1102 1869 1225 1948; x_wconf 77' lang='lat' dir='ltr'>egitque</span> <span class='ocrx_word' id='word_1_187' title='bbox 1241 1888 1248 1929; x_wconf 92' lang='lat'>:</span> <span class='ocrx_word' id='word_1_188' title='bbox 1265 1873 1297 1929; x_wconf 88' lang='lat' dir='ltr'>et</span> <span class='ocrx_word' id='word_1_189' title='bbox 1315 1869 1360 1929; x_wconf 87' lang='lat' dir='ltr'>ita</span> <span class='ocrx_word' id='word_1_190' title='bbox 1376 1867 1493 1947; x_wconf 91' lang='lat' dir='ltr'>ipsius,</span> <span class='ocrx_word' id='word_1_191' title='bbox 1509 1872 1660 1944; x_wconf 88' lang='lat' dir='ltr'>tanquam</span> 
     </span>
     <span class='ocr_line' id='line_1_19' title="bbox 93 1952 1658 2040; baseline 0.001 -25"><span class='ocrx_word' id='word_1_192' title='bbox 93 1952 159 2015; x_wconf 85' lang='lat' dir='ltr'>illias</span> <span class='ocrx_word' id='word_1_193' title='bbox 171 1954 413 2034; x_wconf 86' lang='lat' dir='ltr'>disputationem</span> <span class='ocrx_word' id='word_1_194' title='bbox 433 1975 626 2038; x_wconf 78' lang='lat' dir='ltr'>exponemus</span> <span class='ocrx_word' id='word_1_195' title='bbox 639 1965 755 2039; x_wconf 88' lang='lat' dir='ltr'>postea,</span> <span class='ocrx_word' id='word_1_196' title='bbox 770 1977 842 2021; x_wconf 89' lang='lat' dir='ltr'>cum</span> <span class='ocrx_word' id='word_1_197' title='bbox 890 1960 984 2021; x_wconf 91' lang='lat' dir='ltr'>totius</span> <span class='ocrx_word' id='word_1_198' title='bbox 998 1960 1152 2040; x_wconf 86' lang='lat' dir='ltr'>uniusque</span> <span class='ocrx_word' id='word_1_199' title='bbox 1164 1978 1226 2021; x_wconf 90' lang='lat' dir='ltr'>una</span> <span class='ocrx_word' id='word_1_200' title='bbox 1240 1960 1390 2040; x_wconf 87' lang='lat' dir='ltr'>operatio,</span> <span class='ocrx_word' id='word_1_201' title='bbox 1406 1958 1517 2033; x_wconf 85' lang='lat' dir='ltr'>Verbi,</span> <span class='ocrx_word' id='word_1_202' title='bbox 1532 1956 1658 2031; x_wconf 86' lang='lat' dir='ltr'>mentis,</span> 
     </span>
     <span class='ocr_line' id='line_1_20' title="bbox 92 2044 1657 2131; baseline -0.001 -24"><span class='ocrx_word' id='word_1_203' title='bbox 92 2044 282 2111; x_wconf 78' lang='lat' dir='ltr'>devolantate</span> <span class='ocrx_word' id='word_1_204' title='bbox 293 2049 481 2111; x_wconf 90' lang='lat' dir='ltr'>nominatim</span> <span class='ocrx_word' id='word_1_205' title='bbox 501 2068 641 2129; x_wconf 76' lang='lat' dir='ltr'>agemus.</span> <span class='ocrx_word' id='word_1_206' title='bbox 657 2052 746 2114; x_wconf 89' lang='lat' dir='ltr'>Nunc</span> <span class='ocrx_word' id='word_1_207' title='bbox 758 2053 842 2114; x_wconf 90' lang='lat' dir='ltr'>enim</span> <span class='ocrx_word' id='word_1_208' title='bbox 891 2056 923 2112; x_wconf 92' lang='lat' dir='ltr'>at</span> <span class='ocrx_word' id='word_1_209' title='bbox 936 2069 1028 2112; x_wconf 88' lang='lat' dir='ltr'>sensu</span> <span class='ocrx_word' id='word_1_210' title='bbox 1042 2051 1162 2130; x_wconf 77' lang='lat' dir='ltr'>prediti</span> <span class='ocrx_word' id='word_1_211' title='bbox 1172 2052 1319 2131; x_wconf 87' lang='lat' dir='ltr'>eorporis,</span> <span class='ocrx_word' id='word_1_212' title='bbox 1336 2068 1375 2112; x_wconf 87' lang='lat' dir='ltr'>ex</span> <span class='ocrx_word' id='word_1_213' title='bbox 1388 2056 1454 2111; x_wconf 88' lang='lat' dir='ltr'>toto</span> <span class='ocrx_word' id='word_1_214' title='bbox 1461 2045 1657 2111; x_wconf 74' lang='lat' dir='ltr'>habeaturt.»</span> 
     </span>
     <span class='ocr_line' id='line_1_21' title="bbox 94 2139 1661 2222; baseline -0.001 -21"><span class='ocrx_word' id='word_1_215' title='bbox 94 2143 201 2201; x_wconf 81' lang='lat' dir='ltr'>eatenus</span> <span class='ocrx_word' id='word_1_216' title='bbox 211 2139 278 2218; x_wconf 76' lang='lat' dir='ltr'>ejus</span> <span class='ocrx_word' id='word_1_217' title='bbox 290 2140 467 2203; x_wconf 83' lang='lat' dir='ltr'>meminisse</span> <span class='ocrx_word' id='word_1_218' title='bbox 481 2143 629 2221; x_wconf 89' lang='lat' dir='ltr'>oportuit,</span> <span class='ocrx_word' id='word_1_219' title='bbox 638 2149 673 2204; x_wconf 92' lang='lat' dir='ltr'>ut</span> <span class='ocrx_word' id='word_1_220' title='bbox 685 2144 842 2209; x_wconf 89' lang='lat' dir='ltr'>iudooon-</span> <span class='ocrx_word' id='word_1_221' title='bbox 931 2145 971 2205; x_wconf 84' lang='lat' dir='ltr'>Et</span> <span class='ocrx_word' id='word_1_222' title='bbox 998 2143 1031 2203; x_wconf 90' lang='lat' dir='ltr'>in</span> <span class='ocrx_word' id='word_1_223' title='bbox 1056 2142 1230 2221; x_wconf 76' lang='lat' dir='ltr'>fragmento</span> <span class='ocrx_word' id='word_1_224' title='bbox 1262 2143 1402 2222; x_wconf 81' lang='lat' dir='ltr'>proxime</span> <span class='ocrx_word' id='word_1_225' title='bbox 1429 2142 1492 2202; x_wconf 87' lang='lat' dir='ltr'>illic</span> <span class='ocrx_word' id='word_1_226' title='bbox 1524 2140 1661 2218; x_wconf 85' lang='lat' dir='ltr'>subjecto</span> 
     </span>
     <span class='ocr_line' id='line_1_22' title="bbox 93 2232 1659 2316; baseline 0.001 -25"><span class='ocrx_word' id='word_1_227' title='bbox 93 2235 182 2307; x_wconf 84' lang='lat' dir='ltr'>staret,</span> <span class='ocrx_word' id='word_1_228' title='bbox 200 2232 422 2295; x_wconf 86' lang='lat' dir='ltr'>lioootbeletas</span> <span class='ocrx_word' id='word_1_229' title='bbox 444 2233 614 2295; x_wconf 88' lang='lat' dir='ltr'>aliudesse</span> <span class='ocrx_word' id='word_1_230' title='bbox 634 2234 840 2313; x_wconf 81' lang='lat' dir='ltr'>voluntatem,</span> <span class='ocrx_word' id='word_1_231' title='bbox 891 2235 1181 2316; x_wconf 72' lang='grc' dir='ltr'><strong>ινιρησιαςοοιοίοοθ,</strong></span> <span class='ocrx_word' id='word_1_232' title='bbox 1198 2252 1355 2311; x_wconf 85' lang='lat' dir='ltr'>somnum,</span> <span class='ocrx_word' id='word_1_233' title='bbox 1368 2234 1519 2306; x_wconf 86' lang='lat' dir='ltr'>laborem,</span> <span class='ocrx_word' id='word_1_234' title='bbox 1533 2232 1659 2304; x_wconf 72' lang='lat' dir='ltr'>famem</span> 
     </span>
     <span class='ocr_line' id='line_1_23' title="bbox 93 2321 1663 2406; baseline 0.002 -23"><span class='ocrx_word' id='word_1_235' title='bbox 93 2321 286 2404; x_wconf 49' lang='lat' dir='ltr'>suadesne-2</span> <span class='ocrx_word' id='word_1_236' title='bbox 301 2325 503 2400; x_wconf 80' lang='lat' dir='ltr'>existimasse,</span> <span class='ocrx_word' id='word_1_237' title='bbox 518 2331 549 2386; x_wconf 89' lang='lat' dir='ltr'>et</span> <span class='ocrx_word' id='word_1_238' title='bbox 562 2332 726 2406; x_wconf 88' lang='lat' dir='ltr'>utramque</span> <span class='ocrx_word' id='word_1_239' title='bbox 738 2327 844 2406; x_wconf 78' lang='lat' dir='ltr'>singu·</span> <span class='ocrx_word' id='word_1_240' title='bbox 891 2327 992 2401; x_wconf 91' lang='lat' dir='ltr'>sitim;</span> <span class='ocrx_word' id='word_1_241' title='bbox 1009 2344 1079 2405; x_wconf 87' lang='lat' dir='ltr'>quse</span> <span class='ocrx_word' id='word_1_242' title='bbox 1098 2326 1220 2406; x_wconf 79' lang='lat' dir='ltr'>singula</span> <span class='ocrx_word' id='word_1_243' title='bbox 1233 2326 1325 2387; x_wconf 80' lang='lat' dir='ltr'>unica</span> <span class='ocrx_word' id='word_1_244' title='bbox 1349 2331 1439 2406; x_wconf 87' lang='lat' dir='ltr'>putat</span> <span class='ocrx_word' id='word_1_245' title='bbox 1451 2325 1663 2406; x_wconf 81' lang='lat' dir='ltr'>operationes</span> 
     </span>
     <span class='ocr_line' id='line_1_24' title="bbox 94 2412 1292 2497; baseline 0.003 -22"><span class='ocrx_word' id='word_1_246' title='bbox 94 2412 220 2477; x_wconf 79' lang='lat' dir='ltr'>brenam</span> <span class='ocrx_word' id='word_1_247' title='bbox 232 2416 367 2477; x_wconf 82' lang='lat' dir='ltr'>Christo.</span> <span class='ocrx_word' id='word_1_248' title='bbox 382 2416 470 2490; x_wconf 88' lang='lat' dir='ltr'>Quod</span> <span class='ocrx_word' id='word_1_249' title='bbox 493 2422 525 2477; x_wconf 90' lang='lat' dir='ltr'>et</span> <span class='ocrx_word' id='word_1_250' title='bbox 546 2416 663 2478; x_wconf 88' lang='lat' dir='ltr'>ibidem</span> <span class='ocrx_word' id='word_1_251' title='bbox 680 2419 844 2497; x_wconf 86' lang='lat' dir='ltr'>sequentia</span> <span class='ocrx_word' id='word_1_252' title='bbox 891 2418 1012 2480; x_wconf 79' lang='lat' dir='ltr'>Christo</span> <span class='ocrx_word' id='word_1_253' title='bbox 1025 2417 1118 2479; x_wconf 89' lang='lat' dir='ltr'>fuisse</span> <span class='ocrx_word' id='word_1_254' title='bbox 1129 2423 1292 2480; x_wconf 85' lang='lat' dir='ltr'>transacta.</span> 
     </span>
     <span class='ocr_line' id='line_1_25' title="bbox 94 2503 1663 2589; baseline 0.001 -22"><span class='ocrx_word' id='word_1_255' title='bbox 94 2503 252 2569; x_wconf 82' lang='lat' dir='ltr'>declarant:</span> <span class='ocrx_word' id='word_1_256' title='bbox 272 2527 284 2565; x_wconf 82' lang='lat' dir='ltr'>a</span> <span class='ocrx_word' id='word_1_257' title='bbox 302 2507 364 2569; x_wconf 84' lang='lat' dir='ltr'>Sed</span> <span class='ocrx_word' id='word_1_258' title='bbox 386 2508 535 2586; x_wconf 89' lang='lat' dir='ltr'>quoniam</span> <span class='ocrx_word' id='word_1_259' title='bbox 558 2514 666 2587; x_wconf 81' lang='lat' dir='ltr'>utpote</span> <span class='ocrx_word' id='word_1_260' title='bbox 686 2527 752 2571; x_wconf 92' lang='lat' dir='ltr'>uno</span> <span class='ocrx_word' id='word_1_261' title='bbox 776 2511 841 2572; x_wconf 81' lang='lat' dir='ltr'>exi-</span> <span class='ocrx_word' id='word_1_262' title='bbox 933 2509 1011 2571; x_wconf 86' lang='lat' dir='ltr'>ltem</span> <span class='ocrx_word' id='word_1_263' title='bbox 1032 2509 1217 2588; x_wconf 86' lang='lat' dir='ltr'>paulopost,</span> <span class='ocrx_word' id='word_1_264' title='bbox 1239 2509 1396 2585; x_wconf 76' lang='lat' dir='ltr'>universe,</span> <span class='ocrx_word' id='word_1_265' title='bbox 1412 2526 1483 2589; x_wconf 81' lang='lat' dir='ltr'>qum</span> <span class='ocrx_word' id='word_1_266' title='bbox 1505 2514 1569 2570; x_wconf 89' lang='lat' dir='ltr'>toto</span> <span class='ocrx_word' id='word_1_267' title='bbox 1588 2508 1663 2570; x_wconf 76' lang='lat' dir='ltr'>rita</span> 
     </span>
     <span class='ocr_line' id='line_1_26' title="bbox 93 2598 1663 2681; baseline 0.001 -22"><span class='ocrx_word' id='word_1_268' title='bbox 93 2602 179 2659; x_wconf 67' lang='lat' dir='ltr'>tenta</span> <span class='ocrx_word' id='word_1_269' title='bbox 198 2598 328 2671; x_wconf 83' lang='lat' dir='ltr'>Christo,</span> <span class='ocrx_word' id='word_1_270' title='bbox 348 2599 403 2677; x_wconf 86' lang='lat' dir='ltr'>qui</span> <span class='ocrx_word' id='word_1_271' title='bbox 424 2598 503 2675; x_wconf 79' lang='lat' dir='ltr'>volt,</span> <span class='ocrx_word' id='word_1_272' title='bbox 519 2604 551 2660; x_wconf 90' lang='lat' dir='ltr'>et</span> <span class='ocrx_word' id='word_1_273' title='bbox 568 2605 730 2678; x_wconf 91' lang='lat' dir='ltr'>operatur,</span> <span class='ocrx_word' id='word_1_274' title='bbox 746 2620 844 2663; x_wconf 89' lang='lat' dir='ltr'>unam</span> <span class='ocrx_word' id='word_1_275' title='bbox 892 2601 991 2681; x_wconf 74' lang='lat' dir='ltr'>ppetio</span> <span class='ocrx_word' id='word_1_276' title='bbox 1005 2600 1172 2677; x_wconf 88' lang='lat' dir='ltr'>loquendo,</span> <span class='ocrx_word' id='word_1_277' title='bbox 1195 2601 1327 2680; x_wconf 79' lang='lat' dir='ltr'>agendo,</span> <span class='ocrx_word' id='word_1_278' title='bbox 1347 2600 1509 2662; x_wconf 88' lang='lat' dir='ltr'>tolerando</span> <span class='ocrx_word' id='word_1_279' title='bbox 1523 2601 1663 2662; x_wconf 83' lang='lat' dir='ltr'>Christus</span> 
     </span>
     <span class='ocr_line' id='line_1_27' title="bbox 93 2688 1660 2774; baseline 0.001 -23"><span class='ocrx_word' id='word_1_280' title='bbox 93 2688 148 2767; x_wconf 75' lang='lat' dir='ltr'>aius</span> <span class='ocrx_word' id='word_1_281' title='bbox 158 2690 368 2769; x_wconf 78' lang='lat' dir='ltr'>operationem</span> <span class='ocrx_word' id='word_1_282' title='bbox 380 2690 544 2764; x_wconf 84' lang='lat' dir='ltr'>definiunt,</span> <span class='ocrx_word' id='word_1_283' title='bbox 560 2696 592 2752; x_wconf 90' lang='lat' dir='ltr'>et</span> <span class='ocrx_word' id='word_1_284' title='bbox 604 2692 795 2755; x_wconf 86' lang='lat' dir='ltr'>voluntatem</span> <span class='ocrx_word' id='word_1_285' title='bbox 805 2713 844 2756; x_wconf 80' lang='lat' dir='ltr'>ex</span> <span class='ocrx_word' id='word_1_286' title='bbox 892 2692 1127 2766; x_wconf 88' lang='lat' dir='ltr'>administravit,</span> <span class='ocrx_word' id='word_1_287' title='bbox 1139 2699 1258 2774; x_wconf 73' lang='grc' dir='ltr'><strong>ἔνιρηιιας</strong></span> <span class='ocrx_word' id='word_1_288' title='bbox 1265 2692 1416 2754; x_wconf 89' lang='lat' dir='ltr'>vocabulo</span> <span class='ocrx_word' id='word_1_289' title='bbox 1423 2692 1636 2772; x_wconf 89' lang='lat' dir='ltr'>complectitur</span> <span class='ocrx_word' id='word_1_290' title='bbox 1652 2713 1660 2753; x_wconf 91' lang='lat'>:</span> 
     </span>
     <span class='ocr_line' id='line_1_28' title="bbox 93 2779 1664 2863; baseline 0.002 -21"><span class='ocrx_word' id='word_1_291' title='bbox 93 2779 151 2857; x_wconf 87' lang='lat' dir='ltr'>luo,</span> <span class='ocrx_word' id='word_1_292' title='bbox 163 2783 241 2861; x_wconf 83' lang='lat' dir='ltr'>qaod</span> <span class='ocrx_word' id='word_1_293' title='bbox 254 2783 374 2860; x_wconf 84' lang='lat' dir='ltr'>dicunt,</span> <span class='ocrx_word' id='word_1_294' title='bbox 387 2783 462 2862; x_wconf 88' lang='lat' dir='ltr'>quia</span> <span class='ocrx_word' id='word_1_295' title='bbox 477 2782 611 2845; x_wconf 84' lang='lat' dir='ltr'>volentis</span> <span class='ocrx_word' id='word_1_296' title='bbox 625 2789 672 2845; x_wconf 86' lang='lat' dir='ltr'>est</span> <span class='ocrx_word' id='word_1_297' title='bbox 688 2784 842 2863; x_wconf 81' lang='lat' dir='ltr'>voluntas,</span> <span class='ocrx_word' id='word_1_298' title='bbox 896 2785 985 2846; x_wconf 78' lang='lat' dir='ltr'>«sive</span> <span class='ocrx_word' id='word_1_299' title='bbox 996 2785 1218 2847; x_wconf 81' lang='lat' dir='ltr'>miraculorum</span> <span class='ocrx_word' id='word_1_300' title='bbox 1226 2784 1439 2847; x_wconf 87' lang='lat' dir='ltr'>faciendorum</span> <span class='ocrx_word' id='word_1_301' title='bbox 1447 2785 1523 2861; x_wconf 90' lang='lat' dir='ltr'>vim,</span> <span class='ocrx_word' id='word_1_302' title='bbox 1531 2789 1562 2844; x_wconf 89' lang='lat' dir='ltr'>et</span> <span class='ocrx_word' id='word_1_303' title='bbox 1570 2783 1664 2845; x_wconf 85' lang='lat' dir='ltr'>facul·</span> 
     </span>
     <span class='ocr_line' id='line_1_29' title="bbox 93 2873 1664 2955; baseline 0.002 -22"><span class='ocrx_word' id='word_1_304' title='bbox 93 2875 255 2950; x_wconf 83' lang='lat' dir='ltr'>alopasstio</span> <span class='ocrx_word' id='word_1_305' title='bbox 269 2873 464 2952; x_wconf 65' lang='lat' dir='ltr'>operantia»</span> <span class='ocrx_word' id='word_1_306' title='bbox 481 2880 540 2936; x_wconf 81' lang='lat' dir='ltr'>ete.</span> <span class='ocrx_word' id='word_1_307' title='bbox 891 2881 989 2938; x_wconf 85' lang='lat' dir='ltr'>tatem</span> <span class='ocrx_word' id='word_1_308' title='bbox 1020 2875 1161 2951; x_wconf 76' lang='lat' dir='ltr'>dixeris3</span> <span class='ocrx_word' id='word_1_309' title='bbox 1197 2876 1260 2937; x_wconf 85' lang='lat' dir='ltr'>sive</span> <span class='ocrx_word' id='word_1_310' title='bbox 1295 2876 1469 2937; x_wconf 86' lang='lat' dir='ltr'>naturalem</span> <span class='ocrx_word' id='word_1_311' title='bbox 1496 2875 1664 2955; x_wconf 88' lang='lat' dir='ltr'>quamdam</span> 
     </span>
     <span class='ocr_line' id='line_1_30' title="bbox 124 2964 1661 3048; baseline 0.002 -23"><span class='ocrx_word' id='word_1_312' title='bbox 124 2964 173 3025; x_wconf 84' lang='lat' dir='ltr'>IV.</span> <span class='ocrx_word' id='word_1_313' title='bbox 192 2964 293 3027; x_wconf 84' lang='lat' dir='ltr'>Potest</span> <span class='ocrx_word' id='word_1_314' title='bbox 301 2970 383 3028; x_wconf 82' lang='lat' dir='ltr'>etex</span> <span class='ocrx_word' id='word_1_315' title='bbox 394 2984 431 3027; x_wconf 89' lang='lat' dir='ltr'>eo</span> <span class='ocrx_word' id='word_1_316' title='bbox 445 2965 671 3028; x_wconf 85' lang='lat' dir='ltr'>validissimum</span> <span class='ocrx_word' id='word_1_317' title='bbox 679 2984 845 3044; x_wconf 70' lang='lat' dir='ltr'>argumen-</span> <span class='ocrx_word' id='word_1_318' title='bbox 893 2967 1661 3048; x_wconf 88' lang='lat' dir='ltr'>hominismotionem;velutpastusappetitionem,</span> 
     </span>
     <span class='ocr_line' id='line_1_31' title="bbox 94 3055 1664 3139; baseline -0.001 -21"><span class='ocrx_word' id='word_1_319' title='bbox 94 3060 148 3118; x_wconf 85' lang='lat' dir='ltr'>tum</span> <span class='ocrx_word' id='word_1_320' title='bbox 160 3055 197 3117; x_wconf 83' lang='lat' dir='ltr'>sd</span> <span class='ocrx_word' id='word_1_321' title='bbox 219 3063 338 3138; x_wconf 70' lang='grc' dir='ltr'><strong>ίιιρηείις</strong></span> <span class='ocrx_word' id='word_1_322' title='bbox 351 3062 382 3118; x_wconf 76' lang='lat' dir='ltr'>et</span> <span class='ocrx_word' id='word_1_323' title='bbox 408 3057 575 3119; x_wconf 85' lang='lat' dir='ltr'>voluntatis</span> <span class='ocrx_word' id='word_1_324' title='bbox 593 3058 759 3121; x_wconf 83' lang='lat' dir='ltr'>discrimen</span> <span class='ocrx_word' id='word_1_325' title='bbox 772 3077 844 3139; x_wconf 87' lang='lat' dir='ltr'>pro·</span> <span class='ocrx_word' id='word_1_326' title='bbox 892 3077 1049 3133; x_wconf 87' lang='lat' dir='ltr'>somnum,</span> <span class='ocrx_word' id='word_1_327' title='bbox 1063 3059 1287 3139; x_wconf 77' lang='lat' dir='ltr'>fatigationem,</span> <span class='ocrx_word' id='word_1_328' title='bbox 1299 3064 1330 3121; x_wconf 90' lang='lat' dir='ltr'>et</span> <span class='ocrx_word' id='word_1_329' title='bbox 1336 3059 1452 3121; x_wconf 85' lang='lat' dir='ltr'>laboris</span> <span class='ocrx_word' id='word_1_330' title='bbox 1464 3063 1664 3134; x_wconf 70' lang='lat' dir='ltr'>consumant</span> 
     </span>
     <span class='ocr_line' id='line_1_32' title="bbox 93 3146 1663 3232; baseline 0.001 -21"><span class='ocrx_word' id='word_1_331' title='bbox 93 3146 214 3211; x_wconf 75' lang='lat' dir='ltr'>hadom</span> <span class='ocrx_word' id='word_1_332' title='bbox 226 3149 356 3225; x_wconf 86' lang='lat' dir='ltr'>instrui,</span> <span class='ocrx_word' id='word_1_333' title='bbox 376 3149 460 3229; x_wconf 88' lang='lat' dir='ltr'>quod</span> <span class='ocrx_word' id='word_1_334' title='bbox 474 3149 508 3211; x_wconf 89' lang='lat' dir='ltr'>in</span> <span class='ocrx_word' id='word_1_335' title='bbox 521 3149 600 3211; x_wconf 87' lang='lat' dir='ltr'>libro</span> <span class='ocrx_word' id='word_1_336' title='bbox 614 3149 730 3229; x_wconf 88' lang='lat' dir='ltr'>primo,</span> <span class='ocrx_word' id='word_1_337' title='bbox 745 3154 844 3232; x_wconf 88' lang='lat' dir='ltr'>capita</span> <span class='ocrx_word' id='word_1_338' title='bbox 892 3151 1043 3227; x_wconf 90' lang='lat' dir='ltr'>dolorem,</span> <span class='ocrx_word' id='word_1_339' title='bbox 1072 3156 1103 3214; x_wconf 86' lang='lat' dir='ltr'>et</span> <span class='ocrx_word' id='word_1_340' title='bbox 1129 3151 1318 3213; x_wconf 84' lang='lat' dir='ltr'>auxietatem</span> <span class='ocrx_word' id='word_1_341' title='bbox 1334 3169 1341 3211; x_wconf 78' lang='grc' dir='ltr'><strong>ε</strong></span> <span class='ocrx_word' id='word_1_342' title='bbox 1368 3169 1440 3231; x_wconf 79' lang='lat' dir='ltr'>qam</span> <span class='ocrx_word' id='word_1_343' title='bbox 1463 3151 1663 3229; x_wconf 87' lang='lat' dir='ltr'>permissione</span> 
     </span>
     <span class='ocr_line' id='line_1_33' title="bbox 93 3228 1662 3324; baseline 0.003 -23"><span class='ocrx_word' id='word_1_344' title='bbox 93 3240 335 3320; x_wconf 76' lang='lat' dir='ltr'>ucasimoprimo</span> <span class='ocrx_word' id='word_1_345' title='bbox 349 3242 470 3313; x_wconf 82' lang='lat' dir='ltr'>notavi,</span> <span class='ocrx_word' id='word_1_346' title='bbox 485 3228 765 3305; x_wconf 79' lang='lat' dir='ltr'>Monotheletaium</span> <span class='ocrx_word' id='word_1_347' title='bbox 784 3245 845 3324; x_wconf 85' lang='lat' dir='ltr'>pri·</span> <span class='ocrx_word' id='word_1_348' title='bbox 894 3244 1040 3323; x_wconf 86' lang='lat' dir='ltr'>quadam,</span> <span class='ocrx_word' id='word_1_349' title='bbox 1063 3261 1103 3306; x_wconf 84' lang='lat' dir='ltr'>ex</span> <span class='ocrx_word' id='word_1_350' title='bbox 1124 3243 1359 3311; x_wconf 85' lang='lat' dir='ltr'>cousuetudine,</span> <span class='ocrx_word' id='word_1_351' title='bbox 1384 3244 1542 3322; x_wconf 88' lang='lat' dir='ltr'>passiones</span> <span class='ocrx_word' id='word_1_352' title='bbox 1559 3244 1662 3305; x_wconf 91' lang='lat' dir='ltr'>nomi-</span> 
     </span>
     <span class='ocr_line' id='line_1_34' title="bbox 92 3332 1663 3414; baseline 0.002 -22"><span class='ocrx_word' id='word_1_353' title='bbox 92 3332 192 3394; x_wconf 80' lang='lat' dir='ltr'>narios</span> <span class='ocrx_word' id='word_1_354' title='bbox 203 3334 365 3407; x_wconf 83' lang='lat' dir='ltr'>antitistes,</span> <span class='ocrx_word' id='word_1_355' title='bbox 380 3338 412 3394; x_wconf 91' lang='lat' dir='ltr'>et</span> <span class='ocrx_word' id='word_1_356' title='bbox 427 3338 569 3394; x_wconf 86' lang='lat' dir='ltr'>auctores</span> <span class='ocrx_word' id='word_1_357' title='bbox 581 3333 687 3394; x_wconf 89' lang='lat' dir='ltr'>minus</span> <span class='ocrx_word' id='word_1_358' title='bbox 699 3334 845 3397; x_wconf 86' lang='lat' dir='ltr'>audacter</span> <span class='ocrx_word' id='word_1_359' title='bbox 893 3340 1009 3396; x_wconf 86' lang='lat' dir='ltr'>uantur</span> <span class='ocrx_word' id='word_1_360' title='bbox 1018 3335 1159 3414; x_wconf 87' lang='lat' dir='ltr'>:proprie</span> <span class='ocrx_word' id='word_1_361' title='bbox 1167 3352 1241 3395; x_wconf 90' lang='lat' dir='ltr'>vero</span> <span class='ocrx_word' id='word_1_362' title='bbox 1251 3335 1291 3397; x_wconf 94' lang='lat' dir='ltr'>ad</span> <span class='ocrx_word' id='word_1_363' title='bbox 1303 3334 1479 3397; x_wconf 86' lang='lat' dir='ltr'>naturalem</span> <span class='ocrx_word' id='word_1_364' title='bbox 1491 3334 1663 3396; x_wconf 86' lang='lat' dir='ltr'>motionem</span> 
     </span>
     <span class='ocr_line' id='line_1_35' title="bbox 13 3415 1663 3508; baseline -0.001 -22"><span class='ocrx_word' id='word_1_365' title='bbox 13 3415 66 3508; x_wconf 60' lang='lat' dir='ltr'>ff*</span> <span class='ocrx_word' id='word_1_366' title='bbox 93 3424 386 3505; x_wconf 68' lang='lat' dir='ltr'>blppuaindhristo,</span> <span class='ocrx_word' id='word_1_367' title='bbox 399 3423 845 3503; x_wconf 82' lang='lat' dir='ltr'>quamroluntetem,unleam</span> <span class='ocrx_word' id='word_1_368' title='bbox 893 3444 949 3507; x_wconf 89' lang='lat' dir='ltr'>per</span> <span class='ocrx_word' id='word_1_369' title='bbox 974 3426 1090 3497; x_wconf 88' lang='lat' dir='ltr'>anima,</span> <span class='ocrx_word' id='word_1_370' title='bbox 1111 3443 1265 3504; x_wconf 86' lang='lat' dir='ltr'>sensuque</span> <span class='ocrx_word' id='word_1_371' title='bbox 1290 3425 1457 3507; x_wconf 71' lang='lat' dir='ltr'>preditum</span> <span class='ocrx_word' id='word_1_372' title='bbox 1484 3424 1663 3487; x_wconf 72' lang='lat' dir='ltr'>animales</span> 
     </span>
     <span class='ocr_line' id='line_1_36' title="bbox 93 3516 1661 3595; baseline 0 -18"><span class='ocrx_word' id='word_1_373' title='bbox 93 3532 274 3578; x_wconf 69' lang='lat' dir='ltr'>ansverus.</span> <span class='ocrx_word' id='word_1_374' title='bbox 282 3516 405 3595; x_wconf 82' lang='lat' dir='ltr'>Quippe</span> <span class='ocrx_word' id='word_1_375' title='bbox 412 3516 588 3577; x_wconf 80' lang='lat' dir='ltr'>voluntates</span> <span class='ocrx_word' id='word_1_376' title='bbox 595 3516 672 3578; x_wconf 89' lang='lat' dir='ltr'>duas</span> <span class='ocrx_word' id='word_1_377' title='bbox 686 3535 751 3578; x_wconf 89' lang='lat' dir='ltr'>non</span> <span class='ocrx_word' id='word_1_378' title='bbox 765 3536 842 3593; x_wconf 86' lang='lat' dir='ltr'>esse,</span> <span class='ocrx_word' id='word_1_379' title='bbox 892 3523 1071 3581; x_wconf 87' lang='lat' dir='ltr'>naturesua</span> <span class='ocrx_word' id='word_1_380' title='bbox 1090 3517 1294 3579; x_wconf 81' lang='lat' dir='ltr'>reseruntur·.</span> <span class='ocrx_word' id='word_1_381' title='bbox 1311 3516 1549 3591; x_wconf 80' lang='lat' dir='ltr'>»Sioblacarius</span> <span class='ocrx_word' id='word_1_382' title='bbox 1560 3516 1661 3577; x_wconf 78' lang='lat' dir='ltr'>haere·</span> 
     </span>
     <span class='ocr_line' id='line_1_37' title="bbox 93 3605 1661 3688; baseline -0.001 -18"><span class='ocrx_word' id='word_1_383' title='bbox 93 3605 180 3685; x_wconf 86' lang='lat' dir='ltr'>pslsm</span> <span class='ocrx_word' id='word_1_384' title='bbox 192 3612 225 3670; x_wconf 83' lang='lat' dir='ltr'>et</span> <span class='ocrx_word' id='word_1_385' title='bbox 235 3613 412 3671; x_wconf 86' lang='lat' dir='ltr'>constanter</span> <span class='ocrx_word' id='word_1_386' title='bbox 428 3605 558 3686; x_wconf 76' lang='lat' dir='ltr'>professi</span> <span class='ocrx_word' id='word_1_387' title='bbox 578 3612 663 3680; x_wconf 90' lang='lat' dir='ltr'>sunt,</span> <span class='ocrx_word' id='word_1_388' title='bbox 679 3626 719 3669; x_wconf 91' lang='lat' dir='ltr'>ne</span> <span class='ocrx_word' id='word_1_389' title='bbox 742 3615 844 3671; x_wconf 87' lang='lat' dir='ltr'>essent</span> <span class='ocrx_word' id='word_1_390' title='bbox 891 3611 972 3672; x_wconf 80' lang='lat' dir='ltr'>usus</span> <span class='ocrx_word' id='word_1_391' title='bbox 984 3610 1018 3671; x_wconf 89' lang='lat' dir='ltr'>in</span> <span class='ocrx_word' id='word_1_392' title='bbox 1031 3609 1139 3671; x_wconf 89' lang='lat' dir='ltr'>eadem</span> <span class='ocrx_word' id='word_1_393' title='bbox 1153 3614 1239 3671; x_wconf 80' lang='lat' dir='ltr'>sexta</span> <span class='ocrx_word' id='word_1_394' title='bbox 1253 3607 1373 3688; x_wconf 83' lang='lat' dir='ltr'>synodo</span> <span class='ocrx_word' id='word_1_395' title='bbox 1392 3625 1457 3669; x_wconf 88' lang='lat' dir='ltr'>non</span> <span class='ocrx_word' id='word_1_396' title='bbox 1470 3607 1565 3669; x_wconf 89' lang='lat' dir='ltr'>semel</span> <span class='ocrx_word' id='word_1_397' title='bbox 1579 3607 1661 3670; x_wconf 90' lang='lat' dir='ltr'>istud</span> 
     </span>
     <span class='ocr_line' id='line_1_38' title="bbox 92 3700 1660 3781; baseline 0 -20"><span class='ocrx_word' id='word_1_398' title='bbox 92 3701 261 3762; x_wconf 81' lang='lat' dir='ltr'>emtraria:</span> <span class='ocrx_word' id='word_1_399' title='bbox 280 3707 402 3779; x_wconf 77' lang='grc' dir='ltr'><strong>Ινηηιισς</strong></span> <span class='ocrx_word' id='word_1_400' title='bbox 413 3717 488 3760; x_wconf 82' lang='lat' dir='ltr'>raro</span> <span class='ocrx_word' id='word_1_401' title='bbox 502 3700 578 3761; x_wconf 87' lang='lat' dir='ltr'>duas</span> <span class='ocrx_word' id='word_1_402' title='bbox 590 3700 740 3762; x_wconf 89' lang='lat' dir='ltr'>damnare</span> <span class='ocrx_word' id='word_1_403' title='bbox 752 3720 844 3764; x_wconf 90' lang='lat' dir='ltr'>cuno·</span> <span class='ocrx_word' id='word_1_404' title='bbox 890 3702 1049 3765; x_wconf 87' lang='lat' dir='ltr'>inculcat:</span> <span class='ocrx_word' id='word_1_405' title='bbox 1070 3701 1158 3779; x_wconf 74' lang='lat' dir='ltr'>cnjus</span> <span class='ocrx_word' id='word_1_406' title='bbox 1180 3700 1299 3781; x_wconf 86' lang='lat' dir='ltr'>aliquot</span> <span class='ocrx_word' id='word_1_407' title='bbox 1318 3700 1486 3762; x_wconf 86' lang='lat' dir='ltr'>sententias</span> <span class='ocrx_word' id='word_1_408' title='bbox 1506 3700 1540 3760; x_wconf 93' lang='lat' dir='ltr'>in</span> <span class='ocrx_word' id='word_1_409' title='bbox 1559 3700 1660 3780; x_wconf 91' lang='lat' dir='ltr'>primo</span> 
     </span>
     <span class='ocr_line' id='line_1_39' title="bbox 93 3789 1318 3870; baseline 0.003 -19"><span class='ocrx_word' id='word_1_410' title='bbox 93 3791 344 3870; x_wconf 81' lang='lat' dir='ltr'>tstisnutroujus</span> <span class='ocrx_word' id='word_1_411' title='bbox 363 3789 481 3853; x_wconf 80' lang='lat' dir='ltr'>ibidem</span> <span class='ocrx_word' id='word_1_412' title='bbox 505 3797 551 3851; x_wconf 86' lang='lat' dir='ltr'>est</span> <span class='ocrx_word' id='word_1_413' title='bbox 573 3790 724 3870; x_wconf 80' lang='lat' dir='ltr'>explicata</span> <span class='ocrx_word' id='word_1_414' title='bbox 749 3794 841 3855; x_wconf 85' lang='lat' dir='ltr'>ratio.</span> <span class='ocrx_word' id='word_1_415' title='bbox 889 3794 971 3855; x_wconf 90' lang='lat' dir='ltr'>libro</span> <span class='ocrx_word' id='word_1_416' title='bbox 983 3790 1318 3855; x_wconf 64' lang='lat' dir='ltr'>commemoramur.</span> 
     </span>
     <span class='ocr_line' id='line_1_40' title="bbox 93 3879 1821 3962; baseline 0.008 -24"><span class='ocrx_word' id='word_1_417' title='bbox 93 3879 184 3944; x_wconf 79' lang='lat' dir='ltr'>suas</span> <span class='ocrx_word' id='word_1_418' title='bbox 209 3881 395 3944; x_wconf 85' lang='lat' dir='ltr'>confirmata</span> <span class='ocrx_word' id='word_1_419' title='bbox 420 3900 494 3943; x_wconf 88' lang='lat' dir='ltr'>oum</span> <span class='ocrx_word' id='word_1_420' title='bbox 519 3882 678 3962; x_wconf 84' lang='lat' dir='ltr'>impietate</span> <span class='ocrx_word' id='word_1_421' title='bbox 712 3882 839 3958; x_wconf 84' lang='lat' dir='ltr'>fiducia,</span> <span class='ocrx_word' id='word_1_422' title='bbox 931 3886 985 3946; x_wconf 86' lang='lat' dir='ltr'>VI.</span> <span class='ocrx_word' id='word_1_423' title='bbox 1008 3885 1077 3945; x_wconf 90' lang='lat' dir='ltr'>Non</span> <span class='ocrx_word' id='word_1_424' title='bbox 1091 3884 1182 3945; x_wconf 91' lang='lat' dir='ltr'>aliter</span> <span class='ocrx_word' id='word_1_425' title='bbox 1201 3890 1321 3946; x_wconf 82' lang='lat' dir='ltr'>veteres</span> <span class='ocrx_word' id='word_1_426' title='bbox 1335 3900 1444 3946; x_wconf 88' lang='lat' dir='ltr'>omnes</span> <span class='ocrx_word' id='word_1_427' title='bbox 1459 3883 1608 3961; x_wconf 88' lang='lat' dir='ltr'>sentiunt,</span> <span class='ocrx_word' id='word_1_428' title='bbox 1623 3901 1660 3947; x_wconf 88' lang='lat' dir='ltr'>ao</span> <span class='ocrx_word' id='word_1_429' title='bbox 1690 3904 1752 3955; x_wconf 76' lang='lat' dir='ltr'>ouer</span> <span class='ocrx_word' id='word_1_430' title='bbox 1765 3907 1821 3951; x_wconf 78' lang='lat' dir='ltr'>lasa</span> 
     </span>
     <span class='ocr_line' id='line_1_41' title="bbox 93 3958 1832 4056; baseline 0.002 -21"><span class='ocrx_word' id='word_1_431' title='bbox 93 3973 302 4036; x_wconf 80' lang='lat' dir='ltr'>stimuniaam</span> <span class='ocrx_word' id='word_1_432' title='bbox 308 3979 430 4054; x_wconf 74' lang='grc' dir='ltr'><strong>ίιίρηοαν</strong></span> <span class='ocrx_word' id='word_1_433' title='bbox 439 3979 647 4036; x_wconf 79' lang='lat' dir='ltr'>assamerant</span> <span class='ocrx_word' id='word_1_434' title='bbox 655 3975 843 4039; x_wconf 73' lang='lat' dir='ltr'>domantem</span> <span class='ocrx_word' id='word_1_435' title='bbox 891 3977 1014 4051; x_wconf 88' lang='lat' dir='ltr'>docent,</span> <span class='ocrx_word' id='word_1_436' title='bbox 1027 3975 1081 4055; x_wconf 90' lang='lat' dir='ltr'>qui</span> <span class='ocrx_word' id='word_1_437' title='bbox 1094 3976 1240 4037; x_wconf 86' lang='lat' dir='ltr'>adversus</span> <span class='ocrx_word' id='word_1_438' title='bbox 1253 3975 1415 4036; x_wconf 73' lang='lat' dir='ltr'>hereticos</span> <span class='ocrx_word' id='word_1_439' title='bbox 1423 3974 1516 4036; x_wconf 90' lang='lat' dir='ltr'>unius</span> <span class='ocrx_word' id='word_1_440' title='bbox 1524 3980 1657 4050; x_wconf 71' lang='lat' dir='ltr'>natura,</span> <span class='ocrx_word' id='word_1_441' title='bbox 1685 3958 1832 4056; x_wconf 50' lang='lat' dir='ltr'>mab?</span> 
     </span>
     <span class='ocr_line' id='line_1_42' title="bbox 92 4064 1660 4147; baseline 0.003 -23"><span class='ocrx_word' id='word_1_442' title='bbox 92 4064 499 4141; x_wconf 86' lang='lat' dir='ltr'>adbanodemonstrandam,</span> <span class='ocrx_word' id='word_1_443' title='bbox 514 4073 546 4126; x_wconf 88' lang='lat' dir='ltr'>et</span> <span class='ocrx_word' id='word_1_444' title='bbox 558 4065 637 4129; x_wconf 86' lang='lat' dir='ltr'>duas</span> <span class='ocrx_word' id='word_1_445' title='bbox 649 4067 842 4144; x_wconf 84' lang='lat' dir='ltr'>evertendas,</span> <span class='ocrx_word' id='word_1_446' title='bbox 890 4069 940 4130; x_wconf 83' lang='lat' dir='ltr'>vel</span> <span class='ocrx_word' id='word_1_447' title='bbox 966 4067 1154 4147; x_wconf 86' lang='lat' dir='ltr'>operationis</span> <span class='ocrx_word' id='word_1_448' title='bbox 1176 4075 1324 4145; x_wconf 86' lang='lat' dir='ltr'>patronos</span> <span class='ocrx_word' id='word_1_449' title='bbox 1345 4072 1501 4128; x_wconf 79' lang='lat' dir='ltr'>certarnen</span> <span class='ocrx_word' id='word_1_450' title='bbox 1516 4084 1660 4145; x_wconf 83' lang='lat' dir='ltr'>suscepe-</span> 
     </span>
     <span class='ocr_line' id='line_1_43' title="bbox 91 4153 1661 4239; baseline 0.002 -24"><span class='ocrx_word' id='word_1_451' title='bbox 91 4153 156 4217; x_wconf 91' lang='lat' dir='ltr'>lllud</span> <span class='ocrx_word' id='word_1_452' title='bbox 170 4157 272 4237; x_wconf 90' lang='lat' dir='ltr'>ipsum</span> <span class='ocrx_word' id='word_1_453' title='bbox 289 4155 500 4231; x_wconf 84' lang='lat' dir='ltr'>adhibuerint,</span> <span class='ocrx_word' id='word_1_454' title='bbox 527 4174 719 4237; x_wconf 87' lang='lat' dir='ltr'>consequens</span> <span class='ocrx_word' id='word_1_455' title='bbox 740 4157 843 4220; x_wconf 84' lang='lat' dir='ltr'>toreei</span> <span class='ocrx_word' id='word_1_456' title='bbox 891 4167 976 4221; x_wconf 89' lang='lat' dir='ltr'>runt.</span> <span class='ocrx_word' id='word_1_457' title='bbox 1007 4158 1066 4229; x_wconf 85' lang='lat' dir='ltr'>Qui</span> <span class='ocrx_word' id='word_1_458' title='bbox 1087 4158 1209 4221; x_wconf 90' lang='lat' dir='ltr'>cuidem</span> <span class='ocrx_word' id='word_1_459' title='bbox 1231 4160 1352 4239; x_wconf 67' lang='grc' dir='ltr'><strong>ἐνεργείας</strong></span> <span class='ocrx_word' id='word_1_460' title='bbox 1377 4157 1420 4217; x_wconf 86' lang='lat' dir='ltr'>ita</span> <span class='ocrx_word' id='word_1_461' title='bbox 1440 4157 1607 4233; x_wconf 87' lang='lat' dir='ltr'>declarant,</span> <span class='ocrx_word' id='word_1_462' title='bbox 1630 4164 1661 4218; x_wconf 89' lang='lat' dir='ltr'>et</span> 
     </span>
     <span class='ocr_line' id='line_1_44' title="bbox 90 4246 1661 4329; baseline 0.001 -21"><span class='ocrx_word' id='word_1_463' title='bbox 90 4246 148 4308; x_wconf 83' lang='lat' dir='ltr'>dua</span> <span class='ocrx_word' id='word_1_464' title='bbox 158 4253 313 4328; x_wconf 85' lang='lat' dir='ltr'>ponantur</span> <span class='ocrx_word' id='word_1_465' title='bbox 322 4252 491 4329; x_wconf 59' lang='lat' dir='ltr'>bip-sermm</span> <span class='ocrx_word' id='word_1_466' title='bbox 502 4248 573 4309; x_wconf 80' lang='lat' dir='ltr'>dure</span> <span class='ocrx_word' id='word_1_467' title='bbox 580 4249 643 4309; x_wconf 88' lang='lat' dir='ltr'>sint</span> <span class='ocrx_word' id='word_1_468' title='bbox 654 4249 839 4312; x_wconf 72' lang='lat' dir='ltr'>volumtates:</span> <span class='ocrx_word' id='word_1_469' title='bbox 893 4268 1002 4312; x_wconf 86' lang='lat' dir='ltr'>earum</span> <span class='ocrx_word' id='word_1_470' title='bbox 1015 4250 1194 4329; x_wconf 88' lang='lat' dir='ltr'>hujusmodi</span> <span class='ocrx_word' id='word_1_471' title='bbox 1205 4250 1348 4329; x_wconf 82' lang='lat' dir='ltr'>exempla</span> <span class='ocrx_word' id='word_1_472' title='bbox 1358 4249 1505 4322; x_wconf 85' lang='lat' dir='ltr'>referunt,</span> <span class='ocrx_word' id='word_1_473' title='bbox 1522 4254 1661 4329; x_wconf 87' lang='lat' dir='ltr'>utappa-</span> 
     </span>
     <span class='ocr_line' id='line_1_45' title="bbox 90 4338 1661 4418; baseline -0.001 -17"><span class='ocrx_word' id='word_1_474' title='bbox 90 4338 197 4402; x_wconf 76' lang='lat' dir='ltr'>uilcus</span> <span class='ocrx_word' id='word_1_475' title='bbox 209 4345 267 4414; x_wconf 86' lang='lat' dir='ltr'>ast,</span> <span class='ocrx_word' id='word_1_476' title='bbox 287 4341 347 4401; x_wconf 88' lang='lat' dir='ltr'>boo</span> <span class='ocrx_word' id='word_1_477' title='bbox 360 4339 416 4400; x_wconf 92' lang='lat' dir='ltr'>illo</span> <span class='ocrx_word' id='word_1_478' title='bbox 428 4340 534 4401; x_wconf 85' lang='lat' dir='ltr'>notius</span> <span class='ocrx_word' id='word_1_479' title='bbox 546 4385 555 4413; x_wconf 89' lang='lat'>,</span> <span class='ocrx_word' id='word_1_480' title='bbox 569 4346 601 4401; x_wconf 93' lang='lat' dir='ltr'>et</span> <span class='ocrx_word' id='word_1_481' title='bbox 624 4342 730 4405; x_wconf 86' lang='lat' dir='ltr'>minua</span> <span class='ocrx_word' id='word_1_482' title='bbox 742 4341 842 4405; x_wconf 88' lang='lat' dir='ltr'>ambi·</span> <span class='ocrx_word' id='word_1_483' title='bbox 892 4343 1177 4418; x_wconf 86' lang='lat' dir='ltr'>reetnoneasdsm,</span> <span class='ocrx_word' id='word_1_484' title='bbox 1194 4359 1231 4403; x_wconf 92' lang='lat' dir='ltr'>ac</span> <span class='ocrx_word' id='word_1_485' title='bbox 1243 4349 1363 4417; x_wconf 71' lang='grc' dir='ltr'><strong>θελήσας,</strong></span> <span class='ocrx_word' id='word_1_486' title='bbox 1379 4341 1411 4402; x_wconf 89' lang='lat' dir='ltr'>id</span> <span class='ocrx_word' id='word_1_487' title='bbox 1433 4346 1479 4402; x_wconf 91' lang='lat' dir='ltr'>est</span> <span class='ocrx_word' id='word_1_488' title='bbox 1501 4339 1661 4403; x_wconf 82' lang='lat' dir='ltr'>voluntatis</span> 
     </span>
    </p>
   </div>
   <div class='ocr_carea' id='block_1_3' title="bbox 88 4528 1662 4859">
    <p class='ocr_par' dir='ltr' id='par_1_3' title="bbox 88 4528 1662 4859">
     <span class='ocr_line' id='line_1_46' title="bbox 117 4528 1661 4608; baseline 0.001 -19"><span class='ocrx_word' id='word_1_489' title='bbox 117 4536 228 4593; x_wconf 78' lang='grc' dir='ltr'><strong>οίίιπιι.</strong></span> <span class='ocrx_word' id='word_1_490' title='bbox 242 4552 280 4593; x_wconf 74' lang='lat' dir='ltr'>ex</span> <span class='ocrx_word' id='word_1_491' title='bbox 294 4536 369 4592; x_wconf 79' lang='lat' dir='ltr'>Max.</span> <span class='ocrx_word' id='word_1_492' title='bbox 384 4533 426 4590; x_wconf 83' lang='lat' dir='ltr'>iil.</span> <span class='ocrx_word' id='word_1_493' title='bbox 443 4534 539 4591; x_wconf 79' lang='lat' dir='ltr'>XVlli.</span> <span class='ocrx_word' id='word_1_494' title='bbox 558 4534 589 4589; x_wconf 77' lang='lat' dir='ltr'>sl</span> <span class='ocrx_word' id='word_1_495' title='bbox 605 4529 647 4589; x_wconf 71' lang='lat' dir='ltr'>oia</span> <span class='ocrx_word' id='word_1_496' title='bbox 656 4535 720 4589; x_wconf 76' lang='grc' dir='ltr'><strong>κατὰ</strong></span> <span class='ocrx_word' id='word_1_497' title='bbox 730 4537 837 4607; x_wconf 78' lang='grc' dir='ltr'><strong>Σευῆρον</strong></span> <span class='ocrx_word' id='word_1_498' title='bbox 888 4537 959 4599; x_wconf 74' lang='lat' dir='ltr'>ilos,</span> <span class='ocrx_word' id='word_1_499' title='bbox 977 4536 1019 4590; x_wconf 79' lang='grc' dir='ltr'>καί</span> <span class='ocrx_word' id='word_1_500' title='bbox 1038 4534 1090 4599; x_wconf 78' lang='grc' dir='ltr'><strong>ίνθς</strong></span> <span class='ocrx_word' id='word_1_501' title='bbox 1111 4535 1155 4608; x_wconf 77' lang='grc' dir='ltr'>μία</span> <span class='ocrx_word' id='word_1_502' title='bbox 1180 4533 1290 4607; x_wconf 77' lang='grc' dir='ltr'><strong>ἐνέργεια</strong></span> <span class='ocrx_word' id='word_1_503' title='bbox 1309 4538 1353 4588; x_wconf 83' lang='grc' dir='ltr'>τοῦ</span> <span class='ocrx_word' id='word_1_504' title='bbox 1376 4535 1463 4606; x_wconf 81' lang='grc' dir='ltr'><strong>λόγον,</strong></span> <span class='ocrx_word' id='word_1_505' title='bbox 1480 4537 1524 4588; x_wconf 77' lang='grc' dir='ltr'>τοῦ</span> <span class='ocrx_word' id='word_1_506' title='bbox 1547 4528 1601 4599; x_wconf 74' lang='grc' dir='ltr'><strong>νοῦ,</strong></span> <span class='ocrx_word' id='word_1_507' title='bbox 1617 4540 1661 4589; x_wconf 79' lang='grc' dir='ltr'>τοῦ</span> 
     </span>
     <span class='ocr_line' id='line_1_47' title="bbox 89 4615 1623 4691; baseline -0.005 -12"><span class='ocrx_word' id='word_1_508' title='bbox 89 4616 260 4691; x_wconf 44' lang='lat' dir='ltr'>&amp;Matius</span> <span class='ocrx_word' id='word_1_509' title='bbox 268 4617 407 4678; x_wconf 65' lang='lat' dir='ltr'>iactant</span> <span class='ocrx_word' id='word_1_510' title='bbox 418 4618 545 4690; x_wconf 74' lang='grc' dir='ltr'><strong>θνίιίμστα</strong></span> <span class='ocrx_word' id='word_1_511' title='bbox 553 4619 654 4690; x_wconf 59' lang='lat' dir='ltr'>deust,</span> <span class='ocrx_word' id='word_1_512' title='bbox 667 4621 719 4683; x_wconf 76' lang='grc' dir='ltr'><strong>τοῖς</strong></span> <span class='ocrx_word' id='word_1_513' title='bbox 731 4618 757 4672; x_wconf 80' lang='lat' dir='ltr'>tl</span> <span class='ocrx_word' id='word_1_514' title='bbox 770 4620 840 4689; x_wconf 73' lang='grc' dir='ltr'><strong>θοίνη-</strong></span> <span class='ocrx_word' id='word_1_515' title='bbox 889 4616 1030 4688; x_wconf 75' lang='grc' dir='ltr'><strong>αἰσθητιαοθ</strong></span> <span class='ocrx_word' id='word_1_516' title='bbox 1043 4618 1167 4690; x_wconf 72' lang='grc' dir='ltr'><strong>σώματος,</strong></span> <span class='ocrx_word' id='word_1_517' title='bbox 1182 4616 1223 4673; x_wconf 75' lang='lat' dir='ltr'>real</span> <span class='ocrx_word' id='word_1_518' title='bbox 1236 4616 1365 4689; x_wconf 72' lang='grc' dir='ltr'>ὀργανικοῦ</span> <span class='ocrx_word' id='word_1_519' title='bbox 1378 4615 1410 4670; x_wconf 79' lang='grc' dir='ltr'>τὰ</span> <span class='ocrx_word' id='word_1_520' title='bbox 1423 4617 1504 4671; x_wconf 77' lang='grc' dir='ltr'><strong>πάντα</strong></span> <span class='ocrx_word' id='word_1_521' title='bbox 1515 4616 1623 4690; x_wconf 72' lang='grc' dir='ltr'><strong>λεχθείη.</strong></span> 
     </span>
     <span class='ocr_line' id='line_1_48' title="bbox 90 4698 1662 4774; baseline -0.003 -15"><span class='ocrx_word' id='word_1_522' title='bbox 90 4702 330 4774; x_wconf 56' lang='lat' dir='ltr'>mummius</span> <span class='ocrx_word' id='word_1_523' title='bbox 346 4701 481 4772; x_wconf 66' lang='lat' dir='ltr'>sottum,</span> <span class='ocrx_word' id='word_1_524' title='bbox 501 4701 609 4773; x_wconf 70' lang='grc' dir='ltr'>καθάπερ</span> <span class='ocrx_word' id='word_1_525' title='bbox 625 4699 712 4765; x_wconf 77' lang='grc' dir='ltr'><strong>αἰςίονς</strong></span> <span class='ocrx_word' id='word_1_526' title='bbox 729 4698 837 4765; x_wconf 66' lang='lat' dir='ltr'>altered,</span> <span class='ocrx_word' id='word_1_527' title='bbox 924 4702 1098 4757; x_wconf 69' lang='lat' dir='ltr'>cinnanos.</span> <span class='ocrx_word' id='word_1_528' title='bbox 1114 4699 1225 4757; x_wconf 68' lang='lat' dir='ltr'>Parata</span> <span class='ocrx_word' id='word_1_529' title='bbox 1255 4698 1315 4753; x_wconf 74' lang='grc' dir='ltr'>Εἴτε</span> <span class='ocrx_word' id='word_1_530' title='bbox 1327 4699 1509 4770; x_wconf 66' lang='lat' dir='ltr'>impressoria</span> <span class='ocrx_word' id='word_1_531' title='bbox 1521 4718 1576 4755; x_wconf 87' lang='grc' dir='ltr'><strong>τινα</strong></span> <span class='ocrx_word' id='word_1_532' title='bbox 1588 4701 1662 4754; x_wconf 71' lang='lat' dir='ltr'>iius.</span> 
     </span>
     <span class='ocr_line' id='line_1_49' title="bbox 88 4781 1659 4859; baseline 0.002 -23"><span class='ocrx_word' id='word_1_533' title='bbox 88 4782 121 4836; x_wconf 73' lang='lat' dir='ltr'>nt</span> <span class='ocrx_word' id='word_1_534' title='bbox 137 4785 205 4841; x_wconf 69' lang='lat' dir='ltr'>ml</span> <span class='ocrx_word' id='word_1_535' title='bbox 220 4786 343 4859; x_wconf 68' lang='lat' dir='ltr'>apoodxsp</span> <span class='ocrx_word' id='word_1_536' title='bbox 363 4783 477 4851; x_wconf 73' lang='grc' dir='ltr'><strong>δηλονότι</strong></span> <span class='ocrx_word' id='word_1_537' title='bbox 496 4782 551 4838; x_wconf 72' lang='grc' dir='ltr'>κατ’</span> <span class='ocrx_word' id='word_1_538' title='bbox 571 4782 645 4841; x_wconf 70' lang='lat' dir='ltr'>deu</span> <span class='ocrx_word' id='word_1_539' title='bbox 671 4784 776 4857; x_wconf 75' lang='grc' dir='ltr'><strong>θίληηαα,</strong></span> <span class='ocrx_word' id='word_1_540' title='bbox 799 4785 840 4843; x_wconf 71' lang='grc' dir='ltr'>καί</span> <span class='ocrx_word' id='word_1_541' title='bbox 889 4803 930 4856; x_wconf 77' lang='grc' dir='ltr'>μιν</span> <span class='ocrx_word' id='word_1_542' title='bbox 945 4782 1093 4849; x_wconf 56' lang='lat' dir='ltr'>rimemur</span> <span class='ocrx_word' id='word_1_543' title='bbox 1107 4784 1148 4836; x_wconf 79' lang='lat' dir='ltr'>acl</span> <span class='ocrx_word' id='word_1_544' title='bbox 1161 4782 1262 4854; x_wconf 72' lang='grc' dir='ltr'><strong>φυσικήν</strong></span> <span class='ocrx_word' id='word_1_545' title='bbox 1276 4801 1331 4838; x_wconf 89' lang='grc' dir='ltr'><strong>τινα</strong></span> <span class='ocrx_word' id='word_1_546' title='bbox 1348 4781 1393 4852; x_wconf 72' lang='grc' dir='ltr'>νην</span> <span class='ocrx_word' id='word_1_547' title='bbox 1412 4781 1541 4855; x_wconf 65' lang='lat' dir='ltr'>supero</span> <span class='ocrx_word' id='word_1_548' title='bbox 1555 4783 1659 4855; x_wconf 78' lang='grc' dir='ltr'><strong>κίνησιν·</strong></span> 
     </span>
    </p>
   </div>
   <div class='ocr_carea' id='block_1_4' title="bbox 88 4861 1663 5023">
    <p class='ocr_par' dir='ltr' id='par_1_4' title="bbox 88 4861 1663 5023">
     <span class='ocr_line' id='line_1_50' title="bbox 88 4861 1663 4943; baseline -0.002 -20"><span class='ocrx_word' id='word_1_549' title='bbox 88 4864 156 4939; x_wconf 60' lang='lat' dir='ltr'>”iu</span> <span class='ocrx_word' id='word_1_550' title='bbox 166 4868 262 4930; x_wconf 68' lang='lat' dir='ltr'>aberae</span> <span class='ocrx_word' id='word_1_551' title='bbox 275 4866 383 4938; x_wconf 79' lang='grc' dir='ltr'><strong>ἰνίργνια</strong></span> <span class='ocrx_word' id='word_1_552' title='bbox 395 4867 611 4940; x_wconf 74' lang='grc' dir='ltr'><strong>σοιεισαχθησνται</strong></span> <span class='ocrx_word' id='word_1_553' title='bbox 623 4869 771 4943; x_wconf 69' lang='grc' dir='ltr'><strong>πρόσφορος.</strong></span> <span class='ocrx_word' id='word_1_554' title='bbox 890 4861 944 4920; x_wconf 74' lang='lat' dir='ltr'>olor</span> <span class='ocrx_word' id='word_1_555' title='bbox 956 4872 1047 4938; x_wconf 74' lang='grc' dir='ltr'><strong>τροφῆς</strong></span> <span class='ocrx_word' id='word_1_556' title='bbox 1065 4865 1152 4937; x_wconf 80' lang='grc' dir='ltr'>ὄρεξιν,</span> <span class='ocrx_word' id='word_1_557' title='bbox 1167 4865 1252 4928; x_wconf 79' lang='grc' dir='ltr'><strong>θοινον,</strong></span> <span class='ocrx_word' id='word_1_558' title='bbox 1267 4867 1389 4938; x_wconf 75' lang='grc' dir='ltr'><strong>κάματον,</strong></span> <span class='ocrx_word' id='word_1_559' title='bbox 1405 4865 1446 4919; x_wconf 80' lang='grc' dir='ltr'>καί</span> <span class='ocrx_word' id='word_1_560' title='bbox 1459 4868 1542 4921; x_wconf 77' lang='grc' dir='ltr'><strong>πόνων</strong></span> <span class='ocrx_word' id='word_1_561' title='bbox 1564 4866 1663 4936; x_wconf 76' lang='grc' dir='ltr'><strong>ἀντίλη-</strong></span> 
     </span>
     <span class='ocr_line' id='line_1_51' title="bbox 116 4946 1660 5023; baseline -0.002 -18"><span class='ocrx_word' id='word_1_562' title='bbox 116 4946 132 5005; x_wconf 85' lang='grc' dir='ltr'><strong>θ</strong></span> <span class='ocrx_word' id='word_1_563' title='bbox 147 4948 177 5007; x_wconf 84' lang='lat' dir='ltr'>la</span> <span class='ocrx_word' id='word_1_564' title='bbox 193 4956 247 5009; x_wconf 71' lang='lat' dir='ltr'>tol.</span> <span class='ocrx_word' id='word_1_565' title='bbox 266 4965 317 5009; x_wconf 71' lang='lat'>1111</span> <span class='ocrx_word' id='word_1_566' title='bbox 331 4964 395 5019; x_wconf 47' lang='lat' dir='ltr'>syn*</span> <span class='ocrx_word' id='word_1_567' title='bbox 410 4964 469 5006; x_wconf 74' lang='lat' dir='ltr'>tex.</span> <span class='ocrx_word' id='word_1_568' title='bbox 488 4949 541 5002; x_wconf 70' lang='grc' dir='ltr'>Πᾶν</span> <span class='ocrx_word' id='word_1_569' title='bbox 561 4948 576 5005; x_wconf 87' lang='grc' dir='ltr'><strong>θ</strong></span> <span class='ocrx_word' id='word_1_570' title='bbox 598 4954 665 5007; x_wconf 72' lang='lat' dir='ltr'>troia</span> <span class='ocrx_word' id='word_1_571' title='bbox 680 4950 805 5022; x_wconf 76' lang='grc' dir='ltr'>ἱστόρηται</span> <span class='ocrx_word' id='word_1_572' title='bbox 823 4950 839 5016; x_wconf 71' lang='grc' dir='ltr'><strong>ἢ</strong></span> <span class='ocrx_word' id='word_1_573' title='bbox 889 4951 940 5022; x_wconf 64' lang='lat' dir='ltr'>dea,</span> <span class='ocrx_word' id='word_1_574' title='bbox 954 4949 1044 5019; x_wconf 73' lang='grc' dir='ltr'><strong>λύπην,</strong></span> <span class='ocrx_word' id='word_1_575' title='bbox 1058 4949 1255 5021; x_wconf 77' lang='grc' dir='ltr'><strong>καίθθημσνίαν.</strong></span> <span class='ocrx_word' id='word_1_576' title='bbox 1268 4949 1488 5020; x_wconf 63' lang='lat' dir='ltr'>includimur&amp;</span> <span class='ocrx_word' id='word_1_577' title='bbox 1506 4952 1660 5023; x_wconf 77' lang='grc' dir='ltr'><strong>σνηνιώρησιν</strong></span> 
     </span>
    </p>
   </div>
   <div class='ocr_carea' id='block_1_5' title="bbox 89 5024 1660 5269">
    <p class='ocr_par' dir='ltr' id='par_1_5' title="bbox 89 5024 1660 5269">
     <span class='ocr_line' id='line_1_52' title="bbox 89 5024 1660 5106; baseline 0.001 -21"><span class='ocrx_word' id='word_1_578' title='bbox 89 5024 487 5104; x_wconf 69' lang='grc' dir='ltr'><strong>1ίπίιν,ηθρθσαςθίίίριος,θιθ</strong></span> <span class='ocrx_word' id='word_1_579' title='bbox 508 5032 617 5100; x_wconf 55' lang='lat' dir='ltr'>adimat</span> <span class='ocrx_word' id='word_1_580' title='bbox 635 5031 777 5105; x_wconf 64' lang='grc' dir='ltr'><strong>αἰσθήσιος,</strong></span> <span class='ocrx_word' id='word_1_581' title='bbox 799 5033 839 5087; x_wconf 81' lang='grc' dir='ltr'>καί</span> <span class='ocrx_word' id='word_1_582' title='bbox 889 5031 1017 5102; x_wconf 76' lang='grc' dir='ltr'><strong>ὀνομάτων</strong></span> <span class='ocrx_word' id='word_1_583' title='bbox 1043 5030 1130 5100; x_wconf 75' lang='grc' dir='ltr'><strong>ἕντῆς</strong></span> <span class='ocrx_word' id='word_1_584' title='bbox 1151 5031 1274 5100; x_wconf 70' lang='grc' dir='ltr'><strong>συνηθείας</strong></span> <span class='ocrx_word' id='word_1_585' title='bbox 1291 5033 1507 5106; x_wconf 71' lang='grc' dir='ltr'><strong>προσαγορεύεται·</strong></span> <span class='ocrx_word' id='word_1_586' title='bbox 1532 5031 1660 5105; x_wconf 65' lang='lat' dir='ltr'>supinati</span> 
     </span>
     <span class='ocr_line' id='line_1_53' title="bbox 89 5107 1660 5269; baseline 0.001 -103"><span class='ocrx_word' id='word_1_587' title='bbox 89 5107 246 5185; x_wconf 61' lang='grc' dir='ltr'><strong>αἰσθητηρίων,</strong></span> <span class='ocrx_word' id='word_1_588' title='bbox 258 5116 301 5168; x_wconf 81' lang='lat' dir='ltr'>sal</span> <span class='ocrx_word' id='word_1_589' title='bbox 315 5108 380 5179; x_wconf 75' lang='grc' dir='ltr'><strong>αἴκε,</strong></span> <span class='ocrx_word' id='word_1_590' title='bbox 396 5114 438 5169; x_wconf 74' lang='grc' dir='ltr'>καί</span> <span class='ocrx_word' id='word_1_591' title='bbox 452 5111 548 5186; x_wconf 77' lang='grc' dir='ltr'><strong>ἔπραξε.</strong></span> <span class='ocrx_word' id='word_1_592' title='bbox 564 5115 605 5168; x_wconf 81' lang='grc' dir='ltr'>καί</span> <span class='ocrx_word' id='word_1_593' title='bbox 625 5116 703 5178; x_wconf 71' lang='grc' dir='ltr'><strong>σίτοις</strong></span> <span class='ocrx_word' id='word_1_594' title='bbox 716 5112 791 5176; x_wconf 72' lang='grc' dir='ltr'><strong>αἰτοῦ</strong></span> <span class='ocrx_word' id='word_1_595' title='bbox 806 5114 840 5177; x_wconf 80' lang='grc' dir='ltr'>ὥς</span> <span class='ocrx_word' id='word_1_596' title='bbox 888 5118 990 5269; x_wconf 49' lang='lat' dir='ltr'>mair</span> <span class='ocrx_word' id='word_1_597' title='bbox 1002 5115 1119 5183; x_wconf 71' lang='grc' dir='ltr'>κινήσεως</span> <span class='ocrx_word' id='word_1_598' title='bbox 1134 5113 1175 5171; x_wconf 77' lang='grc' dir='ltr'>διὰ</span> <span class='ocrx_word' id='word_1_599' title='bbox 1188 5118 1231 5171; x_wconf 77' lang='grc' dir='ltr'>τοῦ</span> <span class='ocrx_word' id='word_1_600' title='bbox 1246 5112 1365 5189; x_wconf 70' lang='grc' dir='ltr'><strong>ἰμθίχον,</strong></span> <span class='ocrx_word' id='word_1_601' title='bbox 1382 5116 1422 5170; x_wconf 75' lang='grc' dir='ltr'>καί</span> <span class='ocrx_word' id='word_1_602' title='bbox 1439 5115 1579 5185; x_wconf 72' lang='grc' dir='ltr'><strong>αἰσθητικοῦ</strong></span> <span class='ocrx_word' id='word_1_603' title='bbox 1593 5116 1660 5181; x_wconf 69' lang='lat' dir='ltr'>(dou</span> 
     </span>
     <span class='ocr_line' id='line_1_54' title="bbox 950 5215 1016 5255; baseline -0.03 0"><span class='ocrx_word' id='word_1_604' title='bbox 950 5215 1016 5255; x_wconf 65' lang='lat' dir='ltr'>ml·</span> 
     </span>
    </p>
   </div>
   <div class='ocr_carea' id='block_1_6' title="bbox 110 5355 216 5415">
    <p class='ocr_par' dir='ltr' id='par_1_6' title="bbox 110 5355 216 5415">
     <span class='ocr_line' id='line_1_55' title="bbox 110 5355 216 5415; baseline 0 -18"><span class='ocrx_word' id='word_1_605' title='bbox 110 5355 216 5415; x_wconf 61' lang='grc' dir='ltr'>ηομ</span> 
     </span>
    </p>
   </div>
   <div class='ocr_carea' id='block_1_7' title="bbox 0 0 1970 6132">
    <p class='ocr_par' dir='ltr' id='par_1_7' title="bbox 0 0 1970 6132">
     <span class='ocr_line' id='line_1_56' title="bbox 0 0 1970 6132; baseline 0 0"><span class='ocrx_word' id='word_1_606' title='bbox 0 0 1970 6132; x_wconf 95' lang='lat' dir='ltr'> </span> 
     </span>
    </p>
   </div>
  </div>
 </body>
</html>
