3932 6142
287 310 348 373 268
453 254 466 268 ἡ
774 301 1098 367 rflnotootcountl
1118 302 1337 367 munitm

290 484 429 556 tempore
455 494 463 535 ε
488 473 535 534 rel
569 489 640 533 earo
668 471 727 532 erit
757 474 911 532 coeterna
939 467 1055 530 Verbo.
1105 487 1195 549 oeps3
1212 469 1261 532 xel
1275 469 1418 532 eamdem
1432 469 1577 533 comalio
1591 474 1737 531 namnam
1748 485 1870 548 compo

290 567 446 647 Quidquid
465 566 551 628 enim
569 563 701 625 naturali
724 562 822 624 utitur
837 563 1055 637 instrumento,
1107 561 1162 623 nit.
1180 563 1224 623 lta
1237 578 1349 642 corpus
1362 563 1499 624 hominis
1522 562 1664 624 eamdem
1684 579 1757 622 cnm
1771 560 1872 621 anima

289 660 384 722 habet
403 660 462 721 boc
480 658 598 738 aequale
615 663 755 735 tempore
770 675 777 717 :
794 652 1057 734 quemadmodum
1106 659 1251 716 naturam
1274 655 1356 716 illius
1372 656 1543 731 constituit,
1559 661 1591 716 et
1613 654 1721 716 eadem
1743 652 1873 714 afficitur

289 771 401 831 corpus
414 753 527 813 anima.
542 749 1057 827 dejamtempnsestutnaturam
1106 750 1142 806 ut
1159 747 1269 819 forma,
1287 766 1358 814 cum
1378 766 1475 827 eaque
1497 749 1592 811 homo
1614 764 1706 812 unus.
1720 751 1752 806 et
1765 750 1873 805 natura

289 846 427 906 divinam
446 845 527 903 inter
543 846 700 902 creaturas
714 838 894 913 sumeretis,
910 845 965 898 aut
977 842 1059 899 certe
1107 838 1199 899 utrius
1213 839 1349 900 hominis
1358 841 1461 901 existit
1471 861 1479 915 3
1488 839 1572 919 quod
1579 839 1663 899 idem
1675 837 1874 918 proportione

289 955 401 1016 corpus
412 952 477 996 esse
490 934 597 995 dicatis
610 932 794 993 increatum.
803 931 892 1003 Quod
904 930 930 990 si
944 931 1059 990 instru-
1107 931 1144 991 de
1158 949 1256 992 mann
1267 932 1329 993 dici
1342 938 1454 1011 potest,
1470 949 1542 1011 quae
1556 937 1588 992 et
1602 931 1706 990 anima
1718 928 1871 1005 rationali,

289 1035 431 1090 mentum
452 1025 609 1087 artificiale
632 1042 696 1085 esse
719 1022 862 1098 statuitis,
882 1022 1059 1082 inanimum
1107 1028 1255 1102 tanquam
1269 1023 1380 1097 forma,
1396 1023 1536 1103 adeoque
1555 1027 1668 1083 natura
1681 1020 1820 1082 hominis
1833 1027 1874 1081 est

289 1121 349 1182 hoc
375 1139 440 1181 esse
464 1119 568 1195 vultis,
586 1136 621 1179 ac
639 1115 804 1195 separatim
827 1115 1007 1189 consistens,
1029 1119 1060 1175 et
1107 1115 1251 1193 praedita,
1279 1120 1310 1175 et
1344 1122 1463 1176 naturae
1487 1115 1635 1176 humanae
1667 1114 1872 1193 iutegritatem

290 1213 440 1287 divisum;
466 1230 524 1272 nee
551 1215 701 1290 perpetuo
724 1212 876 1269 motum:
904 1207 958 1266 sed
984 1210 1060 1268 tune
1108 1207 1332 1284 compartibus
1345 1208 1501 1287 componit
1514 1208 1643 1269 caeteris.

290 1305 403 1377 solum,
417 1323 489 1365 cum
501 1301 643 1383 operanti
657 1301 689 1360 id
701 1300 734 1360 in
748 1317 860 1360 manus
876 1316 1010 1371 sumere,
1029 1304 1060 1359 et
1148 1301 1188 1359 At
1201 1317 1275 1360 vero
1287 1305 1400 1361 natura
1409 1300 1549 1361 humana
1563 1298 1678 1359 Christi
1688 1316 1755 1358 non
1769 1297 1875 1358 mem

290 1394 625 1477 operarivisumfuerit.
635 1395 676 1453 ilc
686 1390 1059 1453 demumveleuminsano
1107 1391 1202 1451 modo
1213 1391 1362 1453 naturalis
1374 1392 1479 1453 Verbo
1492 1392 1554 1452 diei
1571 1395 1685 1471 potest,
1709 1407 1815 1469 neque
1826 1407 1874 1449 na·

290 1489 430 1550 Nestorio
444 1488 526 1548 idem
540 1505 595 1546 vos
615 1483 775 1545 ostenditis
793 1501 919 1563 sapere3
936 1485 987 1561 qui
1002 1500 1059 1543 na·
1107 1482 1208 1543 turale
1234 1483 1316 1544 illius
1344 1484 1598 1545 instrumentum.
1629 1482 1794 1561 Siquidem
1815 1498 1874 1540 non

289 1588 375 1641 turas
387 1578 656 1639 duasineamdem
664 1575 776 1636 Christi
789 1574 844 1635 Dei
856 1573 1058 1653 hypostasim,
1109 1575 1248 1637 eamdem
1269 1594 1341 1637 eum
1366 1595 1403 1637 eo
1424 1581 1569 1636 naturam
1590 1575 1763 1644 constituit,
1778 1590 1874 1652 neque

290 1690 450 1750 unamque
462 1686 629 1750 personam
648 1665 866 1728 convenientes
889 1666 1003 1743 divisit,
1024 1684 1060 1726 ao
1108 1668 1265 1746 propriam
1287 1669 1383 1748 ipsius
1406 1667 1518 1744 induit,
1534 1672 1589 1727 aut
1610 1666 1649 1726 ab
1661 1684 1698 1725 ea
1711 1665 1874 1740 lor-metm,

290 1764 449 1842 disjunxit,
467 1763 515 1823 vel
529 1760 716 1840 Apollinaris
730 1758 820 1837 impii
831 1758 996 1835 discipulos
1005 1775 1061 1819 vos
1109 1758 1537 1839 sive,utscholaeloquuntur,
1545 1755 1873 1838 formaliter-afficitur,

290 1874 355 1917 esse
379 1855 524 1937 prodetis,
542 1853 597 1932 qui
619 1851 730 1912 Christi
753 1868 864 1929 eorpus
886 1851 1010 1925 animm,
1025 1869 1062 1910 ac
1110 1850 1170 1911 Sed
1180 1851 1337 1931 hypostasi
1362 1852 1524 1926 duntaxat,
1540 1856 1571 1911 et
1584 1850 1773 1911 subsistendi
1789 1848 1875 1909 modo

291 1948 407 2010 mentis
429 1964 540 2027 expers
559 1943 712 2004 asserebat
729 1960 805 2003 esse.
822 1963 837 2000 o
864 1943 921 2003 llic
935 1942 1062 2004 Maximi
1109 1960 1181 2004 eum
1193 1943 1247 2004 illo
1262 1945 1434 2024 copulatur.
1448 1944 1543 2004 Porro
1554 1961 1624 2022 quae
1632 1942 1747 2023 prioris
1760 1940 1875 2020 generis

290 2041 377 2102 loeus
392 2058 457 2101 non
477 2044 525 2100 est
545 2037 698 2098 incuriose
720 2034 966 2114 praetereundus,
987 2051 1061 2094 nam
1109 2035 1317 2098 instrumenta
1332 2038 1490 2108 dicuntur,
1507 2054 1544 2097 ea
1557 2041 1632 2096 sunt
1644 2035 1753 2096 omnis
1766 2051 1874 2111 conge

291 2131 578 2212 interpretationem
589 2146 653 2189 non
662 2125 1060 2187 habetiaeilemetohviam.
1110 2127 1185 2201 nita,
1201 2133 1232 2188 et
1247 2137 1383 2210 rimosa,
1412 2128 1460 2189 uti
1483 2146 1593 2207 corpus
1619 2127 1745 2201 animae,
1768 2142 1876 2186 manns

293 2226 360 2285 lluo
373 2224 468 2301 igitur
475 2224 752 2282 instrumentorum
767 2220 1059 2297 generaconstituit:
1110 2219 1240 2280 homini.
1254 2221 1315 2280 Nec
1337 2220 1375 2281 de
1389 2239 1437 2293 eo,
1455 2220 1538 2300 qnod
1558 2236 1681 2279 summa
1694 2223 1728 2280 et
1740 2217 1875 2279 absoluta

292 2334 392 2377 unum
406 2314 558 2385 naturale,
574 2313 706 2373 alterum
728 2309 897 2371 artificiale.
913 2310 1002 2370 Prius
1019 2310 1063 2371 ait
1110 2312 1249 2390 potentia
1269 2311 1368 2372 lacere
1390 2311 1491 2390 potuit
1511 2312 1602 2386 Deus,
1623 2328 1700 2370 onra
1721 2309 1816 2370 modo
1836 2314 1876 2369 est

291 2408 397 2486 agenti
421 2404 582 2486 principali
604 2422 669 2465 esse
688 2410 826 2483 elapsio
851 2401 911 2462 hoc
934 2408 980 2463 est
1004 2421 1062 2463 aon
1110 2402 1244 2464 Maximo
1261 2404 1337 2464 :sed
1356 2404 1395 2465 de
1416 2422 1453 2465 eo
1474 2403 1556 2482 quod
1580 2405 1682 2482 reipsa
1702 2402 1874 2462 institutum

291 2500 435 2581 poderim
449 2505 589 2578 tempore,
604 2494 655 2557 sed
664 2493 1063 2574 oeqmlesieutanimaecor·
1111 2501 1169 2571 est,
1184 2496 1257 2556 etin
1273 2512 1379 2556 rarum
1394 2501 1507 2556 natura
1527 2495 1694 2556 usuvenire
1707 2494 1873 2554 cernimus.

291 2611 360 2673 pus.
377 2592 456 2652 Nam
475 2590 585 2650 eodem
607 2594 776 2665 utrumque
796 2591 936 2665 tempore
956 2586 1064 2665 incipit
1112 2588 1191 2648 Nam
1211 2588 1312 2666 potuit
1332 2589 1413 2648 Deus
1435 2605 1547 2666 eorpus
1571 2591 1644 2646 ante
1663 2586 1803 2646 animam
1819 2582 1877 2644 saris

293 2684 432 2744 existere.
449 2680 615 2743 Artificiale
627 2697 701 2740 vero
713 2677 957 2738 instrumentum
965 2677 1064 2738 inani·
1112 2678 1252 2757 partibus
1271 2697 1307 2740 ae
1321 2679 1455 2740 modulis
1470 2678 1647 2740 ahsolutum
1659 2677 1794 2738 condere
1808 2697 1817 2751 3
1831 2674 1876 2737 rel

293 2781 412 2836 matum
427 2791 493 2835 esse
506 2773 581 2834 dicit
594 2790 629 2832 ac
648 2769 804 2832 divulsum
827 2775 859 2830 et
875 2775 1060 2849 separatum.
1112 2772 1250 2832 animam
1270 2777 1342 2832 ante
1365 2789 1486 2851 eorpus,
1501 2777 1537 2831 ut
1554 2769 1680 2848 Origeni
1699 2784 1876 2848 persuasum

295 2867 330 2928 Si
341 2867 483 2927 naturale
496 2864 741 2925 instrumentum
753 2861 836 2922 idem
850 2860 1063 2937 iacitcumeo,
1112 2863 1179 2924 tuit.
1204 2864 1321 2924 Verum
1342 2862 1432 2924 ahter
1455 2863 1501 2923 illi
1518 2863 1622 2923 risum
1644 2867 1690 2923 est
1706 2869 1760 2923 :et
1772 2861 1877 2922 eodem

294 2960 378 3040 quod
392 2957 594 3035 conjunctum
607 2955 730 3029 dicitur,
747 2953 855 3014 itidem
869 2953 1012 3027 benerit,
1031 2959 1065 3013 ut
1113 2961 1282 3034 utrumque
1308 2960 1449 3034 tempore
1474 2955 1609 3035 prodire,
1633 2959 1726 3033 atque
1753 2953 1877 3013 existere

294 3069 406 3113 manus
414 3050 658 3110 instrumentum
675 3052 720 3107 est
730 3044 988 3123 hominiszquam
1000 3044 1066 3123 qui·
1113 3047 1238 3127 placuit.
1255 3049 1302 3107 Ex
1315 3065 1378 3126 quo
1391 3046 1517 3108 Maximi
1536 3047 1765 3126 argumentatio
1778 3062 1878 3126 prono

294 3144 367 3204 dem
385 3160 478 3202 anon
491 3157 604 3212 unum,
624 3139 677 3199 sed
692 3136 855 3216 multiplex
874 3136 1067 3198 instrumen-
1114 3139 1436 3218 dit,negantiseodem
1448 3140 1542 3200 modo
1557 3140 1730 3200 humanam
1739 3144 1878 3199 natrrram

295 3240 364 3295 tum
386 3242 505 3295 esse⁶s
529 3230 636 3292 scribit
660 3228 849 3291 Aristoteles.
872 3229 947 3289 Tale
970 3246 1066 3308 porro
1114 3230 1362 3293 instrumentum
1375 3250 1441 3293 esse
1451 3230 1556 3304 Verbi,
1564 3250 1627 3311 quo
1637 3229 1876 3311 corpusanime‚

295 3328 541 3386 instrumentum
568 3339 633 3383 esse
656 3337 795 3395 carnem,
810 3320 875 3380 sive
893 3320 1067 3382 humanam
1114 3322 1164 3383 vel
1189 3323 1314 3385 artificis
1338 3325 1581 3385 instrumentum
1608 3329 1656 3384 est
1675 3322 1808 3395 securis,
1827 3326 1880 3382 aut

295 3415 487 3494 naturam,si
507 3432 580 3478 eum
603 3412 705 3475 verbo
723 3420 932 3491 comparetur,
947 3414 1067 3493 antiqui
1115 3414 1256 3477 malleus.
1270 3416 1389 3495 Quippe
1404 3420 1468 3476 tam
1490 3414 1643 3477 naturalia
1666 3414 1731 3485 illa,
1743 3433 1812 3494 qnae
1824 3431 1879 3473 vo·
1964 3470 1965 3473 ,

297 3510 484 3589 complures,
499 3526 558 3570 neo
576 3506 743 3582 immerito,
758 3505 909 3578 sentiunt,
935 3509 970 3565 ut
989 3506 1067 3566 libro
1116 3505 1880 3588 cantur‚instrumenta,quamartilicialia‚nnllum

298 3602 497 3662 antecedente
511 3599 673 3661 docuimus
685 3597 706 3659 ¹.
1117 3616 1156 3660 ex
1169 3617 1213 3676 se,
1229 3605 1260 3660 et
1277 3599 1351 3661 citra
1376 3599 1556 3679 principalis
1578 3616 1679 3660 causae
1701 3598 1878 3667 motionem,

339 3693 451 3752 Athos
470 3692 583 3771 posito,
598 3691 653 3769 qui
674 3689 802 3750 taudem
825 3693 1068 3750 consentaneum
1117 3691 1244 3752 vitalem
1266 3689 1385 3752 habent
1410 3691 1580 3771 impetum;
1602 3691 1657 3752 sod
1677 3689 1826 3770 quidquid
1845 3706 1880 3749 ex

299 3784 370 3861 crit,
385 3784 468 3862 quod
489 3781 641 3844 Maximus
664 3779 779 3856 scribit,
795 3780 935 3842 naturale
951 3780 1070 3841 instru—
1117 3788 1225 3863 suopte
1252 3799 1343 3843 sensu
1370 3782 1546 3857 confertmt,
1574 3781 1605 3842 id
1631 3787 1758 3842 mutum
1783 3787 1838 3851 est,
1852 3783 1881 3839 et

299 3881 441 3937 mentum
467 3891 533 3936 esse
554 3882 691 3954 ώγχρονον
715 3871 881 3949 efficienti,
911 3878 943 3933 et
969 3873 1069 3934 utenti
1117 3874 1303 3949 inanimum,
1318 3880 1349 3935 et
1368 3874 1409 3934 ad
1428 3875 1592 3934 materiam
1611 3873 1727 3952 potius,
1742 3869 1879 3953 quemad
1964 3944 1965 3949 γ

228 3984 235 3997 ·
300 3967 506 4031 carrsalNon
519 3966 604 4027 enim
624 3965 763 4025 Verbum
781 3970 836 4024 aut
860 3964 970 4025 eodem
989 3973 1069 4026 tem-
1117 3966 1270 4037 formam,
1298 3971 1331 4026 et
1357 3973 1502 4026 naturam
1530 3965 1651 4026 attinet.
1668 3964 1743 4026 Ideo
1757 3967 1788 4026 S.
1802 3963 1880 4024 Tho·
1964 3974 1965 4031 ξ

301 4074 376 4140 pore
386 4077 453 4121 esse
467 4058 560 4138 coepit
572 4074 645 4119 oum
654 4055 882 4134 hominequem
892 4056 1069 4136 assumpsit,
1117 4076 1184 4119 mas
1212 4059 1337 4119 unicam
1364 4058 1442 4118 dixit
1468 4056 1690 4138 operationem,
1712 4063 1744 4118 et
1766 4064 1881 4135 lippus
1964 4088 1965 4125 i

301 4152 417 4214 authic
430 4150 559 4231 perinde
572 4148 698 4210 utillud
717 4153 869 4208 aeternum
882 4147 1008 4209 exstitit.
1118 4168 1184 4212 esse
1197 4150 1312 4212 securis
1323 4156 1354 4211 et
1367 4149 1505 4225 artificis,
1519 4149 1546 4210 si
1559 4148 1700 4226 rationis,
1712 4149 1880 4226 intelligen-
1964 4152 1965 4233 ,

341 4245 411 4305 XII.
441 4242 648 4316 Quamobrem
672 4239 765 4319 paulo
792 4240 1071 4319 impressisset
1118 4243 1232 4322 tiaeque
1245 4260 1339 4320 opera
1352 4242 1478 4322 propria
1491 4245 1673 4322 spectemus.
1689 4241 1805 4322 Quippe
1814 4238 1882 4300 nul·
1964 4238 1965 4241 ’

302 4335 492 4397 enucleatius
506 4352 525 4394 a
540 4349 662 4393 summo
675 4330 819 4409 theologo
828 4331 963 4393 Maximo
976 4331 1073 4392 arbri-
1118 4336 1182 4396 lam
1205 4333 1359 4413 eiusmodi
1384 4334 1530 4409 formam,
1557 4340 1588 4395 et
1615 4332 1729 4413 agendi
1754 4335 1824 4399 um,
1846 4348 1880 4391 ae

302 4433 422 4488 hamur
433 4426 587 4488 intellecta
610 4426 702 4486 fuisse
719 4444 726 4485 :
742 4442 800 4485 nec
823 4441 916 4485 omne
938 4424 1072 4505 conjuro
1119 4426 1309 4507 principium
1319 4443 1374 4503 per
1383 4443 1448 4488 sese
1457 4421 1880 4488 habetinstrumentumillnd

302 4528 375 4597 tom,
395 4525 431 4580 ut
453 4523 574 4596 vocant,
600 4518 838 4589 instrummtum,
868 4516 952 4594 quod
974 4516 1072 4578 Graeci
1119 4524 1186 4580 arte
1200 4517 1421 4590 consuesset
1434 4516 1764 4597 nequenaturale3uti
1776 4531 1882 4594 corpus

303 4619 409 4692 συμφυὲς
425 4614 549 4685 vocant,
572 4607 710 4670 naturale
723 4608 763 4669 ab
777 4626 814 4669 eo
837 4625 902 4668 esse
915 4607 1069 4669 habitum.
1120 4610 1145 4671 si
1166 4628 1241 4672 cum
1266 4609 1371 4670 anima
1398 4617 1606 4690 comparetur.
1633 4611 1752 4670 Verum
1775 4612 1881 4671 natura

304 4704 423 4783 Quippe
436 4701 576 4763 naturale
588 4702 620 4762 id
640 4700 679 4761 ab
693 4718 730 4762 eo
756 4699 923 4780 significari
936 4700 1070 4775 videtur,
1120 4701 1258 4763 hominis
1270 4702 1359 4763 siead
1372 4702 1528 4780 agendum
1538 4701 1677 4763 adhibita
1692 4697 1879 4773 eststlerbo,

303 4794 387 4873 quod
412 4795 445 4854 in
457 4799 578 4855 natura
605 4794 756 4855 unitatem
782 4791 937 4867 convenit,
954 4792 1013 4853 boc
1026 4797 1073 4853 est
1120 4801 1157 4855 ut
1171 4795 1306 4874 ipseper
1319 4811 1363 4869 se,
1379 4811 1497 4873 suoque
1514 4789 1880 4869 martenavaretaliqnid,
1963 4780 1964 4839 ἶ

303 4885 386 4964 quod
402 4885 729 4962 ejusdemestnaturas
742 4884 964 4945 constituendae
976 4883 1072 4963 parti-
1122 4905 1157 4947 ao
1169 4887 1285 4961 vivam,
1299 4885 1467 4963 efficacem,
1483 4885 1722 4962 etintelligentis
1730 4881 1881 4963 propriam
1963 4888 1964 4907 i

304 5099 464 5164 συνελθούσας
485 5099 529 5151 δύο
555 5097 645 5170 φύσεις·
667 5101 683 5166 ἢ
711 5098 882 5172 Ἀπολιναρίου
903 5102 948 5154 τοῦ
970 5097 1072 5163 desiuit
1158 5117 1178 5157 a
1197 5100 1287 5157 heinr.
1311 5099 1359 5156 lib.
1383 5100 1419 5157 Ν
1440 5098 1477 5156 de
1497 5102 1581 5156 Part.
1603 5115 1654 5156 att.
1675 5114 1735 5169 cap.
1757 5112 1782 5151 x.
1804 5092 1881 5148 ‘flii

304 5185 428 5339 pppppppp,
454 5183 566 5257 ἄψυχον,
589 5184 631 5237 καὶ
653 5183 725 5237 ἄνουν
750 5183 779 5237 rh
799 5190 873 5257 σῶμα
897 5187 941 5238 τοῦ
964 5183 1072 5256 Χριστοῦ
1122 5185 1177 5258 χεὶρ
1190 5184 1267 5240 ἔοικεν
1282 5178 1345 5239 εἶναι
1358 5182 1406 5257 οὔχ
1419 5183 1444 5237 ἕν
1453 5183 1569 5257 ὄργανον,
1584 5181 1650 5237 ἀλλὰ
1662 5182 1752 5239 πολλά.

334 5451 408 5508 lcap.
420 5461 471 5504 urs.
479 5449 554 5510 ridet
566 5449 589 5497 8.
