4104 6160
601 353 649 413 DE
667 350 971 429 INCARNATIONE,
993 351 1066 412 tte.
1087 352 1141 420 VI,
1165 351 1247 413 ΠΛΡ.
1269 351 1336 412 Vll.
1721 352 1761 414 39

163 521 304 593 homini,
320 525 351 580 et
365 537 436 598 quae
459 519 562 581 earnis
574 517 701 598 propria
723 516 942 578 adscribuntur
1034 517 1087 578 IV.
1105 516 1316 584 Quamobrem
1330 535 1367 578 eo
1387 515 1535 597 loquendi
1552 514 1687 576 formula
1702 512 1759 577 ista
1803 511 1903 612 goeffl

162 613 242 686 Deo,
255 638 270 664 ν
284 612 331 672 ait
354 612 537 672 Vincentius
546 609 729 671 Lirinensis.
740 608 826 670 Hauc
854 618 941 670 ἕνωσιν
991 608 1136 688 pertinet,
1152 614 1187 668 ut
1212 609 1358 669 adversus
1373 607 1506 669 Nestorii
1523 616 1652 689 διαίρεσιν,
1667 608 1699 668 id
1713 614 1759 669 est
1809 580 1912 684 aaroni

162 713 417 785 saepetestentur,
434 712 584 783 ἀδιόρισισν,
600 710 776 771 ἀδιάσπαστον,
791 709 938 781 ἀδιαίρετον,
991 699 1218 777 di'er'rionem,ae
1232 698 1456 778 disjunctionem
1469 708 1682 777 naturarum
1806 673 1906 736 mm

161 802 263 871 vocat,
281 799 314 858 id
330 803 375 858 est
389 794 584 870 indiuiduam,
600 799 630 855 et
642 791 836 854 indivulsam.
852 794 940 853 Non·
967 822 1038 865 σσις,
1054 792 1115 853 hoc
1129 798 1175 852 est
1186 791 1377 864 anitiorera,
1394 798 1424 852 et
1435 792 1627 852 substantiva
1641 797 1756 852 statua·
1782 780 1929 828 ⁰⁰⁰”¹¹¹⁰¹‘⁰‘·

161 908 332 970 nunquam
359 895 390 950 et
415 897 513 969 κρᾶσιν,
529 888 578 948 vel
600 896 742 968 σνγιρσσιν,
766 885 900 964 appellat
916 883 939 962 ¹,
989 891 1052 959 tur,
1067 890 1098 945 et
1107 902 1188 944 unas
1202 902 1240 943 ex
1253 882 1404 943 ambabus
1418 884 1557 943 Christus
1568 883 1758 961 intelligatur

159 982 191 1042 id
214 986 264 1043 ost
292 980 541 1061 temperationem,
566 985 597 1041 et
625 977 816 1039 mistionem:
847 981 940 1056 atque
990 978 1132 1038 existere.
1149 975 1304 1055 Imprimis
1331 980 1437 1035 autem
1454 975 1593 1053 ejusdem
1619 972 1758 1037 haretici

159 1076 220 1136 hoc
242 1075 365 1154 ubique
391 1073 505 1148 studet,
541 1076 577 1132 ut
610 1071 767 1151 copulatio
793 1069 850 1130 ista
884 1088 939 1129 na·
988 1069 1180 1148 blasphemia
1194 1068 1423 1146 compescitur:
1447 1067 1501 1146 qui
1511 1067 1645 1146 negabat
1659 1067 1758 1129 Deum

159 1168 284 1243 taralis,
308 1173 341 1228 et
360 1175 414 1228 καθ’
427 1175 576 1241 taonem,
601 1165 634 1224 id
648 1169 694 1225 est
707 1181 791 1235 vera,
816 1163 940 1243 proprie
988 1162 1092 1241 ipsum
1112 1162 1146 1221 in
1160 1165 1249 1220 utero
1272 1160 1407 1246 Virginis
1430 1178 1495 1220 esse
1516 1160 1659 1237 genitum
1670 1181 1678 1235 ;
1700 1178 1759 1221 nee

157 1261 253 1335 dieta,
278 1265 311 1320 et
335 1259 448 1334 solida3
471 1277 537 1319 non
553 1256 687 1332 moroie's,
712 1261 888 1327 atrocem,
909 1262 940 1317 et
989 1254 1064 1316 alias
1076 1260 1179 1333 partes
1190 1252 1357 1313 mandabat
1377 1251 1422 1311 illi
1441 1252 1500 1312 hae
1519 1252 1553 1311 in
1569 1257 1633 1311 tota
1651 1252 1757 1312 incar·

158 1361 278 1434 egeant,
303 1352 363 1413 hoc
381 1357 427 1412 est
445 1350 539 1411 solius
560 1349 698 1423 affectus,
720 1348 770 1408 rel
780 1347 939 1408 relationis
988 1346 1125 1407 nationis
1140 1344 1418 1417 administratione,
1441 1361 1536 1423 quam
1545 1342 1668 1403 artificis
1680 1363 1757 1423 opus

158 1444 330 1504 habeatem.
989 1456 1080 1498 sunm
1095 1437 1272 1498 fabricantis
1280 1442 1366 1497 extra
1376 1455 1418 1503 se,
1433 1455 1489 1495 nec
1499 1437 1538 1495 ad
1552 1436 1756 1497 substantiam

198 1536 238 1595 Et
251 1534 405 1614 quoniam
422 1534 454 1594 id
469 1533 665 1612 potissimum
679 1530 845 1593 affectabat
861 1533 938 1592 Nes·
987 1549 1077 1591 suam
1087 1531 1151 1591 ullo
1166 1530 1259 1589 modo
1273 1527 1510 1607 pertirrens,hoc
1524 1533 1569 1587 est
1583 1527 1670 1588 nullo
1683 1528 1756 1588 inti-

159 1628 275 1701 torius,
289 1633 327 1686 ut
341 1631 470 1693 naturas
481 1626 557 1685 duas
572 1643 667 1703 quam
677 1624 811 1684 maxime
825 1625 937 1685 disoer-
987 1640 1051 1695 mo,
1066 1628 1097 1682 et
1118 1622 1320 1696 substantivo,
1340 1620 1391 1681 vel
1405 1620 1541 1680 naturali
1557 1636 1662 1679 secum
1673 1637 1756 1680 nexu

159 1724 268 1793 neret3
285 1736 323 1778 ae
337 1736 402 1778 non
415 1717 520 1777 salum
535 1716 785 1796 proprietatibus,
802 1721 833 1776 et
846 1722 937 1776 natu·
987 1715 1157 1789 cohaerens,
1178 1714 1263 1774 velut
1282 1730 1357 1774 ¹eum
1383 1711 1568 1772 architectus
1585 1712 1749 1792 templum,

157 1810 279 1871 ratibus
296 1809 539 1883 conditionibus,
554 1809 713 1869 sedetiam
727 1808 887 1880 existendi,
903 1827 938 1869 ae
986 1812 1041 1867 aut
1061 1806 1242 1885 praetorium
1262 1805 1387 1884 aliquod
1411 1805 1553 1877 molitur,
1579 1821 1643 1864 non
1670 1823 1754 1881 vere,

159 1901 352 1962 subsistendi
361 1902 456 1960 modo
479 1900 700 1978 distingueret;
717 1900 840 1959 easdem
848 1900 937 1959 vicis·
987 1899 1172 1979 proprieque
1187 1916 1259 1959 oum
1274 1915 1310 1958 eo
1324 1896 1533 1974 conjungitur,
1552 1914 1609 1956 nee
1630 1896 1663 1956 in
1684 1898 1754 1957 uni-

160 1994 220 2055 sim
235 1999 371 2066 arctare,
387 1998 417 2053 et
431 1993 465 2052 in
479 2010 589 2067 aaran,
605 1992 637 2052 id
651 1996 697 2051 est
711 1993 744 2051 in
756 2009 853 2052 unam
867 2010 936 2070 per·
987 1996 1084 2050 tatem
1113 1989 1292 2050 substantia
1320 2007 1383 2048 suae
1403 2007 1482 2066 opus
1504 1988 1586 2047 istud
1608 1989 1753 2049 assumit:

160 2102 274 2146 sonam
293 2103 405 2162 eogere
419 2084 538 2144 studuit
558 2082 705 2162 Cyrillus;
733 2088 768 2143 ut
789 2082 843 2142 etsi
866 2083 936 2143 duae
986 2082 1039 2143 sed
1053 2083 1241 2142 extrinsecus
1260 2081 1364 2156 habet,
1385 2100 1421 2140 ac
1434 2088 1582 2159 tanquam
1596 2098 1663 2141 rem
1680 2082 1754 2141 alie-

160 2183 264 2238 essent
292 2194 439 2251 numero,
470 2194 535 2235 nnn
553 2181 658 2235 mmeu
672 2175 788 2248 divisae,
805 2192 841 2235 ao
855 2192 937 2234 seor·
987 2192 1072 2241 nam,
1100 2179 1131 2235 et
1158 2174 1335 2247 extrariam,
1372 2190 1467 2251 quam
1488 2173 1613 2232 nonnisi
1635 2187 1755 2253 σχεινκῶς

160 2270 219 2329 sim
235 2269 367 2345 posita,
379 2286 437 2329 neo
446 2267 595 2327 alterutra
608 2273 779 2345 segregata,
795 2284 831 2327 ae
843 2285 898 2343 per
905 2284 937 2327 se
986 2267 1120 2346 respicit,
1134 2285 1170 2327 ea
1182 2266 1364 2326 habitudine
1374 2284 1436 2343 qua
1448 2265 1550 2344 opifex
1560 2265 1598 2325 ad
1611 2265 1755 2326 effectum

160 2362 360 2421 considerata
369 2360 549 2439 cogitationi
558 2365 673 2419 nostrai
688 2376 753 2418 seso
764 2357 910 2435 objiceret
927 2378 935 2418 :
987 2360 1131 2419 artissuae
1145 2363 1354 2436 comparatur.
1372 2357 1430 2430 Qui
1444 2357 1571 2435 quidem
1591 2358 1624 2416 in
1643 2376 1690 2433 ea,
1705 2359 1756 2419 vel

161 2453 262 2514 multo
282 2453 390 2512 minus
408 2451 448 2511 ab
464 2470 511 2521 eo,
528 2450 613 2529 quod
632 2450 720 2510 alteri
744 2454 935 2522 conveniret,
987 2469 1059 2511 eum
1072 2470 1109 2511 ea
1123 2451 1216 2511 domo
1230 2468 1301 2530 quae
1315 2449 1456 2524 struitur,
1472 2450 1612 2528 produci,
1625 2450 1674 2511 vel
1687 2450 1756 2512 fieri

160 2549 215 2606 aut
227 2544 397 2619 accideret,
412 2543 514 2603 aliena
529 2547 693 2621 putaretur
708 2541 816 2612 altera,
832 2542 885 2601 sed
902 2546 937 2601 ut
987 2561 1051 2602 non
1071 2542 1192 2602 dieitur.
1224 2546 1262 2602 at
1289 2542 1428 2602 Verbum
1447 2543 1490 2601 ita
1504 2560 1626 2620 eorpus,
1642 2542 1753 2603 huma-

161 2643 241 2697 mset
254 2641 368 2695 mutua
385 2635 618 2714 proprietatum:
635 2634 938 2712 praedicatorumque
986 2651 1122 2713 namque
1136 2634 1194 2693 sibi
1208 2639 1353 2694 naturam
1366 2635 1400 2694 in
1415 2634 1525 2694 matris
1540 2640 1628 2694 utero
1643 2634 1752 2711 tinxit;

162 2726 420 2799 communicatio,
435 2744 473 2786 ex
493 2744 556 2804 qua
575 2730 606 2785 et
618 2727 698 2785 Deus
711 2725 776 2803 ipse
787 2725 934 2802 genitus;
986 2732 1023 2786 at
1049 2744 1115 2786 non
1139 2726 1275 2787 efficiens
1301 2726 1516 2786 tantummodo
1544 2744 1635 2787 causa
1668 2727 1755 2787 istius

163 2827 194 2881 et
215 2821 318 2897 Virgo
347 2818 403 2878 Dei
430 2817 565 2897 genitrix
588 2823 763 2876 censeretur
785 2837 792 2875 ι
814 2834 879 2876 non
903 2823 938 2876 ut
986 2818 1117 2877 aetionis
1131 2836 1201 2878 eum
1216 2818 1355 2896 personis
1370 2818 1438 2878 aliis
1456 2818 1576 2878 duabus
1588 2825 1677 2895 esset,
1698 2840 1755 2881 ve·

164 2912 316 2992 profanus
330 2910 496 2970 hereticus
508 2908 673 2982 asserebat,
682 2906 820 2967 Verbum
835 2909 937 2986 ipsum
987 2910 1154 2970 rumetiam
1167 2908 1331 2982 terminus,
1344 2914 1375 2969 et
1384 2908 1522 2983 effeetus,
1538 2928 1602 2970 non
1613 2911 1757 2990 simpliei-

165 3006 328 3081 Deumque
353 3001 484 3061 minime
498 3018 563 3061 esse
588 3000 741 3077 genitum,
763 2999 816 3059 sed
834 3000 937 3060 homi·
987 3007 1033 3062 ter
1047 3020 1109 3080 qua
1122 3001 1271 3073 Verbum,
1289 3007 1343 3060 aut
1356 3002 1411 3061 Dei
1425 3001 1527 3075 filius;
1542 3002 1596 3062 sed
1606 3020 1667 3081 qua
1684 3004 1755 3064 Ver-

165 3114 237 3157 nem
258 3112 397 3161 merum,
414 3111 551 3172 quocum
566 3095 645 3152 Deus
659 3111 714 3172 per
728 3093 835 3152 matris
848 3097 934 3152 tran·
987 3094 1056 3154 bam
1082 3111 1147 3152 earo
1175 3091 1300 3171 saetam,
1327 3093 1390 3153 sive
1415 3091 1611 3154 incarnatam.
1645 3096 1756 3156 Merito

165 3188 252 3247 sisset
280 3186 537 3258 meromontem
562 3184 703 3262 impiam,
726 3202 761 3244 ae
786 3183 934 3245 nefariam
987 3185 1091 3264 itaque
1103 3184 1235 3263 Gyrillus
1244 3190 1313 3263 post
1333 3184 1504 3260 unitionem,
1519 3190 1551 3246 et
1562 3205 1600 3246 ex
1612 3188 1753 3263 unitione,

166 3280 347 3357 opinionem
361 3281 397 3336 ut
410 3276 598 3347 excluderet,
614 3280 826 3353 everteretque
840 3276 937 3355 Cyrit-
986 3276 1154 3337 nnamdieit
1165 3276 1289 3336 ere'stere
1301 3282 1441 3337 naturam
1457 3276 1543 3337 Verbi
1558 3278 1754 3348 incarnatam,

167 3370 224 3438 lus;
239 3369 332 3430 illurn
340 3368 490 3447 loquendi
504 3367 632 3428 modom
648 3367 843 3446 aptissimum
852 3369 936 3445 judi·
987 3376 1041 3429 aut
1051 3386 1139 3428 enam
1147 3365 1235 3428 Verbi
1245 3367 1395 3427 incarnati
1401 3374 1558 3429 natarum:
1567 3376 1603 3429 ut
1612 3377 1643 3431 et
1657 3389 1757 3432 unum

167 3464 270 3523 eavit:
296 3468 332 3521 nt
355 3461 433 3520 duas
453 3459 577 3538 quidem
604 3465 731 3518 naturas
758 3461 936 3520 convenisse
987 3461 1022 3521 in
1036 3458 1432 3535 duabusnaturisgenitum
1447 3461 1499 3519 Dei
1513 3458 1614 3519 tilium
1628 3463 1755 3540 profite-

167 3554 282 3614 dieeret
296 3573 305 3628 3
320 3553 374 3612 sed
389 3552 528 3611 unitione
544 3551 633 3624 taeta,
649 3568 688 3610 ex
702 3549 823 3610 duabus
836 3569 936 3611 unum
987 3558 1085 3626 retur,
1108 3556 1139 3610 et
1156 3550 1357 3628 principalem
1378 3549 1586 3625 generationis
1607 3552 1702 3629 illius,
1721 3560 1758 3614 ut

79 3683 85 3691 -
167 3646 314 3705 exstitisse
338 3644 393 3704 Dei
411 3644 527 3716 filium;
543 3642 603 3702 hoo
622 3647 678 3713 est,
705 3660 796 3701 anam
819 3643 884 3715 Dei,
902 3661 937 3704 oe
988 3643 1063 3717 dixi,
1079 3642 1250 3703 terminum
1264 3642 1411 3701 eumdem
1425 3641 1689 3719 signiticaretesse
1703 3646 1756 3707 bei

58 3724 64 3735 ¹
123 3750 130 3801 Ξ
171 3736 260 3797 Verbi
278 3742 422 3796 notarem
442 3735 638 3794 incarnatam.
667 3733 732 3792 Hae
748 3733 834 3792 enim
855 3733 938 3794 locu·
987 3735 1149 3809 filium,ad
1162 3752 1257 3812 quem
1270 3733 1417 3794 humanae
1427 3739 1547 3796 naturae
1562 3735 1756 3799 tieretacces-

166 3830 251 3889 tione
263 3828 342 3887 diras
353 3827 483 3886 omnino
498 3824 682 3902 significarit
696 3842 760 3885 esse
777 3830 904 3886 naturas
927 3847 934 3887 :
988 3828 1045 3902 sio,
1061 3828 1104 3887 sic
1117 3832 1266 3904 tanquam
1287 3825 1394 3905 puncti
1413 3825 1450 3885 ad
1473 3826 1600 3901 lineam,
1617 3829 1666 3890 vel
1679 3831 1758 3891 aoei-

165 3938 238 3981 eam
252 3918 451 3979 tantumdem
469 3918 581 3992 valeat,
604 3924 713 3976 natare
739 3915 825 3976 Verbi
844 3917 938 3976 r'near-
988 3920 1089 3980 dentis
1101 3919 1141 3978 ad
1150 3918 1366 3977 substantiam.

164 4020 247 4084 ama,
263 4028 299 4070 ac
309 4009 521 4070 naturaVerbi
534 4013 566 4069 et
580 4007 746 4074 narniensi
760 4026 831 4068 eum
845 4027 937 4071 carne
1029 4012 1109 4071 ilino
1124 4010 1164 4070 ad
1180 4009 1380 4069 Valerianum
1396 4012 1531 4072 scribens
1549 4012 1633 4073 idem
1656 4014 1756 4093 Cyril-

165 4106 345 4185 conjuncta.
362 4100 631 4175 Quemadmodum
643 4100 748 4159 anima
764 4106 935 4179 corporata,
987 4103 1047 4175 lus,
1078 4101 1273 4161 Nestorianos
1299 4102 1498 4179 reprehendit
1517 4103 1559 4163 ita
1584 4103 1756 4183 loquentes

165 4197 232 4258 sire
245 4193 733 4270 carneinclusa,idemestatque
747 4192 853 4251 anima
867 4212 937 4253 eum
994 4219 1008 4247 ι
1044 4194 1141 4253 Deum
1169 4198 1200 4251 et
1222 4192 1385 4252 hominem
1413 4194 1505 4254 simul
1539 4197 1758 4258 convenientes

165 4286 427 4365 carneeopulata,
444 4303 504 4362 qrra
530 4284 649 4344 ratione
664 4280 814 4363 seriptum
832 4284 874 4344 sie
893 4292 938 4345 est
989 4302 1091 4345 unum
1113 4283 1307 4344 constituisse
1328 4285 1494 4363 Christum,
1519 4287 1603 4348 salva
1617 4288 1759 4349 videlicet

166 4380 206 4439 ab
232 4377 372 4438 arnobio
400 4376 481 4435 libro
505 4375 640 4436 secundo
673 4384 776 4435 eontra
807 4374 936 4438 Gentes:
989 4375 1145 4455 hypostasi
1164 4376 1326 4454 utriusque
1351 4377 1427 4436 citra
1452 4378 1677 4455 confusionem,
1705 4381 1758 4441 sed

168 4469 277 4543 «Quid
304 4468 393 4529 enirn
420 4485 529 4527 sumus
552 4466 710 4539 homines,
739 4466 798 4525 nisi
827 4469 938 4529 animae
989 4469 1108 4528 ratione
1121 4468 1230 4542 divisa,
1246 4474 1304 4532 eto.
1316 4469 1387 4528 Non
1407 4472 1503 4543 enim,
1517 4475 1553 4529 ut
1572 4471 1617 4531 illi
1638 4471 1755 4540 dieunt.

165 4562 349 4640 corporibus
359 4557 495 4620 clausae?
510 4580 525 4615 u
549 4560 586 4617 Et
601 4560 690 4636 Hugo
711 4558 885 4619 Victorinus
900 4558 911 4591 ’
929 4580 935 4620 :
989 4560 1073 4619 Deus
1087 4563 1118 4619 et
1131 4560 1225 4619 homo
1239 4558 1333 4619 simul
1345 4560 1565 4620 convenientes
1579 4564 1758 4624 unumeffe-

170 4654 272 4727 aQuid
287 4652 374 4713 enim
385 4658 431 4711 est
443 4651 539 4710 homo
553 4650 612 4709 nisi
625 4649 731 4710 anima
742 4649 860 4710 hahens
873 4670 939 4711 cor·
990 4669 1058 4712 cere
1070 4651 1239 4726 Christum,
1254 4670 1374 4727 verum,
1391 4652 1502 4730 etjam
1515 4652 1591 4728 dixi,
1607 4654 1758 4732 Verbum,

165 4744 278 4824 pus‘ln
297 4743 418 4821 Quippe
427 4761 488 4801 vox
504 4740 740 4814 incarnata,sive
756 4743 935 4819 incarnatit,
993 4743 1076 4821 quod
1096 4747 1143 4802 est
1163 4745 1269 4803 Deus:
1299 4744 1426 4822 perinde
1447 4762 1483 4804 ae
1507 4762 1580 4820 nos,
1606 4749 1760 4828 particeps

164 4844 314 4897 naturam
337 4834 521 4907 humanam,
535 4841 680 4893 actotam
701 4833 840 4910 mysterii
855 4833 939 4895 illius
988 4834 1048 4895 luit
1061 4835 1232 4909 sanguinis,
1247 4842 1278 4894 et
1291 4836 1409 4910 earnis3
1433 4832 1468 4895 u't
1491 4839 1571 4897 Deus
1586 4839 1760 4901 homoesse

165 4928 321 4987 rationem
335 4925 550 5003 complectitur
567 4944 574 4982 :
590 4930 626 4984 ut
640 4924 774 5003 Cyrillus
787 4925 830 4985 ait
842 4926 876 4985 in
890 4944 937 4988 se·
987 4927 1303 5005 faetus'intelligatur,
1326 4933 1357 4988 et
1376 4947 1502 4990 carnem
1516 4931 1667 5010 accepisse
1687 4951 1759 4992 nos·

165 5018 270 5080 canda
284 5016 413 5096 epistota
425 5014 465 5077 od
474 5015 655 5077 Saecesaam.
987 5025 1080 5094 ham,
1096 5036 1226 5098 eamque
1237 5019 1295 5079 sibi
1309 5019 1468 5099 propriam
1487 5021 1593 5084 fecisse
1606 5021 1628 5085 ⁶.
1644 5024 1761 5090 sQuod

202 5194 226 5233 a
242 5179 354 5233 Crater..
370 5177 394 5231 ll
412 5175 455 5231 ad
471 5177 552 5232 Sace.
569 5192 611 5248 ep.
631 5176 662 5231 El
676 5176 703 5231 δὲ
722 5176 746 5232 ἐν
765 5184 801 5249 τῷ
816 5196 940 5251 recepte»
1024 5179 1042 5234 b
1062 5180 1172 5235 Crater.
1198 5179 1255 5233 ’Etr
1271 5180 1297 5234 δὲ
1310 5180 1425 5254 stenae,
1441 5184 1479 5237 bu
1495 5184 1559 5251 belse,
1571 5184 1613 5237 nat
1634 5185 1762 5258 ἅνθρωπος

163 5262 243 5332 μένην
256 5260 342 5325 rimie,
352 5259 448 5332 σύμιτσς
461 5259 476 5312 ὁ
487 5260 564 5330 λόγος
576 5263 619 5327 τῆς
632 5260 694 5333 μετὰ
702 5261 790 5332 σαρκὸς
802 5261 940 5334 οἰκονομίας
988 5263 1144 5325 συνελθόντες
1156 5262 1481 5331 atramentarium
1494 5267 1537 5319 ἕνα
1545 5267 1655 5339 χριστὸν,
1670 5270 1761 5338 poher-

164 5343 312 5414 εἰσφέρεται.
988 5345 1093 5417 τομίνης
1106 5346 1221 5413 δηλονότι
1235 5350 1279 5415 τῆς
1297 5347 1455 5409 inundetur
1478 5347 1592 5420 ἓκστίρον
1606 5348 1758 5420 ἂσνγχῦτως,

193 5480 204 5523 t
221 5484 277 5529 Tite
283 5496 353 5541 aspra
364 5485 403 5531 titi.
414 5485 455 5541 ut,
466 5485 573 5530 eru-2
585 5485 647 5532 Sam.
657 5485 748 5532 Sourta
759 5498 776 5538 r,
787 5498 806 5532 e.
819 5497 853 5531 n.
