4104 6160
535 312 586 374 DE
605 306 911 380 INGARNATIONE,
933 305 1005 367 L1B.
1027 305 1081 375 VI,
1109 304 1192 367 CAP.
1215 306 1302 367 VIII.
1667 306 1708 367 lb

9 485 63 533 on·
118 473 266 554 intelligi,
286 476 425 556 primum
446 494 486 538 ex
507 476 544 536 iis
565 476 640 554 ipsis
662 473 764 535 verbis
791 478 892 533 osten·
940 472 1096 547 modum,
1132 472 1448 549 consuetudinemque
1483 471 1707 543 celebriorem,

2 588 98 641 tum
45 539 215 627 meliten.
231 568 318 628 Nos
309 588 342 628 ιιι
357 574 469 649 quarto
483 570 563 629 libro
577 568 675 673 capite
688 565 798 645 quinto
812 583 891 644 pree-
942 517 1096 643 quidquid
1107 563 1143 623 ht
1154 564 1238 642 quod
1252 581 1316 623 uon
1329 570 1406 639 erat,
1423 563 1534 624 desinit
1522 570 1613 624 tesse
1627 564 1710 643 quod

3 646 87 742 ’Ψ
123 660 212 738 cipua
235 659 304 721 loca
319 662 571 740 percensuimus,
588 659 748 737 inquibus
762 656 895 736 Gyriilus
943 661 1023 717 erat·
1018 656 1150 735 equod
1160 656 1216 715 etsi
1229 656 1370 716 universe
1373 655 1592 735 absoluteque
1601 674 1712 716 verum

2 712 80 807 mua
124 769 192 811 eam
206 754 395 814 senteutiam
413 751 620 834 usurpatlbi
636 758 704 831 post
721 750 895 810 unitionem
944 767 1008 808 non
1031 754 1088 820 est,
1113 754 1219 809 tamen
1242 766 1314 809 cum
1336 748 1375 808 de
1398 753 1510 808 natura
1528 749 1713 810 nominatim

124 845 343 906 unomaitesse
354 851 495 906 ιιαιιινιιιιι
513 844 571 906 Dei
586 842 677 903 Verbi
688 843 895 913 acromatum,
946 840 1150 920 exprimitur,
1180 840 1337 900 verissime
1364 839 1489 900 dicitur.
1519 841 1602 900 Nihil
1630 843 1715 902 enim

123 942 176 996 aut
203 934 278 1017 filit,
307 945 361 998 aut
389 938 569 1017 simpliciter
587 936 652 1011 Der,
676 953 734 995 nec
756 949 898 1011 unquam
946 932 1226 992 naturaevocabulo
1239 932 1344 992 subest
1331 932 1453 1007 tuliud,
1474 951 1567 1010 quam
1582 935 1713 1011 essentia,

124 1027 278 1101 absolute,
288 1030 374 1108 quod
386 1029 593 1101 meminerim,
610 1045 706 1087 uuam
715 1025 794 1086 dixit
802 1026 900 1085 incar·
947 1030 978 1084 et
998 1034 1061 1086 τιτι
1074 1030 1104 1100 ιι
1119 1026 1198 1099 εἶναι,
1225 1027 1288 1084 sive
1311 1022 1462 1104 quz'ddr'tas
1488 1025 1561 1085 rei:
1588 1045 1645 1087 nec
1671 1033 1716 1088 est

124 1126 233 1180 natam
246 1127 407 1183 naturam.
432 1121 528 1200 Atqui
544 1122 570 1180 si
591 1134 688 1180 unam
701 1118 787 1178 illam
807 1123 899 1177 uatu-
948 1118 1060 1177 modus
1083 1116 1194 1194 aliquis
1216 1117 1391 1194 adjunctus,
1417 1122 1451 1177 ut
1473 1117 1505 1176 in
1526 1118 1641 1187 Verbo,
1667 1120 1717 1181 vel

125 1229 194 1272 ram
208 1213 411 1275 intellexisset
425 1233 464 1275 ex
473 1214 586 1285 Verbo,
598 1213 900 1273 ethumananetura
949 1227 1092 1289 persona,
1116 1209 1169 1287 qui
1188 1208 1264 1268 citra
1283 1208 1433 1283 essentiae,
1459 1209 1597 1288 adeoque
1620 1211 1717 1290 ipsius

126 1307 344 1384 compositam,
355 1326 420 1367 non
434 1304 670 1376 addidissetDei,
681 1320 782 1380 neque
793 1299 900 1376 Verbi,
950 1302 996 1361 rei
1017 1301 1303 1374 commutationem,
1331 1300 1506 1359 adventitiae
1526 1307 1646 1363 naturae
1668 1323 1717 1363 ac-

127 1414 232 1476 neque
246 1399 306 1458 filii
327 1398 488 1459 vocabula.
514 1396 673 1475 Siquidem
698 1402 810 1453 natura
831 1392 900 1464 ista,

128 1508 199 1568 quae
215 1509 254 1551 ex
273 1491 385 1559 Verbo,
410 1491 460 1551 vel
483 1490 585 1569 potius
608 1506 647 1548 ex
670 1492 782 1546 natura
797 1484 901 1558 Verbi,

131 1582 305 1661 (nonenim
317 1583 469 1658 Verbum,
479 1582 532 1643 sed
546 1586 691 1641 naturam
700 1577 794 1638 Verbi
809 1575 905 1656 Cyril-

128 1673 177 1733 lus
212 1675 279 1735 illic
308 1672 464 1754 nominat)
500 1678 531 1733 et
563 1672 703 1731 bumana
732 1669 905 1729 coalescere

129 1770 305 1846 utcumque
320 1767 468 1839 fingitur,
489 1783 553 1824 non
574 1769 621 1823 est
637 1769 751 1822 nature
770 1759 840 1835 Ilei,
856 1758 906 1819 vel

130 1857 217 1925 Fuit,
238 1864 294 1918 aut
315 1858 427 1919 Verbi:
450 1857 503 1918 sed
523 1863 635 1916 natura
647 1853 769 1915 Christi.
786 1852 907 1930 Quippe

132 1956 247 2010 natura
260 1951 327 2025 Dei,
349 1951 412 2011 sive
426 1949 541 2023 Verbi;
557 1966 627 2026 quae
642 1964 706 2006 nou
724 1945 795 2019 alia,
812 1960 907 2023 quam

132 2041 240 2102 divina
263 2049 331 2117 cst;
358 2041 446 2102 nullo
471 2039 564 2100 modo
589 2036 798 2116 componitur.
826 2033 906 2108 Quid

134 2140 242 2195 nutem
256 2141 303 2195 est
317 2134 462 2213 ineptius,
480 2131 592 2210 quidve
606 2130 644 2190 ab
666 2127 752 2187 omni
775 2128 906 2196 ratione,

134 2244 169 2286 ac
199 2226 309 2306 Cyrilli
326 2230 431 2286 mente
455 2223 579 2301 longius
602 2221 785 2295 abhorrens,
813 2235 908 2297 quam

134 2316 205 2379 haee
241 2335 281 2379 ex
305 2316 464 2396 Anonymi
489 2312 744 2391 interpretatione
771 2310 909 2371 confecta

135 2410 329 2490 propositio:
349 2410 456 2470 «Ante
467 2406 656 2479 nothonem,
674 2404 742 2463 duae
762 2408 834 2463 sunt
853 2419 910 2462 ne·

137 2508 230 2574 tnrae,
245 2520 310 2562 una
324 2500 441 2575 divina,
457 2499 554 2559 altera
565 2497 724 2558 humana:
749 2499 819 2573 post
840 2493 912 2552 uni-

137 2594 260 2654 tionem
274 2611 351 2654 vero
366 2611 430 2653 nna
455 2596 578 2651 tantum
602 2593 649 2649 est
669 2592 782 2647 nutura
808 2585 913 2646 divina

139 2686 330 2766 composita,
350 2693 382 2745 ιι
395 2702 467 2745 caro
480 2682 600 2742 facta.»
621 2680 742 2740 Etenim
759 2675 914 2739 incarnari

140 2796 213 2838 cum
227 2778 267 2838 de
280 2777 342 2837 hoc
351 2774 501 2855 mysterio
510 2772 633 2847 dicitur,
649 2779 694 2832 est
703 2789 820 2832 curnem
832 2769 913 2845 fieri,

139 2869 219 2930 sicut
253 2866 458 2941 inhumanata,
488 2864 571 2944 ιιιιοιι
595 2871 776 2942 ιιαιθρωιιῆσαι
803 2865 916 2921 vocant

140 2961 240 3021 Grati
254 2959 403 3037 theologi,
417 2957 498 3018 nihil
507 2955 591 3016 aliud
602 2960 648 3015 est
662 2970 758 3032 quam
771 2950 916 3012 ιοιιιιιιιιιι

139 3050 223 3131 fieri.
247 3053 311 3113 Nec
326 3052 411 3112 enim
422 3049 549 3111 aliunde
563 3045 730 3124 repetenda
745 3049 790 3105 est
806 3060 916 3104 vocum

139 3145 287 3221 ιειιιιιιιιι,
304 3142 509 3218 etsimih'um,
539 3139 588 3200 ιιι
615 3138 714 3215 origo,
740 3135 790 3195 vel
810 3135 857 3194 vis
883 3152 919 3195 ac

140 3244 293 3319 potestas,
322 3252 417 3314 quam
440 3251 478 3293 ex
502 3188 558 3291 illo
576 3228 706 3292 loannis
719 3224 836 3301 effato¹,
850 3233 918 3288 ιαιι

141 3339 221 3409 λόγος
251 3334 312 3407 σὰρξ
337 3333 433 3406 ἐγένετο
463 3322 588 3385 Verbum
630 3339 700 3382 coro
725 3273 917 3398 factumest,

144 3440 209 3501 quo
224 3438 291 3480 uno
305 3418 417 3478 totade
431 3414 648 3477 Incarnatione
658 3416 741 3472 recte
755 3409 917 3485 sentiendi,

145 3532 182 3573 ac
195 3510 349 3591 loquendi
362 3508 482 3586 regulo,
502 3511 533 3567 et
555 3504 716 3583 disciplina
730 3503 917 3563 continetur.

186 3604 260 3662 VII.
277 3602 378 3675 Quare
391 3600 454 3660 duo
469 3597 536 3658 hec
548 3595 768 3656 absurdissima
786 3593 819 3652 iu
833 3596 919 3654 Anc-

147 3695 242 3775 nymi
260 3692 407 3772 opinione
426 3694 611 3761 versantur:
630 3687 677 3748 uti
697 3685 831 3764 (tyrillus
853 3689 922 3762 post

147 3787 329 3848 unitionem
343 3787 466 3857 statuat,
487 3798 552 3840 non
568 3778 702 3858 amplius
715 3780 845 3837 naturas
858 3794 923 3836 esse

148 3880 241 3949 duas,
266 3880 343 3956 quot
364 3879 436 3935 ante
460 3872 637 3933 unitionem
657 3874 761 3941 erant,
786 3868 924 3928 divinam

149 3977 182 4032 et
211 3971 404 4041 humanam3
427 3965 479 4025 sed
508 3963 605 4024 solam
630 3960 770 4022 divinam
798 3976 923 4039 compo-

150 4063 265 4124 sitam:
295 4065 365 4120 tum
390 4057 533 4118 eamdem
555 4071 680 4115 carnem
708 4070 774 4113 esse
800 4051 923 4112 factam.

149 4154 251 4233 Atqui
259 4150 394 4231 Cyrillus
404 4147 519 4227 ubique
527 4148 716 4208 contrarium
724 4142 842 4219 docet¹3
854 4160 926 4204 eum

151 4254 323 4323 utramque
332 4249 478 4306 naturam
490 4246 640 4319 ἀσιγχυτοι,
655 4244 826 4316 collapsuros
840 4254 929 4295 man·

151 4340 229 4399 sisse
244 4336 361 4407 scribit,
382 4336 442 4395 hoc
462 4339 509 4394 est
524 4335 668 4391 neutram
689 4328 859 4404 confusam,
874 4333 929 4388 aut

152 4430 188 4491 in
202 4429 339 4490 alteram
351 4445 418 4488 esse
431 4440 631 4497 conversam
649 4439 751 4499 neque
765 4425 927 4500 muntam,

153 4521 195 4582 ab
208 4539 267 4581 sua
282 4518 473 4600 proprietate
487 4514 660 4575 descivisse.
676 4512 765 4585 Quod
778 4530 852 4573 saue
869 4511 929 4571 tul-

951 1392 1134 1465 cessionem,
1159 1411 1195 1453 ao
1215 1392 1411 1470 junctionem
1429 1393 1586 1454 sustineat.
1614 1396 1718 1475 ltaque

952 1484 978 1544 si
991 1490 1102 1544 natura
1114 1484 1218 1550 Verbi,
1234 1483 1284 1543 vel
1296 1484 1361 1557 Dei,
1377 1484 1436 1544 hoc
1450 1492 1496 1544 est
1510 1486 1625 1562 divina,
1639 1507 1721 1548 com-

953 1577 1052 1655 posita
1074 1581 1139 1649 est,
1163 1581 1194 1635 et
1214 1592 1285 1635 caro
1308 1575 1408 1647 facta,
1433 1595 1498 1635 non
1521 1580 1721 1658 estamplius

953 1673 1066 1727 natura
1087 1667 1152 1742 Dei,
1171 1685 1228 1726 nec
1241 1668 1350 1741 Verbi;
1374 1669 1427 1728 sed
1445 1675 1510 1728 tota
1529 1689 1600 1730 caro
1615 1681 1670 1742 est,
1690 1673 1722 1733 id

954 1764 1000 1820 est
1013 1759 1162 1830 humana,
1179 1759 1228 1818 vel
1239 1759 1334 1820 homo
1347 1779 1354 1819 ε
1366 1767 1474 1820 contra
1485 1780 1580 1839 quam
1591 1765 1724 1843 Cyrillus

955 1848 1065 1923 sciscit,
1081 1850 1135 1927 qui
1149 1868 1245 1909 unam
1261 1852 1325 1923 ilci,
1342 1870 1378 1912 ac
1389 1854 1483 1913 Verbi
1498 1860 1641 1916 naturam
1656 1876 1723 1917 ma-

956 1960 1031 2002 nere
1047 1942 1136 2000 dixit.
1153 1942 1291 2020 Denique
1312 1944 1371 2003 hcc
1384 1946 1468 2022 quod
1485 1946 1606 2020 dicitur,
1629 1949 1725 2010 iocur-

957 2040 1057 2094 notom
1069 2050 1126 2093 esse
1138 2042 1287 2110 notorem,
1304 2036 1427 2095 nonnisi
1442 2038 1575 2099 unitione
1593 2041 1727 2102 duarum

958 2143 1023 2185 esse
1037 2124 1153 2184 factum
1168 2125 1216 2185 vel
1231 2126 1414 2204 Anonymus
1428 2128 1492 2206 ipse
1506 2132 1670 2192 consentit.
1690 2136 1728 2193 At

958 2216 1054 2276 unitio
1073 2234 1138 2276 non
1157 2218 1189 2276 iu
1205 2223 1316 2277 natura
1336 2219 1403 2295 ipsa
1423 2219 1527 2279 diviua
1542 2224 1668 2300 praecise
1682 2231 1729 2286 est

959 2308 1048 2380 iacta,
1073 2307 1126 2368 scd
1147 2308 1179 2368 in
1199 2326 1341 2387 persona,
1369 2315 1401 2370 et
1422 2311 1606 2374 subsistendi
1621 2318 1725 2378 modo.

959 2400 1084 2479 Alioqui
1118 2405 1182 2460 tota
1211 2401 1344 2460 Trinitas
1378 2419 1504 2463 carnem
1535 2409 1728 2486 suscepisset.

962 2493 1095 2552 Proinde
1116 2498 1233 2553 naturae
1250 2510 1377 2568 nomen,
1401 2512 1473 2554 cum
1488 2494 1530 2555 ita
1547 2499 1651 2558 scribit
1668 2501 1729 2580 Cy-

962 2584 1060 2655 rillus,
1072 2602 1162 2643 unam
1173 2584 1359 2645 incarnatum
1369 2604 1424 2645 esse
1438 2586 1492 2646 Oet
1501 2595 1652 2665 notorum,
1666 2610 1732 2652 non

963 2675 1098 2737 excludit
1113 2693 1262 2754 personae,
1285 2677 1493 2755 personalisve
1511 2680 1596 2740 modi
1614 2683 1733 2761 signifi·

964 2769 1099 2828 cantiam
1113 2787 1120 2827 :
1136 2768 1188 2827 sed
1208 2768 1251 2827 sic
1266 2769 1462 2846 intelligenda
1480 2776 1535 2843 est,
1558 2756 1645 2834 etad
1663 2793 1733 2836 eam

965 2877 1109 2920 normam
1139 2859 1300 2937 exigenda,
1323 2877 1418 2938 quam
1443 2862 1536 2940 paulo
1563 2870 1635 2926 ante
1663 2885 1735 2943 pro-

966 2950 1080 3032 posuit
1095 2951 1161 3024 Qua
1175 2951 1306 3025 sublata,
1321 2957 1351 3011 et
1363 2954 1524 3031 Anonymi
1538 2956 1734 3034 opinione,ac

967 3061 1060 3105 sensu
1084 3043 1245 3122 Cyrilliani
1269 3042 1344 3102 dicti
1371 3044 1474 3121 potius
1501 3046 1628 3123 adscito,
1657 3051 1736 3112 nihil

968 3134 1111 3207 obstabit,
1126 3134 1202 3212 quin
1214 3133 1406 3195 divinitatem
1418 3136 1517 3215 ipsam
1532 3157 1597 3199 esse
1609 3160 1735 3222 compo-

968 3227 1058 3288 sitam
1088 3227 1250 3287 fateamur.
1281 3226 1322 3286 Ut
1344 3226 1430 3288 enim
1453 3234 1737 3304 personachrbi

968 3318 1171 3397 compositam
1183 3334 1259 3393 esse,
1280 3335 1351 3377 cum
1370 3320 1558 3396 gravissimis
1571 3308 1733 3401 theologis.

969 3415 1000 3470 ct
1013 3411 1100 3471 omni
1115 3410 1286 3470 Christiana
1299 3415 1450 3470 vetustate
1464 3412 1576 3472 merito
1590 3414 1733 3489 dicimus,

970 3519 1006 3561 eo
1018 3503 1098 3581 ipso,
1111 3500 1196 3579 quod
1209 3518 1343 3579 persona
1362 3501 1445 3560 illius
1458 3502 1618 3564 incarnata
1634 3514 1690 3583 est,
1707 3514 1738 3569 et

971 3611 1042 3653 caro
1075 3592 1164 3666 facta,
1199 3597 1359 3671 praeeunte
1393 3593 1433 3652 ad
1467 3594 1526 3654 hoe
1553 3596 1736 3677 Evangelio,

972 3685 1055 3765 quod
1075 3684 1199 3746 Verbum
1213 3701 1328 3744 curnem
1344 3684 1516 3764 essesoctum
1525 3689 1631 3749 asserit
1643 3692 1699 3751 :ita
1713 3692 1738 3752 si

972 3785 1084 3839 natura
1097 3777 1163 3856 ipsa
1171 3776 1225 3837 Dei
1243 3776 1403 3836 incarnata
1416 3778 1555 3856 ponitur,
1563 3799 1685 3844 necesse
1695 3790 1741 3845 est

972 3870 1163 3930 divinitatem
1172 3868 1271 3947 ipsam
1281 3886 1345 3928 esse
1355 3870 1567 3948 compositam.
1580 3874 1620 3933 At
1631 3894 1670 3936 ex
1680 3876 1740 3937 alio

973 3961 1072 4041 capite
1095 3979 1135 4021 ne
1154 3959 1220 4039 ipsa
1246 3960 1374 4039 quidem
1397 3978 1461 4021 esse
1481 3967 1662 4043 composita,
1688 3974 1743 4028 aut
1837 3960 1841 3967 ⁴

974 4068 1039 4111 esse
1059 4049 1192 4128 amplius
1210 4048 1353 4109 divinitas
1373 4050 1556 4112 ostenditur.
1581 4055 1743 4134 Siquidem

975 4150 1006 4203 et
1026 4161 1091 4203 esse
1114 4140 1243 4219 simplex
1267 4141 1357 4202 debet
1375 4147 1498 4219 natura,
1526 4144 1588 4206 sire
1612 4150 1744 4209 essentia

976 4234 1041 4309 Dei,
1065 4233 1159 4312 idque
1179 4232 1208 4292 ιι
1232 4236 1278 4293 est
1300 4240 1435 4305 οισιῶιεςι
1460 4240 1496 4294 ut
1517 4254 1554 4296 eo
1574 4238 1741 4317 subtracto,
1768 4263 1901 4312 numu,

976 4326 1061 4406 quod
1075 4323 1207 4385 admissa
1225 4325 1446 4404 compositione
1462 4327 1581 4401 accidit,
1604 4330 1745 4393 funditus

977 4417 1119 4484 intereat,
1144 4435 1179 4477 ac
1200 4416 1344 4477 divinitas
1368 4434 1432 4478 esse
1455 4417 1594 4481 desinat:
1621 4428 1745 4484 etcum

979 4511 1088 4571 eadem
1099 4526 1171 4569 caro
1185 4508 1225 4568 sit
1236 4507 1326 4585 facta,
1342 4508 1401 4569 hoc
1416 4510 1509 4570 estin
1523 4529 1649 4573 carnem
1668 4535 1745 4576 con-

154 4614 316 4674 sissimum
336 4617 393 4684 est,
416 4610 440 4669 si
463 4613 577 4669 natura
601 4605 716 4679 diviua,
741 4603 791 4664 cui
812 4603 932 4683 potissi·
980 4621 1089 4676 versa,
1114 4601 1243 4681 perinde
1274 4619 1340 4662 rem
1370 4619 1407 4662 ac
1433 4620 1549 4662 nomen
1577 4605 1747 4669 diiinitatis

154 4723 249 4766 mum
265 4705 329 4765 duo
347 4703 406 4762 ista
426 4698 592 4762 convenire
608 4697 733 4770 debent,
750 4714 789 4755 cx
802 4694 932 4774 simphci
981 4694 1103 4756 amittit.
1131 4695 1223 4754 Missa
1244 4693 1322 4754 facio
1350 4701 1534 4772 argumenta
1561 4704 1687 4779 caetera,
1717 4707 1749 4763 et

156 4796 240 4857 iacta
254 4794 427 4872 composita
440 4799 497 4867 est,
514 4792 590 4850 etin
602 4805 726 4849 caruem
741 4793 787 4848 est
801 4793 930 4847 mutata.
981 4786 1130 4867 quidquid
1158 4787 1290 4860 ratione,
1319 4786 1561 4865 auctoritateque
1587 4792 1749 4854 collectum

156 4889 243 4949 Nam
266 4893 414 4947 naturam
434 4882 615 4963 quampiam
637 4897 709 4941 cum
729 4879 797 4939 fieri
816 4878 933 4957 aliquid
982 4884 1028 4941 est
1054 4879 1200 4938 adversus
1232 4878 1434 4956 compositum
1461 4884 1526 4939 tam
1552 4881 1625 4957 Ilei,
1655 4903 1750 4964 quam

157 4980 312 5055 dicimus,
336 4976 418 5037 nihil
441 4975 526 5035 aliud
552 4973 657 5033 animo
678 4972 838 5051 concipere
864 4988 934 5049 pos-
983 4970 1094 5032 Christi
1121 4974 1286 5044 nutriram3
1316 4969 1402 5030 illam
1427 4971 1573 5049 quidem,
1603 4976 1637 5034 in
1663 4982 1750 5038 tomo

157 5090 282 5148 sumus,
299 5086 397 5148 quam
417 5066 561 5128 eamdem
575 5065 608 5124 id
621 5064 703 5142 quod
719 5070 785 5124 erat
798 5081 863 5123 esse
882 5062 935 5123 de·
983 5060 1111 5143 primo',
1135 5061 1189 5121 ubi
1212 5061 1250 5121 de
1273 5060 1327 5122 Dei
1351 5062 1548 5141 simplicitate
1571 5067 1655 5128 dixi:
1670 5069 1752 5131 hanc

157 5165 277 5231 ειιιιιι,
298 5168 330 5223 ιι
349 5160 487 5240 incipere
506 5174 570 5217 esse
590 5156 673 5234 quod
691 5175 756 5215 non
772 5162 849 5216 erat.
865 5156 934 5214 Imo
983 5172 1057 5215 vero
1069 5154 1146 5214 tomi
1161 5152 1253 5231 hujus
1266 5153 1346 5215 libro
1360 5153 1473 5216 tertiat

157 5262 199 5317 ιιι
212 5254 320 5317 scribit
328 5250 525 5332 Augustinus
535 5246 559 5325 ³,
571 5268 587 5307 ι
600 5248 773 5310 secundum
785 5246 933 5327 loquendi
1024 5246 1105 5308 Vlll.
1129 5247 1170 5307 Ut
1182 5252 1288 5307 autem
1302 5246 1410 5327 cyrilli
1421 5247 1593 5329 integritas,
1609 5258 1641 5316 et
1652 5253 1751 5336 impe.

190 5460 203 5502 ι
217 5457 282 5503 m.
293 5465 311 5506 1,
322 5450 534 5506 iu-suump.
546 5449 561 5494 l.
572 5448 652 5504 mer,
671 5448 716 5506 st.
728 5471 750 5483 -
765 5447 862 5505 thuni.
871 5445 984 5498 milli,
996 5457 1111 5503 qam.-
1123 5445 1156 5502 ις
1166 5447 1216 5492 ι.-
1226 5445 1620 5506 ιιιι.ιιι,-ιιιι.ιιι,ο.ιι,ιιι,ιιιι.
