3932 6142
480 321 530 381 nn
548 320 853 388 INGARNATIONE,
875 319 950 383 LIB.
973 320 1059 394 VIII,
1086 319 1173 381 GAP.
1196 317 1279 378 VIII.
1611 317 1671 378 235

133 480 258 543 Idemin
276 481 431 564 Exeat-pto
445 484 556 564 quinto
573 487 765 559 «Beronum,
780 483 854 561 ait',
904 502 994 561 nem;
1009 489 1040 546 et
1053 498 1126 548 cum
1137 484 1234 546 oculis
1247 483 1286 544 ab
1296 481 1455 544 nativitate
1469 488 1558 561 capto
1570 483 1671 545 viarm

97 571 241 633 Valentini
267 574 481 654 phantasmate
506 577 631 652 relicto,
657 577 689 638 in
702 578 854 656 majorem
904 577 1088 655 restitueret,
1109 578 1256 638 humente
1276 580 1395 636 nature
1416 573 1578 654 proprium
1599 574 1669 650 tuit,

98 665 269 744 pravitatem
281 666 459 742 iucurrisse,
475 668 648 737 utdiceret,
661 673 853 748 assumptam
904 670 986 747 quod
1011 674 1138 749 sputum
1164 669 1320 729 emitteret
1348 685 1356 726 t
1384 665 1525 727 divinum
1553 671 1670 741 autem,

98 755 217 817 aVcrbo
227 776 355 819 carnem
366 759 504 837 ejusdem
517 777 589 821 cum
610 760 770 821 diuinitate
783 776 855 839 ope-
905 761 989 839 quod
1003 761 1070 822 luto
1082 761 1187 822 oculos
1195 760 1339 839 aperiret.
1351 758 1401 819 Sic
1410 757 1444 817 in
1453 758 1570 818 Lazaro
1579 759 1672 819 susci-

97 848 213 910 naonis
227 866 306 926 esse,
325 856 452 930 propter
469 852 723 930 assumptionem,
740 850 851 911 diviui·
903 852 1009 929 tando,
1024 859 1173 932 tanquam
1192 852 1298 924 homo,
1317 868 1426 911 rocem
1442 848 1559 924 emisit3
1581 867 1670 911 eum-

97 942 182 999 tatem
195 958 269 1002 vcro
283 941 475 1004 eademnam
487 948 854 1023 earmepassam,proptcr
903 942 975 1004 dem
985 944 1224 1017 verodivinitus,
1236 948 1427 1021 ectanquam
1437 942 1518 1002 Deus
1527 941 1673 1001 excitavit

97 1031 340 1094 ennanitionem.
357 1035 479 1112 Exque
493 1035 636 1110 mutatio,
652 1040 683 1096 et
702 1035 851 1095 commix-
903 1037 1077 1096 amortuis.
1097 1035 1196 1096 «Haec
1209 1040 1326 1108 autem,
1341 1034 1394 1106 ait,
1407 1033 1449 1093 ita
1460 1032 1672 1110 factasunt,et

97 1122 142 1195 tio,
157 1128 187 1183 et
204 1123 357 1201 contusio,
378 1131 409 1186 et
425 1125 460 1186 in
477 1143 509 1186 se
529 1126 664 1187 invicem
687 1125 852 1187 ambarum
903 1131 1061 1188 ostensum
1071 1145 1136 1187 non
1150 1127 1250 1204 speeie
1263 1127 1340 1203 sola,
1355 1125 1407 1186 sed
1422 1142 1496 1187 vere
1509 1124 1598 1184 illum
1607 1140 1672 1184 eor·

98 1215 854 1297 anvaaiosequehatursouippenaturai-umnec
903 1236 962 1296 pus
995 1218 1149 1280 habuisse.
1188 1218 1321 1280 Docebat
1358 1222 1463 1278 autem
1503 1216 1672 1276 Dominum

95 1311 173 1384 pacto
188 1306 257 1366 tolli
268 1308 410 1369 funditus
422 1326 515 1369 omne
528 1309 706 1370 discrimen.
722 1308 852 1388 «Siqui-
905 1309 1042 1372 humana
1056 1329 1148 1372 carne
1160 1311 1308 1372 vestitum
1316 1310 1398 1371 hanc
1410 1314 1509 1369 totam
1521 1325 1593 1369 oum
1604 1326 1673 1386 pas·

95 1395 157 1457 dem
168 1415 239 1476 qum
258 1398 340 1460 inter
361 1416 394 1460 aa
412 1400 554 1461 eamdem
578 1400 808 1480 operationem,
823 1405 855 1461 et
903 1401 1041 1461 sionibus
1053 1402 1186 1481 propriis
1197 1401 1344 1476 induere;
1359 1406 1395 1462 ut
1408 1399 1670 1480 quemadmodum

95 1487 607 1570 efficientiamhabent,etejusdem
620 1494 855 1570 omnincgene-
902 1493 1065 1571 proprium
1084 1493 1167 1553 illius
1190 1511 1255 1554 esse
1282 1511 1393 1573 corpus
1419 1491 1558 1563 dicimus,
1575 1490 1618 1551 sic
1641 1497 1672 1552 et

95 1580 132 1640 ris
138 1582 298 1660 passionis,
312 1582 434 1644 nullum
446 1574 567 1645 naturae
580 1585 746 1650 discrimen
756 1603 853 1663 agno·
903 1584 1040 1662 corporis
1064 1586 1220 1664 passiones
1241 1585 1379 1663 ejusdem
1398 1583 1531 1662 propriae
1544 1600 1610 1642 esse
1628 1582 1672 1642 di·

94 1689 211 1733 scere.»
902 1680 1021 1751 eantur,
1037 1676 1179 1755 quamvis
1198 1677 1382 1755 nentiquam
1399 1674 1570 1735 secundum
1593 1670 1671 1732 divi-

128 1762 174 1824 Sic
187 1764 221 1824 in
247 1769 334 1826 sexto
351 1764 526 1844 fingmento
549 1767 703 1829 Beroeam
728 1784 855 1846 prorsus
902 1766 1032 1827 nitatmn
1060 1767 1164 1846 ipsum
1197 1769 1386 1846 attingerent
1405 1776 1425 1825 ⁰.
1464 1791 1478 1820 υ
1510 1766 1558 1825 Ita
1585 1766 1670 1825 enim

94 1854 192 1917 atem
225 1862 414 1935 argumento
445 1857 574 1933 refellit,
610 1876 672 1936 quo
706 1859 854 1919 adversus
902 1864 1058 1937 postrema
1077 1859 1137 1920 loci
1161 1859 1254 1937 hujus
1268 1877 1340 1921 cum
1362 1856 1497 1937 negandi
1521 1856 1671 1936 particula

94 1946 307 2009 Vonotheletas
328 1949 376 2009 usi
397 1954 470 2009 sunt
490 1949 649 2010 Catholici.
669 1950 730 2011 aSi
749 1950 852 2027 igitur,
902 1949 936 2009 in
951 1950 1056 2011 Graeoo
1078 1950 1209 2029 legenda
1230 1955 1313 2026 sunt,
1338 1954 1415 2011 utet
1440 1949 1567 2009 Latinus
1579 1947 1672 2008 vertit

93 2036 193 2116 inquit,
208 2044 248 2100 ut
260 2040 305 2099 ait
321 2041 412 2115 Bere,
430 2039 568 2119 ejusdem
582 2058 654 2101 cum
672 2041 739 2120 ipso
761 2047 855 2102 natu·
903 2040 1070 2120 Interpres.

93 2128 157 2189 ralis
177 2130 368 2210 operationis
388 2130 447 2192 fuit
468 2137 624 2210 assumpta
649 2149 731 2205 caro,
746 2134 854 2211 utique
942 2131 1030 2192 Idem
1050 2131 1191 2209 pluribus
1214 2131 1392 2210 interjectis,
1406 2132 1507 2193 eidem
1527 2129 1672 2192 iasistens

93 2217 293 2299 tuitejusdem
309 2222 458 2302 cumipse
472 2223 855 2291 natura,eteasdemeum
902 2222 1015 2283 rationi
1037 2224 1169 2284 Arianos
1189 2223 1303 2301 arguit,
1324 2242 1394 2303 que
1417 2223 1456 2283 ab
1486 2222 1608 2283 Christo
1630 2241 1670 2284 ex

93 2316 193 2373 natura
211 2313 419 2392 proprietates
439 2314 559 2384 habuit,
585 2319 621 2373 ut
647 2319 679 2374 et
700 2314 854 2395 principio
902 2314 1049 2375 humanae
1079 2323 1200 2375 naturae
1234 2314 1444 2375 imbecillitate
1477 2319 1563 2393 gesta
1586 2321 1669 2384 sunt,

93 2408 207 2476 careret,
218 2407 254 2465 et
266 2404 406 2482 ingenita
414 2403 644 2481 esset,iutinita,
652 2406 851 2484 sempiterna,
903 2405 1057 2467 divinitati
1071 2405 1253 2467 tribuentes.
1272 2426 1288 2463 ι
1306 2407 1376 2467 Non
1390 2407 1474 2467 enim
1488 2405 1593 2481 Verbi,
1609 2424 1672 2484 qua

93 2493 352 2574 incomprehensa,
367 2513 404 2556 ac
416 2503 527 2556 eoetera
541 2497 791 2576 quacumquein
806 2497 853 2557 di-
902 2497 1041 2557 Verbum
1058 2505 1116 2573 est,
1135 2498 1271 2577 propria,
1298 2498 1408 2577 inquit,
1432 2498 1490 2559 ista
1512 2504 1596 2573 sunt,
1618 2497 1672 2558 aad

92 2584 205 2648 vinitate
241 2587 412 2666 theologica
445 2587 648 2649 consideratio
691 2589 854 2650 excellenti
903 2589 1052 2650 humana.
1066 2590 1109 2650 Αο
1123 2589 1528 2668 quemadmodumspuentc
1547 2589 1626 2668 ipso,
1641 2594 1673 2649 et

93 2677 214 2754 medam
230 2679 364 2755 ratione,
375 2685 406 2740 et
418 2679 592 2740 eminenter
604 2680 639 2740 in
653 2681 766 2743 deitate
778 2699 853 2741 con·
903 2697 1032 2741 manum
1052 2685 1249 2755 extendente,
1265 2685 1296 2740 et
1315 2682 1464 2741 Lazarum
1485 2679 1669 2760 appellente,

93 2770 314 2849 temptatura»
903 2789 967 2832 non
988 2771 1119 2831 dicimus
1145 2771 1347 2832 humanitatis
1369 2788 1434 2832 esse
1456 2772 1582 2852 propria
1593 2788 1672 2850 prae·

127 2861 305 2942 lnaeptimo
318 2879 463 2941 quoque3
482 2884 498 2920 ι
513 2863 547 2925 Si
570 2862 722 2943 ejusdem,
737 2859 850 2940 inquit.
902 2863 983 2924 clare
1009 2862 1099 2931 lacta,
1115 2863 1257 2942 quamvis
1277 2880 1333 2942 per
1353 2881 1464 2943 corpus
1481 2862 1601 2936 tierent,
1617 2864 1671 2925 sed

92 2954 232 3033 cumipse
248 2960 370 3015 naturae
386 2971 450 3013 non
463 2953 532 3030 fuit,
548 2973 605 3016 nec
626 2954 765 3033 ejusdem
778 2969 852 3015 cum
901 2954 1005 3035 potius
1031 2954 1085 3014 liei
1105 2955 1171 3014 :sic
1190 2953 1284 3015 etiam
1305 2972 1378 3015 cum
1402 2954 1441 3015 de
1461 2954 1619 3015 Salvatore
1635 2954 1670 3015 in

92 3045 150 3122 ipso
161 3044 256 3106 fuerit
270 3063 412 3125 unquam
432 3046 582 3106 naturalis
595 3043 781 3123 operationis
793 3042 815 3104 ⁶.
831 3062 848 3099 υ
901 3045 1068 3124 Evangelio
1081 3045 1218 3106 humana
1231 3045 1390 3118 dicuntur,
1405 3063 1514 3106 rursus
1526 3050 1669 3105 naturam

92 3137 170 3210 Quod
181 3139 287 3217 ipsum
303 3143 335 3197 ct
352 3137 386 3197 in
399 3143 521 3211 oetam,
537 3143 740 3217 acpcstremo
759 3134 851 3196 fusis·
900 3136 1102 3215 eorumquae
1117 3136 1274 3212 dicuntur,
1286 3137 1453 3210 intuentes,
1469 3153 1506 3198 ea
1521 3141 1668 3214 tanquam

91 3229 159 3289 sime
169 3229 322 3300 declarat3
337 3247 373 3289 ac
388 3230 543 3290 Beronem
562 3235 681 3310 ἀνιργιῐας
696 3238 806 3308 μονάδα,
819 3228 851 3289 id
901 3228 1000 3289 aliena
1015 3229 1089 3304 Deo,
1104 3245 1170 3288 non
1191 3226 1346 3288 divinitati
1367 3227 1472 3303 Verbi,
1488 3227 1540 3287 sed
1560 3227 1668 3287 huma-

91 3319 321 3401 estoperotiom's
333 3318 475 3381 unt'tctem
494 3326 720 3381 asseverantem
740 3318 851 3381 Christi
900 3320 991 3380 nitati
1011 3319 1107 3399 ipsius
1125 3317 1346 3398 imputemnst.
1371 3340 1386 3377 υ
1416 3319 1564 3386 Quamvis
1583 3319 1669 3379 enim

91 3411 288 3487 dvhumtem,
299 3412 586 3491 humanitatemque
600 3411 799 3472 confundere.
900 3410 1039 3471 Verbum
1053 3429 1123 3472 caro
1137 3411 1187 3482 sit,
1203 3412 1287 3470 carni
1304 3415 1412 3472 amen
1431 3410 1587 3490 passiones
1599 3427 1669 3489 pro

125 3504 161 3563 V.
179 3503 388 3563 Athanasium
401 3503 568 3583 Hippolyto
580 3502 853 3582 subjiciemus‚qui
901 3503 1069 3581 priaesunt.

90 3592 283 3655 bosedone
309 3610 344 3655 ιν
366 3594 506 3654 adverus
526 3595 656 3656 Arianos
681 3595 848 3666 humanae,
942 3593 995 3652 llis
1009 3592 1107 3651 affinia
1121 3590 1391 3671 estlocus,quem
1404 3609 1443 3652 ex
1456 3591 1564 3652 eadem
1575 3591 1670 3652 Atha·

90 3683 259 3765 dirinaque
272 3690 393 3745 nahusa
403 3684 571 3758 distinctas,
584 3692 615 3747 et
623 3685 765 3764 proprias
778 3703 852 3763 ope-
902 3683 979 3744 nesii
993 3683 1132 3744 oratione
1151 3688 1261 3762 quarta
1274 3682 1404 3763 protulit
1418 3683 1539 3762 Agatho
1550 3683 1668 3745 Βουτο-

89 3774 417 3856 rationesapertissime
428 3775 573 3836 adscribit
581 3796 589 3851 ;
599 3793 669 3856 quae
678 3776 712 3836 in
721 3775 849 3837 edendis
902 3793 963 3837 nus
976 3773 1115 3855 pontifex
1127 3775 1161 3834 in
1184 3774 1303 3836 actione
1317 3780 1426 3854 quarta
1439 3780 1532 3836 sexte
1544 3774 1667 3855 synodi.

89 3865 237 3928 mitacnlis
251 3869 285 3927 in
294 3883 395 3927 unum
408 3872 642 3943 concurrerunt,
649 3872 680 3927 et
687 3866 852 3926 ambarum
939 3867 994 3927 VI.
1017 3865 1196 3926 Eustathius
1205 3865 1414 3927 Antiochenus
1426 3866 1461 3926 in
1472 3867 1552 3928 libro
1565 3872 1670 3927 contra

89 3964 265 4019 naturarum
278 3957 378 4019 iecere
391 3958 496 4019 fidem.
505 3958 546 4018 Ut
556 3975 629 4018 cum
637 3957 718 4018 Petri
728 3975 852 4017 socrum
899 3957 1029 4019 Arianos
1038 3957 1174 4018 citatusa
1186 3957 1306 4018 Gelasio
1314 3954 1446 4037 Papa¹.a
1456 3959 1487 4019 Si
1496 3959 1666 4031 inChristo,

88 4047 265 4111 febrientem
279 4048 432 4123 exalavit,
458 4048 596 4109 humano
614 4064 702 4110 more
715 4048 853 4128 porrexit
901 4049 1022 4128 lnquit,
1051 4049 1211 4127 plenitudo
1223 4048 1390 4109 divinitatis
1404 4047 1567 4122 inhahitat,
1583 4048 1669 4110 aliud

88 4157 229 4216 manum;
250 4140 399 4200 divinitus
420 4147 526 4201 autem
549 4142 669 4201 sanavit
693 4140 851 4219 aegritudi-
901 4158 975 4201 vero
998 4140 1081 4219 quod
1105 4139 1306 4200 inhabitatur.
1333 4139 1368 4201 Si
1389 4156 1464 4200 uero
1486 4140 1669 4201 naturaliter

118 4328 139 4369 u
155 4315 235 4369 ΗΜ.
256 4311 286 4367 EI
304 4312 387 4366 τοίνυν
409 4312 472 4365 κατὰ
490 4310 594 4384 [talpona
615 4316 659 4379 τῆς
683 4310 758 4378 adri<
782 4310 850 4383 αὐτῷ
900 4309 932 4364 τά
944 4314 988 4364 τοῦ
1002 4310 1117 4381 σώματος
1129 4309 1193 4377 πάθη
1212 4306 1263 4362 ίθια
1284 4310 1358 4379 μόνον
1372 4306 1445 4362 αθτοΰ
1462 4309 1570 4380 λίγεται,
1586 4307 1607 4363 εί
1626 4310 1667 4363 καί

87 4397 264 4469 προσληφθεῖσα
271 4399 372 4467 ρυσυιής
382 4392 501 4467 ἀνιργείας
509 4395 608 4467 γέγονεν
622 4392 638 4460 ἡ
652 4392 721 4466 αάρξ,
735 4394 850 4462 δηλονότι
901 4391 949 4465 οὔχ
961 4393 1053 4459 ἥπτετο
1063 4391 1125 4445 κατά
1133 4391 1177 4459 τὴν
1187 4392 1289 4458 θιότητα
1303 4384 1387 4445 αὖτοῦ.

87 4484 124 4531 eat
136 4485 179 4546 τῆς
199 4477 275 4545 viria
293 4476 362 4549 αθτῷ
375 4479 461 4549 γάγυντ
481 4477 574 4547 ρίστως
587 4475 640 4548 μεθ’
656 4477 722 4529 ὅσων
742 4474 758 4542 ἡ
771 4475 850 4547 piore,
935 4475 957 4531 d
976 4473 1043 4530 lbid.
1063 4473 1099 4528 Οθ
1122 4473 1170 4546 γὰρ
1191 4478 1234 4528 τοῦ
1255 4474 1343 4546 λόγου,
1366 4468 1382 4547 ᾖ
1410 4473 1485 4545 λόγος
1508 4472 1568 4542 ἐστὶ,
1590 4468 1668 4528 ταῦτα

88 4560 209 4636 ἀναρχίας,
221 4560 377 4633 ἀγεννηαίας,
387 4559 507 4632 ἀπειρίας,
517 4558 664 4627 ἀιδιότητος,
677 4557 849 4630 ἀταταλυψίυς.
900 4559 1015 4631 τυγχάνει
1030 4558 1099 4626 ὄντα,
1115 4556 1181 4610 ἀλλά
1193 4563 1243 4610 τῶν
1263 4557 1420 4629 ἀνθρωπίνων
1434 4555 1499 4610 ἐστίν
1513 4555 1566 4609 tera
1578 4562 1667 4624 ταῦτα,

88 4646 182 4699 utras
202 4646 253 4699 θοα
269 4643 363 4697 τούτων
377 4641 430 4695 καθ’
450 4639 574 4714 ίιτερογὴν
594 4640 609 4694 θ
626 4640 764 4713 θεολογοιθς
776 4640 850 4711 θαερ-
899 4640 941 4693 καί
957 4641 1040 4711 ὥσπερ
1055 4638 1190 4701 κτίσαντος
1204 4639 1289 4705 αθτοῦ,
1305 4640 1347 4692 acl
1370 4637 1518 4700 ἐκτείναντος
1531 4641 1612 4712 χεῖρα,
1626 4640 1668 4694 καλ

89 4733 149 4795 pade
162 4725 238 4799 ίνορᾷ
250 4731 281 4799 τῇ
294 4727 390 4793 tama
403 4725 487 4796 λόγος.
900 4723 1058 4792 φωνήσαντος
1082 4723 1203 4793 Λάζαρυν,
1219 4720 1263 4775 οὖα
1275 4721 1391 4794 ἐλέγομεν
1406 4721 1544 4793 ἀνθρώπινα
1561 4716 1624 4774 εἶναι
1636 4722 1668 4776 τά

119 4806 224 4864 tibia.
244 4806 274 4861 Et
295 4806 322 4861 θά
346 4812 390 4875 τῆς
410 4807 485 4874 αὐτῆς
505 4804 574 4877 atiud
595 4803 628 4877 μὴ
647 4804 732 4877 γίγοντ
745 4803 849 4875 odorus,
900 4805 1088 4876 κατορθώματα,
1105 4797 1667 4877 εἰιιαλδιάτοῦαιθρατοςάγίνετο,ἀλλάθεοθ.

88 4889 139 4945 ab&
151 4895 195 4957 τῆς
210 4890 285 4957 αὐτῆς
298 4888 366 4961 αὐτῷ
379 4888 440 4943 τοτὲ
450 4890 578 4960 γενήσεται
591 4890 690 4957 φυτικῆς
703 4884 832 4958 ἀννργιίας.
901 4886 978 4949 οὕτως
993 4884 1033 4939 tia
1048 4885 1079 4940 τά
1091 4885 1232 4956 ἀνθρώπινα
1240 4886 1341 4957 λέγηται
1352 4886 1408 4959 περί
1419 4880 1463 4940 τοῖν
1476 4891 1588 4957 σωτῆρος
1598 4886 1622 4940 Iu
1631 4894 1669 4960 τῷ

122 4975 260 5030 ednas.
284 4976 354 5028 orat.
373 4986 413 5027 tt.
432 4971 514 5025 Ταῦτα
532 4967 558 5023 δὲ
582 4969 659 5031 οθτως
683 4967 788 5040 ἐγίνετο,
810 4969 851 5021 καί
901 4967 1046 5041 τῦαγγελίιρ,
1059 4969 1133 5022 πάλιν
1149 4967 1181 5031 είς
1198 4968 1242 5035 τὴν
1257 4969 1325 5038 ρθσιν
1340 4975 1389 5023 τῶν
1400 4969 1541 5042 λεγομένων
1554 4970 1667 5041 δρῶντες,

87 5053 217 5118 leram
231 5057 269 5108 θτι
282 5047 849 5126 μὴρανταοίρ,ἀλλάἀληθείᾳίχωνῆναῶμα·
900 5051 941 5104 καί
956 5051 990 5112 ὡς
1004 5049 1122 5123 ἀλλότρια
1148 5044 1193 5105 rob
1214 5045 1270 5105 deod
1290 5052 1450 5124 τυγχάνοντα,
1478 5050 1510 5122 μὴ
1532 5056 1562 5124 τῇ
1574 5052 1669 5120 θιθτγτι

86 5135 171 5209 lapsae
189 5137 218 5191 δὲ
234 5138 275 5191 etv
288 5136 371 5208 τιθριον
385 5134 583 5206 ἀνδιὸυατιόμενον
597 5132 748 5206 ἀνθρωπίνην
762 5133 849 5205 οάρκα,
901 5137 943 5188 roi
968 5135 1045 5205 λόγου
1072 5139 1151 5189 ταῦτα
1167 5133 1333 5207 λογιζώμεθα,
1359 5134 1425 5189 ἀλλά
1446 5139 1477 5208 τῇ
1500 5134 1669 5207 ἀνθρωπότιγτι

85 5222 171 5288 ταύτην
189 5219 252 5291 perd
264 5224 315 5273 τῶν
336 5217 405 5271 ἰδίων
418 5219 502 5272 παθῶν
524 5216 599 5285 αὐτῆς
623 5216 683 5284 θλην
698 5213 849 5270 eatam·
901 5215 985 5270 αὐτοῦ.

84 5302 125 5354 Ira
136 5304 222 5373 ὥσπερ
232 5299 294 5355 ἴδιον
309 5299 377 5373 eladi
389 5300 494 5372 λέγομεν
515 5293 577 5353 είναι
589 5298 620 5353 rb
635 5304 721 5370 σῶμα,
734 5298 799 5353 οὕτω
809 5298 850 5351 καί

111 5444 122 5486 1
134 5442 190 5487 Vide
201 5452 265 5498 sopra
279 5453 329 5497 cap.
344 5452 380 5492 ιω,
391 5439 407 5496 ς
418 5438 438 5484 1.
450 5462 479 5474 -
487 5440 502 5483 θ
511 5439 571 5484 ron.
583 5440 610 5484 lv
623 5440 679 5484 aar.

1703 3893 1832 3939 Eumtbtus

1730 3948 1807 3992 Λαθο-

1719 4001 1810 4046 chenus.
