3956 6158
544 222 1016 301 carnonensrrons,s1s.
1040 185 1108 300 xu',
1132 221 1214 285 ear.
1237 221 1347 284 xvru.
1677 220 1731 283 οιι

158 394 228 451 ente
242 389 617 471 constannnopotttsnum
634 388 798 452 concilium
810 388 920 451 edebet
970 386 1131 467 superstite
1144 386 1246 449 adhue
1260 383 1439 455 Athanasio,
1455 390 1491 447 ut
1500 382 1737 466 Apollinarists-

157 481 212 542 ista
228 481 371 562 cyrillus.
969 492 1051 555 rum,
1067 478 1372 556 Macedonianorum,
1386 485 1417 540 et
1428 476 1494 539 alie
1506 476 1677 550 nonnulle,
1699 476 1738 537 ad

23 617 60 658 γυ,
75 624 122 668 ⁵3„
195 574 238 633 X.
260 573 449 654 Epiphanius
461 575 547 650 item,
563 575 619 653 qui
640 592 723 635 auno
742 573 919 634 Diocletiani
970 588 1047 649 ques
1058 572 1287 647 retundendas3
1303 573 1367 632 imo
1382 571 1421 633 ed
1445 588 1553 632 omnes
1567 569 1642 629 alias
1657 567 1739 628 suffi-

19 666 123 765 e⁵s⁰¹⁸ssi⁵n
157 664 918 743 nonagesimo,Valentiniani‚etValentisdecimo,
970 680 1040 724 cere
1070 663 1231 725 Nieeeuum
1258 663 1436 745 symbolum
1463 663 1579 742 passim
1605 660 1740 721 affirmet

12 735 121 836 palchen:
157 756 292 818 Gratiam
304 762 402 833 sexto,
416 760 698 819 Ancorutemsuum
706 756 918 834 elucubrabat,
971 755 1167 817 Athanasius.
1194 757 1286 836 Cujus
1306 757 1423 818 illustre
1437 756 1662 826 testimonium,
1675 753 1739 813 imo

11 837 132 925 ἓξὲξ,
156 853 191 909 ut
202 848 333 927 ipsemet
345 848 532 925 refert¹,hoc
541 848 704 910 cstGlnisti
715 850 774 909 373
786 848 918 925 lubente,
973 847 1065 907 totius
1078 847 1565 929 Alexandrinassynodiexstetin
1578 846 1738 926 synodica,
1861 884 1862 887 =

155 939 332 1019 symbolum
355 940 471 1021 duplex
483 942 654 1024 proponit:
675 941 821 1016 alterum,
836 940 921 1020 quod
971 958 1041 1019 quse
1069 938 1109 1002 ud
1130 940 1333 1003 Antiochenses
1363 939 1553 1002 inscribitur.
1584 940 1630 1000 lbi
1655 939 1739 1001 enim

154 1031 315 1093 Nicaenum
328 1036 470 1094 nominet
485 1054 493 1109 ;
508 1052 581 1094 cum
602 1033 641 1093 ab
662 1033 920 1113 Constantinopo·
972 1031 1188 1095 Serdieensem
1202 1033 1247 1095 ait
1261 1035 1417 1114 synodum
1434 1034 1654 1105 «decresseme
1664 1033 1740 1112 quid

154 1124 249 1186 ίίίιιιιο
262 1143 431 1205 perparum
444 1125 922 1206 discrepethdjectesuntenim
970 1124 1099 1186 ulterius
1117 1126 1156 1187 de
1182 1126 1243 1188 fide
1272 1126 1482 1187 scriberetur:
1496 1126 1549 1187 sed
1570 1133 1606 1186 nt
1630 1142 1740 1187 omnes

154 1216 192 1277 ad
205 1217 265 1279 hoc
286 1218 343 1279 ista
356 1222 491 1294 mntem,
505 1225 575 1298 post
592 1228 658 1279 ente
679 1218 777 1280 omnio
801 1218 919 1292 seculo,
970 1214 1107 1278 contenti
1121 1223 1223 1280 essent
1236 1237 1273 1280 ea
1290 1218 1362 1291 fide,
1379 1235 1475 1297 quam
1488 1217 1599 1278 Nicaeae
1611 1216 1739 1296 professi

154 1308 206 1370 ίιοο
217 1317 262 1370 est
278 1310 461 1373 suessanae
472 1310 588 1372 Petris.
602 1312 680 1371 Item
696 1310 921 1390 portuense·
970 1314 1057 1371 erent
1066 1311 1190 1372 Patres:
1207 1312 1291 1390 quod
1306 1310 1385 1372 nihil
1399 1310 1428 1371 ci
1440 1310 1568 1386 deesset,
1577 1310 1631 1371 sed
1647 1310 1741 1390 plene

53 1399 55 1404 ’
152 1420 236 1482 ροισι
245 1403 345 1464 omnin
353 1403 437 1485 fecta
452 1411 529 1482 sunt,
544 1403 776 1464 ndditasuntah
791 1404 922 1484 Epipba-
968 1401 1089 1481 pictatis
1105 1400 1203 1465 toret:
1220 1422 1256 1465 eo
1269 1403 1356 1464 nullo
1369 1403 1463 1464 modo
1486 1403 1653 1463 secundam
1667 1404 1740 1465 fidel

152 1494 204 1554 nio
217 1495 301 1556 ista:
322 1514 444 1578 qunque
472 1498 505 1557 in
529 1496 611 1558 caelis
637 1503 715 1569 sunt,
739 1501 769 1557 et
796 1514 862 1578 quc
888 1497 920 1557 in
970 1495 1197 1574 expositionem
1223 1496 1314 1557 scribi
1340 1499 1485 1575 oportere
1500 1515 1506 1555 :
1523 1515 1563 1557 ne
1593 1494 1648 1556 illa
1668 1514 1740 1575 que

151 1593 250 1662 terre,
267 1589 480 1670 caemreplane
493 1589 764 1650 eademsuntcum
775 1590 919 1650 constan·
970 1586 1052 1665 apud
1075 1587 1212 1649 Ntccam
1231 1588 1403 1668 consumpta
1422 1587 1533 1665 fuerat,
1562 1586 1741 1666 imperiecte

151 1678 357 1759 tinopolitano
370 1681 525 1763 symbolo.
550 1683 590 1741 Et
601 1687 719 1758 tamen,
734 1686 769 1742 ut
782 1681 858 1759 dixi,
880 1683 920 1743 ab
970 1684 1143 1757 putaretur,
1154 1686 1185 1741 et
1197 1680 1236 1741 iis
1253 1681 1381 1742 deretur
1403 1681 1533 1757 occasio,
1549 1681 1602 1765 qui
1620 1681 1659 1742 de
1679 1680 1741 1742 fide

152 1772 283 1834 Niceenis
302 1774 445 1836 Patribus
469 1774 629 1836 conditum
651 1768 716 1836 esse
729 1779 859 1835 testetur
871 1774 920 1836 his
969 1771 1115 1846 scrihere,
1129 1791 1165 1834 ac
1179 1773 1309 1834 definire
1319 1773 1432 1853 saepius
1443 1773 1560 1834 vellent
1572 1771 1627 1834 ί.»

150 1863 271 1926 verbis:
291 1887 308 1924 c
326 1867 426 1946 Atque
452 1866 519 1928 hese
542 1866 670 1945 quidem
685 1866 761 1927 tides
775 1866 920 1928 Ecclesiae
1011 1864 1148 1944 ldipsum
1160 1870 1191 1927 et
1203 1866 1413 1927 Ariminenses
1424 1865 1541 1940 Patres,
1557 1865 1612 1945 qui
1625 1866 1740 1927 Getho-

151 1956 316 2018 traditaest
328 1974 347 2019 a
360 1956 473 2019 sanctis
486 1958 649 2038 Apostolis,
665 1964 697 2018 et
715 1957 748 2018 in
773 1958 852 2020 urbe
865 1958 918 2019 Ni·
969 1954 1347 2034 liciinitioconvenerent,
1368 1959 1402 2018 in
1422 1956 1742 2038 epistolandConstcn·

150 2064 213 2110 cesa
233 2050 273 2109 ab
296 2051 444 2111 omnibus
462 2050 555 2111 simul
577 2050 689 2112 sanctis
709 2049 842 2129 amplius
859 2056 919 2112 tre-
969 2050 1045 2107 tium
1054 2051 1406 2112 contestatosesseidem
1423 2049 1533 2111 refert:
1546 2068 1678 2112 aenove
1687 2052 1741 2112 ali·

150 2142 249 2202 centis
257 2142 364 2204 decem
376 2143 737 2223 episcopistntlraeceut
745 2143 779 2203 in
788 2143 918 2222 scriptis,
970 2156 1032 2218 qua
1055 2140 1127 2202 fidei
1148 2142 1294 2222 protessio
1314 2144 1512 2218 conderetur3
1533 2160 1605 2203 rum
1617 2143 1741 2206 Nicseua

150 2233 275 2295 etcnsis
297 2235 388 2296 hodie
410 2234 569 2314 leguntur,
585 2235 735 2296 mendose
761 2234 838 2295 mlhi
855 2235 921 2296 visa
969 2230 1143 2294 sufficeret:
1169 2253 1254 2315 aper
1281 2253 1376 2315 qnam
1398 2253 1462 2296 non
1488 2234 1590 2297 solum
1615 2236 1741 2298 haeresis

150 2333 234 2387 sunt.
258 2327 321 2391 Nec
337 2328 422 2388 enim
443 2327 501 2388 ista
524 2327 698 2400 cohaerent,
713 2334 753 2388 set
765 2333 789 2388 ἐν
805 2333 920 2407 usipetes
970 2323 1096 2399 Artena,
1109 2326 1163 2387 sed
1175 2327 1269 2389 etiem
1280 2327 1466 2388 sliaeomnes
1479 2345 1593 2389 eversos
1606 2334 1705 2390 sunt‘.
1721 2350 1736 2387 n

150 2425 347 2499 εράγιᾳπόλει,
363 2419 423 2480 hoc
435 2422 491 2495 est,
509 2419 542 2479 ιἰι
565 2417 698 2480 Ecclesia
720 2423 821 2479 mnata
836 2419 917 2481 urbe.
969 2416 1058 2489 Quod
1069 2418 1164 2479 etalii
1174 2419 1281 2481 Patres
1290 2424 1405 2499 postea,
1418 2419 1465 2480 uti
1474 2419 1550 2494 dixi,
1561 2420 1741 2499 comproba·

40 2560 44 2568 .
113 2527 126 2541 ·
149 2511 236 2591 latet
250 2511 345 2590 igitur
358 2511 416 2572 sub
429 2511 588 2572 hisverbis
602 2511 690 2572 ulcus
704 2513 919 2590 tnootos,quod
969 2508 1284 2583 runt3eeNicaenum
1298 2511 1476 2592 symbolum
1494 2512 1535 2573 ed
1549 2512 1654 2573 omnis
1667 2513 1741 2574 satis

150 2602 193 2664 tte
218 2605 394 2665 eruendum
420 2605 609 2684 putavimus,
625 2609 661 2663 ut
674 2621 730 2683 pru
745 2611 813 2683 ἁγίᾳ,
829 2613 920 2671 Niseia
970 2598 1116 2663 idoneum
1129 2621 1193 2665 esse
1207 2604 1409 2665 decreverunt
1420 2624 1427 2665 :
1438 2604 1590 2665 nimirum
1606 2623 1678 2666 eum
1689 2623 1741 2667 eos

150 2694 364 2757 substituatur.
382 2696 509 2770 Quodsi
529 2697 697 2757 rescribere
716 2696 786 2773 quis
809 2702 917 2757 vetet:
969 2693 1741 2776 totfldeilormulerum,etectbeseonpigeret3ques

151 2793 183 2848 at
193 2806 234 2849 ex
244 2789 442 2868 sequentibus
451 2789 523 2849 setis
535 2788 738 2863 convincitur,
746 2787 785 2847 de
794 2787 919 2850 Nicsena
970 2785 1096 2864 pessimi
1110 2788 1264 2848 novorum
1281 2788 1463 2867 dogmatum
1479 2787 1558 2848 labri
1569 2788 1741 2850 identidem

151 2881 272 2961 synodo
285 2881 371 2960 loqui
387 2881 607 2960 Epiphaninm,
623 2898 695 2941 cum
718 2880 846 2960 carpine
861 2885 920 2942 tre·
970 2877 1133 2939 cudebant.
1151 2880 1251 2952 Quare
1269 2878 1342 2941 satis
1356 2897 1421 2940 esse
1437 2879 1600 2940 Niceenum
1616 2880 1741 2960 symbe

149 2982 247 3034 centos
263 2971 360 3035 decem
383 2973 452 3034 illos
476 2973 625 3054 episcopos
654 2973 921 3052 nominet3quam
969 2969 1036 3029 lum
1063 2970 1103 3030 ad
1129 2970 1312 3032 catholicam
1347 2972 1570 3051 professionem
1597 2973 1739 3035 arbitrati

151 3065 309 3145 synodum
321 3066 434 3145 passim
448 3070 590 3127 auctores
600 3066 644 3126 ite
653 3063 919 3144 circumscribunt,
969 3064 1053 3123 sunt.
1079 3062 1168 3135 Quod
1182 3061 1208 3123 si
1227 3063 1302 3142 quid
1316 3063 1354 3123 ed
1381 3063 1459 3125 illud
1481 3063 1612 3143 adjicere
1637 3084 1739 3145 operae

20 3198 115 3244 sm,
150 3164 366 3239 ntsuppresso
381 3173 608 3238 nonnunquam
631 3157 717 3218 urbis
740 3158 921 3234 nomineris
971 3153 1105 3233 pretium
1113 3160 1159 3215 est
1170 3156 1338 3223 visumznt
1347 3155 1382 3216 in
1390 3157 1737 3238 Constantinopolitano,

16 3253 124 3351 ”mr
152 3264 201 3314 τῶν
212 3258 360 3331 τριακοσίων
369 3259 409 3312 και
422 3259 545 3312 δεκαοκτὼ
559 3257 659 3311 σύνοδον
673 3249 840 3329 appellent.
971 3245 1102 3326 aliisque
1112 3263 1192 3307 enon
1205 3246 1282 3307 illud
1296 3247 1511 3323 additamenti,
1525 3250 1641 3311 nedum
1650 3269 1740 3312 noves

22 3361 115 3410 susten
192 3343 342 3418 Quocirca
351 3343 529 3423 symbolum
539 3341 623 3403 istud
635 3341 923 3402 Niceenumroeavit
971 3335 1114 3400 tormine
1125 3338 1740 3417 tidellooohaherivolucruut3seduhc·

153 3436 347 3516 Epiphanius
356 3455 364 3511 ;
380 3435 463 3514 quod
475 3452 546 3514 queo
564 3433 599 3493 in
613 3434 740 3495 Nicaeno
755 3439 855 3510 erant,
870 3452 921 3496 ee·
971 3429 1073 3507 rioris,
1089 3449 1124 3492 ec
1138 3431 1315 3492 necessarius
1331 3432 1556 3494 declarationis.
1573 3433 1633 3495 Ubi
1650 3434 1740 3496 Chel-

152 3527 225 3588 dem
246 3537 278 3589 et
296 3526 330 3588 in
348 3527 444 3588 altero
469 3526 686 3600 continentur3
702 3525 758 3586 etsi
785 3525 845 3587 hoc
865 3525 921 3586 eli·
972 3523 1158 3585 sedunenses
1173 3526 1277 3585 Patres
1290 3524 1324 3585 in
1337 3523 1597 3603 Definitionefidei
1608 3528 1742 3590 tradide-

152 3620 280 3699 quando
294 3621 334 3680 sit
347 3619 477 3681 auctius.
490 3617 650 3696 Siquidem
664 3617 782 3693 omnia,
797 3635 870 3696 quae
883 3618 922 3678 ad
972 3618 1058 3689 runt,
1074 3615 1151 3677 etin
1166 3616 1346 3678 Florentino
1360 3618 1480 3697 synodo
1497 3624 1605 3680 contra
1620 3621 1742 3682 Grecos

151 3713 248 3775 fidem
267 3712 450 3774 catholicam
472 3710 621 3773 adversus
641 3715 760 3771 secutas
778 3709 923 3789 deinceps
971 3713 1096 3769 strenue
1124 3708 1226 3769 Latini
1262 3710 1402 3772 doctores
1423 3711 1632 3790 argumentati
1654 3718 1739 3774 sunt.

152 3805 285 3867 haereses
311 3805 515 3866 muniendam
539 3804 707 3883 pertinent,
739 3802 774 3862 in
800 3801 922 3863 Niceno
971 3800 1050 3862 Vide
1062 3818 1133 3879 quae
1147 3800 1180 3861 in
1202 3801 1333 3881 septimo
1346 3800 1381 3863 de
1410 3801 1560 3865 Trinitote
1584 3803 1677 3879 libro,
1690 3824 1742 3867 ca·

140 3898 206 3959 illo
218 3904 431 3961 mercatorum
445 3898 551 3958 decem
565 3901 596 3956 ct
613 3900 682 3956 octo
695 3894 823 3955 Petrum
837 3912 921 3974 sym·
971 3892 1035 3973 pite
1052 3908 1116 3971 xix,
1132 3894 1171 3954 de
1184 3912 1221 3955 ea
1246 3912 1279 3955 re
1291 3894 1526 3975 disputavimus,
1542 3897 1676 3959 maxime
1702 3916 1741 3959 ex

152 3990 225 4052 bolo
240 3988 404 4066 contineri,
421 4008 486 4050 ison
499 3988 599 4049 solum
618 3987 804 4049 Athanasius
817 3986 923 4067 pleris-
971 3986 1108 4048 Maximo
1128 3991 1278 4065 martyre.

152 4102 215 4163 que
249 4083 346 4144 locis:
372 4082 425 4144 sed
454 4078 548 4143 etium
568 4080 738 4141 Athanasio
773 4078 923 4159 posterior
1011 4078 1068 4138 Xl.
1092 4078 1161 4138 Non
1174 4078 1442 4141 diffitebortnmen
1455 4098 1545 4161 posse
1559 4084 1741 4163 quempiam

152 4174 297 4255 cyrillus,
316 4194 352 4236 ao
368 4176 447 4250 Leo;
461 4173 576 4253 altique
598 4171 744 4233 Gethollci
759 4171 922 4251 scriptores
971 4170 1015 4231 sio
1028 4169 1192 4250 Epiphanii
1213 4171 1318 4233 locum
1345 4172 1552 4252 interpretari,
1568 4183 1604 4235 ut
1617 4175 1740 4254 symbo-

151 4268 258 4330 testati
270 4274 354 4329 sunt.
370 4268 464 4347 Atqui
487 4266 661 4345 complures
684 4270 754 4344 post
767 4264 923 4325 Nieseuam
971 4262 1039 4323 lum
1050 4262 1139 4340 illud,
1155 4264 1238 4343 quod
1252 4265 1353 4344 primo
1367 4266 1612 4345 proposuit,uon
1625 4266 1741 4346 ipsum-

153 4358 272 4420 editam
297 4357 463 4419 formulam
489 4356 723 4435 haeresesortae
738 4359 813 4415 sunt
826 4354 919 4415 etiam
972 4360 1037 4417 met
1054 4372 1119 4417 esse
1133 4355 1294 4418 Nicsenum
1307 4356 1382 4417 velit
1396 4376 1404 4417 ι
1420 4356 1473 4419 sed
1496 4356 1568 4419 fidei
1584 4359 1741 4422 catholicae

188 4560 211 4603 a
229 4546 325 4603 Estne.
350 4547 383 4601 ίιι
397 4550 503 4602 Anser.
528 4550 597 4601 sect.
620 4542 682 4599 l20.
704 4542 751 4596 list
764 4540 825 4611 αίίτη
840 4539 883 4614 μὲν
906 4540 921 4610 ἡ
972 4542 1083 4616 τατίρων
1094 4542 1272 4617 ὁρολογηθείοῃ
1287 4544 1377 4610 τίστιι,
1386 4543 1426 4598 διὰ
1438 4544 1468 4599 τὸ
1477 4543 1551 4617 μηδὲν
1563 4544 1625 4619 οὔτῇ
1637 4546 1741 4615 λιίειειν,

152 4631 235 4693 πίστις
250 4631 370 4702 παρεδόθη
389 4626 438 4682 ἀπὸ
460 4633 510 4683 τῶν
537 4624 612 4699 ἁγίων
638 4625 811 4690 Ἀποστίλων,
839 4625 880 4679 καί
898 4624 923 4678 ἐν
972 4626 1039 4680 ἀλλὰ
1052 4627 1133 4699 πλήρη
1156 4625 1277 4690 desesiae
1291 4621 1363 4680 slent·
1379 4628 1419 4680 ιιοιί
1440 4629 1479 4682 ὅτι
1500 4627 1534 4700 μὴ
1555 4630 1596 4683 δεῖ
1609 4628 1742 4686 ἐκτίθεσθαι

153 4711 319 4786 ἔνικληοίᾳεῇ
347 4707 404 4783 ἁγίᾳ
421 4712 493 4766 πόλει
516 4708 565 4765 esc
589 4711 687 4764 πάντων
702 4708 765 4781 ὁμοῦ
779 4714 830 4762 τῶν
845 4704 922 4780 ἁγίων
972 4710 1085 4782 δευτέραν
1096 4710 1189 4776 πίστιν,
1202 4710 1245 4763 ἵνα
1259 4710 1292 4782 μὴ
1307 4710 1323 4778 ί]
1338 4708 1362 4764 ἐν
1376 4711 1467 4782 Νισαίᾳ
1480 4715 1599 4783 γραφεῖσα
1612 4711 1743 4782 ὣςᾶτελὴς

157 4794 318 4850 'Eucaerus
340 4793 401 4867 ίιειὲρ
423 4794 568 4866 τριακοσίων
591 4792 706 4846 δέκατον
725 4790 840 4863 ἀριθμόν.
859 4791 924 4847 Cor·
971 4786 1033 4846 οίσα
1044 4793 1208 4866 repromissi
1226 4788 1346 4866 πρίρσσις
1358 4794 1417 4867 δοθῇ
1431 4796 1484 4858 τοῖς
1502 4793 1610 4850 titiones
1623 4797 1743 4860 πολλίσιις

153 4879 382 4937 rexerimlibenS.
398 4877 459 4931 ‘Aah
468 4884 518 4931 τῶν
528 4876 604 4949 ἁγίων
619 4875 776 4930 ’semotos
791 4879 822 4949 τῇ
838 4873 923 4943 ἐελλη·
972 4877 1081 4948 γράφειν,
1097 4875 1137 4929 καί
1151 4875 1241 4948 ὁρίζειν
1252 4878 1308 4946 περὶ
1316 4877 1431 4938 πίστεως.

153 4962 256 5034 riq-sel
272 4961 339 5034 ἔνεῇ
353 4961 536 5032 Νικαίρπόλτι.
1007 4958 1128 5028 oEpist.
1146 4973 1209 5028 syn.
1226 4959 1341 5016 Arimin.
1357 4959 1432 5031 apud
1462 4960 1522 5019 Atb.
1549 4961 1598 5019 ίίίι.
1620 4962 1657 5019 de
1671 4965 1741 5035 StJtt.

190 5046 330 5103 onmis.
355 5042 391 5097 ‘H
411 5042 509 5116 δὲᾶγία
522 5042 622 5105 σύνοδος
635 5040 690 5110 litu
710 5043 817 5115 Σαρδικῇ
831 5059 923 5114 ονναχ-
972 5040 1010 5095 Δι’
1021 5037 1049 5109 ἧς
1058 5040 1087 5095 οὗ
1104 5044 1180 5115 μόνον
1193 5041 1264 5110 αίίτη,
1279 5042 1345 5096 ἀλλὰ
1357 5041 1398 5096 καί
1411 5042 1437 5097 σί
1454 5044 1539 5100 λοιποὶ
1552 5045 1656 5119 αἱρέσεις
1667 5055 1742 5121 setp-

152 5124 223 5183 θεῖσα
242 5129 407 5201 ἠγανάκτησε·
430 5126 472 5181 καί
489 5128 563 5200 ὥρισε
583 5124 658 5199 μηδὲν
681 5125 718 5180 ἔτι
739 5127 795 5197 περὶ
819 5125 923 5186 πίστεως
972 5125 1085 5197 ptinere.

153 5213 296 5285 γράφεσθαι,
325 5211 382 5266 ιίλλ·
402 5211 524 5284 ἀρκεῖσθαι
552 5216 582 5283 τῇ
608 5207 633 5263 ἐν
652 5208 743 5281 Νισαίᾳ
759 5207 819 5281 παρ’
842 5206 923 5264 nieht
1009 5206 1076 5266 Vide
1090 5212 1117 5265 el
1132 5207 1212 5280 epist.
1229 5207 1270 5265 ud
1281 5208 1453 5283 Africanos·

181 5384 193 5430 t
205 5384 283 5445 Epiph.
298 5383 408 5430 hotmen
418 5393 495 5439 persp.
507 5378 557 5425 t‘tt.
