3932 6142
495 280 1043 360 onmcmuarrona,um.1x,
1070 279 1154 342 car.
1178 282 1220 341 ιι.
1462 252 1468 267 ’
1594 285 1657 347 eae

84 449 208 505 aeterum
219 443 437 508 testissmtioue
446 448 644 527 comprobata
657 448 757 527 magis
772 447 841 510 eni:
887 446 971 527 quod
984 446 1072 507 valde
1086 451 1132 507 est
1150 445 1390 521 observandum,
1410 446 1521 509 iisdem
1533 467 1659 528 prorsus

86 541 149 609 tcut,
164 541 193 597 et
204 537 376 598 contrarius
394 539 467 601 huie
487 558 573 601 error
587 546 681 601 tantae
702 540 837 602 auctori·
890 539 1057 618 Scriptura
1070 539 1256 600 testimoniis
1269 539 1412 607 affirmat,
1427 540 1659 619 quihusadver·

88 629 148 689 latis
159 630 289 708 pondere
302 631 493 710 pudefactus,
505 639 535 695 et
544 633 701 695 convictus
713 633 837 693 minore
887 651 939 692 sus
947 631 1119 704 haereticos,
1134 636 1166 692 ιι
1172 631 1286 692 horum
1296 632 1402 693 simios
1409 632 1609 710 Armaceuos,
1620 634 1660 693 li·

87 721 371 801 licentiagrassetar.
887 723 966 797 heri,
976 723 1057 803 quod
1068 723 1192 801 utrique
1200 729 1326 802 negant,
1336 724 1660 802 arbitriivim,etlibe·

8 838 59 894 ιιιιι
121 814 167 874 lV.
189 814 227 875 Ut
248 833 267 875 a
289 816 404 878 Graecis
431 816 527 897 igitur
552 817 697 880 Patribus
721 816 837 894 ordiar,
888 833 956 876 rum
970 815 1153 877 electionem
1167 815 1368 876 adstruimus.
1376 817 1417 877 Ut
1428 822 1474 877 est
1482 817 1558 878 illud
1567 817 1660 879 Masis

8 898 69 985 ᾖξ’.
89 905 191 985 primm
202 913 233 967 et
244 908 478 986 antiquissimus
492 915 538 970 est
549 910 692 971 iustinus
704 914 837 988 martyr,
889 907 924 968 iu
940 905 1185 968 Deuteronomio'.
1201 907 1294 968 Testes
1309 908 1405 969 invoco
1418 907 1501 970 bodie
1514 908 1619 971 coelarn
1634 918 1662 970 et

8 992 60 1089 ᾖ
88 997 132 1076 qui
148 997 359 1077 disertissime,
376 1019 412 1063 ac
433 1001 675 1064 luculentissime
687 1000 838 1062 catholico
890 1007 1014 1072 ιινναιιι,
1029 998 1107 1079 qnod
1115 1003 1323 1080 proposuerim
1341 999 1417 1060 nebu
1431 1000 1521 1062 eitam
1536 1008 1566 1063 ct
1580 1021 1659 1062 mer-

8 1102 57 1143 ιιι
87 1090 258 1152 delibcrtatc
272 1091 414 1172 dogmati
431 1093 616 1174 suffragatus
634 1100 681 1155 cst
695 1111 760 1154 noa
773 1109 838 1152 uno
890 1098 959 1167 tem,
989 1089 1222 1167 benedictionem,
1245 1100 1272 1152 et
1295 1090 1542 1154 maledictionem.
1565 1094 1660 1173 Elipe

89 1180 193 1243 ιιιιοοο
208 1202 215 1244 ι
230 1183 309 1246 adeo
329 1186 468 1265 quidem,
484 1193 519 1247 nt
538 1186 735 1247 Abrahamus
751 1184 837 1245 Scul-
890 1201 957 1262 erqo
983 1183 1086 1244 eitum.
1110 1184 1147 1244 Et
1159 1183 1253 1244 Isaias
1276 1184 1442 1264 Propheta3
1468 1184 1661 1264 Laoamtnit,

8 1298 9 1301 ¹
89 1279 158 1333 tetus
181 1275 333 1339 Romanae
355 1277 451 1339 hostis
466 1277 637 1354 Ecclesiae¹,
653 1279 735 1339 inter
757 1276 840 1337 illius
891 1273 995 1335 mandi
1007 1282 1103 1344 estote,
1120 1274 1236 1355 auferte
1249 1274 1362 1336 arulum
1376 1277 1589 1358 capitationem
1603 1297 1663 1340 oes-

90 1384 180 1427 aeros
192 1366 275 1429 hunc
286 1370 491 1450 adscripserit,
503 1371 588 1451 quod
605 1368 792 1446 «magnifiee
800 1368 840 1429 de
892 1371 1034 1443 erarem,
1064 1372 1123 1429 ete.
1163 1366 1202 1428 Si
1231 1367 1404 1446 calamitis,
1446 1377 1472 1430 ct
1507 1369 1663 1432 audieritis

91 1466 234 1541 detnato,
256 1461 321 1522 siue
343 1461 480 1526 libertate
497 1463 657 1524 voluntatis
670 1462 837 1523 inmune»
892 1477 948 1534 me,
965 1458 1042 1521 bone
1054 1466 1141 1520 terrae
1154 1458 1315 1520 comedetis.
1333 1459 1456 1533 Quodsi
1469 1461 1622 1523 nolueritis
1635 1471 1664 1524 et

89 1551 211 1625 senserit,
222 1570 317 1632 quum
331 1554 535 1634 «opinionem
544 1554 727 1615 inPlatoais
736 1552 841 1614 schola
892 1569 937 1611 me
948 1552 989 1611 ad
1002 1549 1188 1611 iracundiam
1195 1552 1432 1631 provocaveritis,
1447 1552 1568 1633 placitus
1581 1554 1664 1616 dcco

88 1645 243 1705 natamille
262 1663 358 1706 essen
383 1646 610 1723 calumniatum
626 1646 736 1707 eodem
750 1646 841 1722 genio
892 1641 973 1703 rabit
1001 1661 1058 1703 eos.
1089 1644 1143 1703 His
1176 1643 1271 1723 igitur
1305 1645 1472 1723 Scripturas
1504 1648 1664 1709 sententiis

89 1733 247 1813 mstinctus,
270 1756 333 1816 quo
356 1739 521 1801 Armaeaui
541 1739 656 1814 nostri;
680 1739 735 1818 qui
754 1743 790 1798 ut
807 1737 842 1798 ia
892 1740 974 1795 recte
989 1734 1108 1797 arbitrii
1125 1735 1224 1797 libera
1236 1735 1374 1812 faerrltus,
1386 1738 1665 1801 etdetermiaantis

89 1832 185 1888 uetera
197 1829 283 1889 omni
294 1829 509 1892 liberiarbitrii
519 1831 701 1910 explicanda
709 1830 839 1905 ratione,
893 1826 933 1886 ad
959 1844 1032 1888 eum
1058 1827 1247 1889 necessitatis
1274 1828 1375 1889 soluta
1399 1830 1541 1906 nexibus,
1558 1838 1664 1893 contra

89 1917 234 1981 sicmisto
248 1921 468 2001 philosophica
480 1922 630 1984 libertatis
644 1922 836 1997 infamando,
892 1919 1078 1992 humerum,
1114 1919 1290 1993 Calvinum,
1326 1926 1357 1981 et
1390 1921 1505 1983 horum
1534 1925 1664 1985 asseclas

89 2011 350 2094 exprobrandoque
371 2016 526 2095 dogmate,
542 2014 672 2077 mirifice
691 2033 762 2076 oum
776 2014 841 2076 hae·
893 2029 990 2072 novos
1010 2012 1208 2091 dogmatistas
1234 2013 1442 2091 approbatum
1472 2033 1530 2077 uec
1553 2035 1662 2078 veren-

88 2104 176 2164 retieis
187 2106 398 2170 consentiunt.
893 2104 969 2165 dum
983 2108 1039 2180 est,
1051 2121 1091 2163 ne
1104 2104 1182 2175 haec,
1197 2110 1229 2165 et
1238 2105 1351 2165 similia
1363 2106 1431 2167 locu
1443 2107 1482 2168 ad
1491 2108 1664 2170 innocentis

8 2200 59 2247 aa.
121 2196 253 2260 insanus
277 2216 351 2278 ergo
378 2199 411 2260 in
437 2198 583 2280 Apologia
604 2198 707 2279 priore
725 2199 843 2261 Stoicos
892 2194 1003 2256 Adurni
1017 2200 1134 2256 statum
1153 2195 1365 2276 detorquenda
1387 2198 1551 2260 videantur
1569 2220 1575 2261 :
1593 2220 1663 2281 quae

89 2289 187 2366 arguit
200 2290 254 2369 qui
275 2292 454 2353 martialium
478 2310 583 2353 rerum
605 2291 751 2365 habenas,
766 2310 844 2371 preu-
893 2286 1077 2348 estillorum
1098 2288 1227 2357 ludicra,
1245 2297 1275 2349 et
1295 2291 1431 2369 stuporis
1450 2292 1542 2371 plene
1566 2294 1662 2372 tergi-

89 2381 184 2442 sertim
201 2383 410 2445 humanarum
437 2383 641 2460 voluntatem,
659 2384 803 2445 fatalibus
826 2401 844 2444 e
893 2379 1037 2440 versatio.
1060 2380 1137 2442 Vide
1157 2379 1273 2441 tustini
1296 2381 1433 2460 ejusdem
1454 2384 1581 2445 nomine
1596 2386 1663 2446 ins·

89 2473 176 2534 musis
202 2492 365 2556 suspensus
386 2494 451 2537 esse
471 2476 681 2537 crediderunt.
711 2496 727 2533 a
750 2473 844 2553 Atqui
893 2470 1005 2549 criptas
1020 2472 1235 2549 responsiones
1257 2473 1296 2533 ud
1311 2475 1562 2537 orthodoxorum
1580 2496 1667 2557 quee-

89 2566 246 2628 seeundum
259 2567 390 2628 liberam
413 2568 596 2629 electionem
616 2567 841 2646 uuusquisque,
893 2562 961 2638 sita,
975 2563 1014 2624 ad
1028 2568 1167 2624 octavam
1181 2570 1212 2625 et
1230 2583 1347 2626 nonam
1366 2568 1567 2645 quaestionem
1586 2588 1593 2628 ι
1610 2568 1665 2629 ahi

89 2655 234 2728 sitrecte
261 2660 337 2737 agit,
362 2666 416 2722 aut
442 2665 612 2740 peccam.»
642 2660 715 2720 Mox
739 2676 841 2719 vero:
894 2654 932 2714 de
945 2653 1035 2716 liberi
1055 2653 1174 2716 arbitrii
1193 2655 1400 2718 indifferentia
1418 2660 1611 2739 superiorum
1628 2661 1666 2720 si·

94 2748 257 2821 «Quoniam
270 2757 376 2813 autem
388 2750 532 2824 liberum,
544 2757 576 2812 et
588 2751 636 2812 sui
649 2750 726 2826 iuris
740 2750 844 2829 Ange·
895 2746 982 2807 milia
994 2746 1142 2826 disputat.

90 2836 189 2915 loram,
216 2842 443 2922 hominumque
467 2861 566 2923 genus
588 2842 628 2904 ab
655 2842 745 2903 initio
773 2841 845 2903 fecit
936 2839 972 2897 V.
997 2841 1131 2900 lrenaeus
1146 2845 1256 2919 praeter
1270 2840 1415 2921 illaquae
1432 2843 1465 2903 in
1478 2842 1570 2905 tertio
1583 2844 1665 2906 libro

91 2930 170 3007 Deus,
182 2933 263 3012 juste
284 2944 413 3015 propter
429 2954 477 3009 ea,
499 2954 568 3015 quae
589 2935 794 3013 peccaverint,
810 2933 844 2993 in
894 2925 930 2989 de
946 2928 1070 3010 Opapieie
1080 2929 1275 3009 citavimus⁸,
1290 2932 1350 2994 hoc
1364 2933 1457 2994 etiam
1471 2935 1590 3009 docct⁶,
1611 2936 1665 2997 rid

91 3026 195 3085 eterno
208 3026 281 3106 igne
293 3045 401 3107 poenas
410 3028 595 3108 persolvent.
609 3026 720 3087 Estilla
730 3025 845 3105 quippe
896 3022 980 3100 quod
994 3040 1114 3099 semper
1129 3029 1195 3084 erat
1214 3024 1406 3101 liberamur
1424 3045 1488 3088 suae
1510 3033 1668 3105 potestatis

91 3122 226 3180 οιιιιιιιιο
239 3120 375 3199 cujusvis
387 3124 510 3188 natura,
529 3125 564 3179 ut
584 3119 623 3178 sit
636 3117 714 3190 vitii,
729 3136 764 3178 aa
782 3117 845 3177 vir-
896 3112 1082 3187 iahamias,
1103 3132 1224 3193 semper
1245 3134 1380 3178 servasse
1401 3120 1511 3196 Deum,
1525 3125 1556 3180 ιι
1577 3139 1666 3184 suam

91 3208 156 3269 tatis
167 3228 271 3291 capax.
288 3213 368 3273 Nam
382 3211 461 3272 nihil
479 3210 518 3271 ab
533 3211 594 3271 illis
613 3209 705 3271 laude
716 3209 847 3288 dignum
897 3205 1157 3284 exhortationem,
1173 3214 1208 3267 ut
1226 3208 1309 3286 juste
1327 3209 1516 3272 damnentur
1529 3213 1584 3292 qui
1602 3234 1667 3276 nou

91 3299 176 3377 lieret,
203 3304 266 3365 nisi
293 3304 328 3365 iu
356 3309 523 3383 utramque
562 3308 685 3383 partem
708 3300 848 3362 converti
897 3296 1048 3359 obediunt
1057 3298 1097 3373 ιι,
1113 3299 1262 3378 quoniam
1277 3318 1341 3361 uon
1355 3301 1552 3376 obedierunt,
1569 3307 1667 3385 etqui

91 3400 224 3471 punem,
272 3393 401 3474 ejusque
437 3394 484 3455 rei
517 3392 693 3454 facultatem
728 3390 849 3452 obtine·
897 3389 1095 3465 obedierunt,
1120 3395 1151 3451 ιι
1177 3392 1375 3453 crediderunt
1401 3395 1447 3467 ei,
1473 3395 1668 3457 honorentur

91 3490 190 3543 rent..
709 3492 715 3509 ⁸
898 3480 1199 3561 incorruptibilitate.
1229 3505 1242 3541 ι
1268 3484 1411 3546 Clemens
1439 3486 1668 3550 Alexandrinus

124 3575 204 3637 litia
218 3576 365 3659 Apologia
375 3575 695 3658 posteriore¹‚eontru
707 3577 850 3639 eamdem
898 3573 1019 3652 egregie
1033 3591 1169 3653 quoque,
1193 3592 1230 3636 ac
1251 3574 1430 3655 frequenter
1453 3579 1594 3657 eamdem
1616 3600 1668 3643 vo·

91 3662 138 3726 isti
157 3670 371 3732 necessitatem
390 3670 561 3751 disputans,
575 3668 669 3730 simili
684 3669 783 3731 utitur
802 3687 850 3729 ar·
898 3666 1025 3727 luntatis
1039 3666 1182 3742 liberam,
1193 3685 1229 3727 ae
1240 3667 1378 3746 suijuris
1391 3675 1575 3749 potestatem
1589 3673 1669 3735 indi-

93 3768 246 3840 gumeuto,
270 3762 356 3842 quod
378 3768 478 3830 recte.
505 3767 560 3824 aut
584 3779 674 3823 secus
697 3761 851 3822 tactorum
899 3764 948 3820 cat
964 3777 972 3818 ι
988 3758 1069 3819 utin
1083 3758 1193 3837 quinto
1211 3757 1396 3829 Steunene:
1409 3762 1465 3823 ubi
1485 3768 1518 3824 et
1534 3763 1670 3827 Platonis

93 3866 231 3916 mucosa
249 3856 314 3916 Deo
336 3855 504 3916 consituta
526 3856 566 3916 sit
592 3854 759 3930 omnibus;
780 3870 851 3932 quae
899 3850 1075 3911 testimonio
1099 3855 1210 3928 utitru,
1233 3852 1317 3930 quod
1338 3859 1370 3914 et
1388 3853 1530 3916 lustinus
1552 3857 1669 3918 attulit.

94 3941 170 4004 nulla
196 3964 262 4008 esse
281 3951 397 4027 posset,
418 3946 445 4008 si
463 3952 621 4027 tltp’tptv,
634 3945 667 4007 id
690 3951 737 4007 est
759 3944 852 4006 libera
904 3942 1091 4019 «Liberum,
1106 3941 1218 4022 inquit,
1234 3961 1270 4004 ac
1281 3944 1419 4023 suijuris
1438 3947 1600 4010 arbitrium
1621 3950 1671 4010 his

92 4039 207 4111 poenes
229 4038 353 4099 arbitrii
373 4038 544 4114 tolleretur,
565 4054 660 4116 quam
682 4036 783 4098 tatalis
799 4036 853 4098 illa
901 4033 1002 4095 verbis
1018 4034 1105 4095 Plato
1124 4035 1299 4113 signifieat:
1321 4037 1426 4097 Virtus
1440 4038 1556 4099 nullius
1569 4040 1670 4101 domi·

93 4131 207 4206 perimit
221 4129 397 4192 necomitas.
423 4130 497 4191 ede
515 4129 576 4191 nisi
587 4129 686 4191 libera
705 4129 853 4191 electione
900 4131 1175 4200 connectentur,
1202 4146 1296 4207 quam
1322 4129 1449 4208 quidem
1476 4136 1512 4191 ιιι
1539 4132 1671 4212 quisque

93 4222 127 4282 al
146 4224 249 4304 turpia
268 4222 405 4297 munda,
425 4229 457 4283 et
473 4222 603 4282 honesta
625 4220 849 4301 amplectenda,
902 4218 1045 4295 honorat,
1060 4218 1110 4280 vel
1124 4220 1262 4299 despicit,
1277 4221 1347 4300 plus
1371 4222 1513 4284 minusve
1528 4224 1595 4302 ejus
1613 4226 1673 4286 erit

93 4313 228 4390 nitidem,
237 4312 734 4393 potestatemhaberethumunum
742 4329 851 4391 genus,
901 4311 1061 4391 particeps.
1086 4311 1183 4391 Culpa
1208 4313 1291 4374 illius
1314 4319 1371 4391 est,
1388 4314 1442 4393 qui
1462 4315 1570 4394 elegit3
1591 4317 1671 4378 Deus

94 4412 171 4469 extra
198 4407 322 4487 eulpam
350 4412 429 4467 esset
450 4404 725 4485 qualiumcumque
750 4404 851 4466 facto·
902 4402 1122 4483 extraculpam
1135 4409 1238 4464 este»

12 4574 14 4577 .
94 4499 217 4561 tamt.»
243 4498 334 4573 Quod
351 4497 495 4577 deinceps
507 4496 607 4557 fusius
623 4495 769 4576 explanat
783 4512 794 4555 .·
808 4499 850 4569 et,
942 4494 1025 4554 Etin
1039 4494 1170 4576 septimo
1186 4496 1348 4559 Strameteo
1367 4516 1381 4555 a
1390 4497 1573 4560 electionem
1584 4505 1673 4562 vocat

125 4691 233 4748 olusr.
258 4688 336 4745 ’ma
361 4687 424 4743 ιιοιτά
451 4687 493 4761 μιν
516 4687 560 4756 τὴν
580 4686 721 4760 προαιρεσιν
749 4685 852 4740 tamor
939 4683 1053 4741 bidem
1069 4685 1154 4758 Apol.
1167 4704 1195 4753 11,
1214 4688 1320 4746 versa.
1341 4688 1388 4741 Καὶ
1398 4682 1437 4753 ab,
1453 4688 1475 4744 sl
1489 4687 1522 4761 μὴ
1532 4690 1673 4763 προαιρέσει

94 4775 251 4846 υτομθοῦν,ἣ
261 4773 419 4847 ἀμαρτάνειν,
435 4777 489 4830 etc.
514 4769 582 4825 ’lia’
604 4771 642 4826 brt
651 4767 805 4832 editiotiones
823 4769 853 4823 τό
904 4764 1016 4841 ἐλευθέρᾳ
1027 4768 1087 4842 πρὸς
1097 4769 1126 4824 rb
1135 4770 1228 4842 φεύγειν
1235 4769 1267 4826 tii
1276 4769 1376 4845 αισχμά,
1386 4772 1428 4825 nel
1438 4772 1555 4846 αἱρεῖσθαι
1564 4771 1596 4827 τά
1608 4773 1674 4828 neat

95 4862 175 4912 setin
192 4857 405 4932 Ἀηιλωνγένος,
427 4855 468 4909 nul
490 4860 541 4908 τῶν
564 4853 697 4927 ἀνθρώπων
715 4852 759 4921 τὴν
775 4852 853 4925 ἀρχὴν
903 4851 1004 4924 δύναμιν
1029 4850 1080 4925 ἔχει
1103 4852 1132 4907 rb
1155 4852 1304 4926 ἀνθρώπιον
1326 4854 1407 4927 qivai,
1423 4854 1533 4911 ἀναίτιόν
1557 4853 1607 4911 ἔστι
1621 4863 1672 4911 τῶν

96 4935 220 5009 laniem
233 4941 297 5006 θεὸς,
312 4939 411 5002 δικαίως
426 4936 486 5010 ὑπὲρ
501 4932 536 4990 ὧν
548 4939 578 4991 ἂν
598 4937 795 5009 πλημμελήσωσι
809 4933 853 5003 τὴν
904 4934 970 4997 ὅπως
979 4936 1071 5004 δήποτε
1083 4937 1268 5009 πραττομένων.

97 5025 204 5095 τιμωρίαν
218 5022 347 5096 ἔναίωνιῳ
356 5023 414 5094 eropi
427 5020 584 5092 κομισσνται.
598 5022 715 5093 *periuret
730 5017 854 5079 δὲπαντις
939 5021 1058 5074 uCuurt.
1076 5019 1159 5073 htux.
1184 5020 1336 5075 VStrom.
1363 5023 1398 5075 Te
1421 5041 1448 5076 re
1476 5020 1629 5084 σάιιξοισιον
1658 5022 1673 5075 6

96 5102 157 5173 hitb
166 5106 240 5176 φύσις,
255 5106 342 5169 aaziae
355 5107 396 5160 nul
407 5104 494 5178 cipri-ipe
507 5104 614 5157 δεκτικὸν
635 5096 705 5157 εἶναι.
722 5100 751 5155 οὗ
766 5100 813 5174 γὰρ
824 5103 853 5155 ἀν
904 5101 1008 5154 Πλάτων
1024 5096 1221 5156 indeterminabili
1234 5104 1321 5157 τῶνδε·
1339 5103 1423 5177 Ἀρετὴ
1443 5104 1469 5159 bi
1483 5105 1628 5170 ἀδέσποτον,
1642 5109 1672 5174 ἣν

97 5180 122 5251 ἢν
135 5185 253 5243 ἐπαινετὸν
268 5188 337 5243 οὐδὲν
354 5187 446 5253 αὐτῶν,
466 5184 487 5240 el
502 5184 546 5239 οὗιι
559 5182 588 5254 ἦν
604 5184 643 5241 ἐπ’
658 5185 784 5258 ἀμφότεροι
801 5185 854 5257 τρι·
903 5190 993 5256 τιμῶν,
1008 5185 1048 5237 nel
1063 5184 1188 5257 ἀτιμάζων
1206 5185 1461 5253 alienissimorum
1478 5189 1585 5252 tuetur
1599 5188 1674 5257 αὗτῆς

98 5270 185 5337 mer,
197 5274 237 5326 ιισὶ
247 5272 350 5345 δύναμιν
360 5266 423 5346 εἶχε.
905 5264 1084 5341 astiteritis,
1099 5268 1226 5341 ἑλομένου·
1242 5270 1304 5338 θεὸς,
1315 5270 1431 5334 ἀναίτιος.

123 5439 135 5483 ι
151 5436 1012 5489 &mammarum-socnate.-tee1.to.-
1027 5437 1229 5496 teupisse·
1245 5439 1511 5498 armaturarum.
