4076 6180
337 286 397 347 utu

337 450 453 511 Christi
466 448 592 509 Domini
605 466 758 527 percussa,
775 453 805 509 et
817 448 947 509 arefacta
959 449 1101 527 loquens,

337 542 371 602 in
379 560 415 603 ea
429 541 593 620 significari
601 540 794 601 aithominos
809 538 943 609 omnes¹,
966 566 979 593 ι
990 541 1023 600 iu
1038 540 1105 619 qui·

337 634 396 694 bus
410 651 509 695 escam
519 651 607 693 suam
625 635 703 694 llens
715 651 837 711 semper
852 632 918 691 rnlt
932 631 1100 707 invenires>

338 727 472 788 maxime
484 726 517 785 in
530 725 656 797 Jrrdasis,
674 731 704 786 ct
718 725 750 785 in
774 740 932 803 synagoga
949 743 955 784 :
972 742 1043 803 queo
1058 730 1105 783 ta·

339 837 412 880 men
437 817 572 879 oblatam
598 818 638 877 ab
668 818 721 878 illo
755 816 885 878 salutem
919 817 1102 895 repudiavit.

342 933 358 969 «
372 912 479 990 ltaque
494 911 526 970 in
540 910 592 970 illa
607 910 727 979 arbore,
741 910 853 989 inquit,
865 909 996 969 salutem
1006 908 1106 969 homi-

338 1004 388 1063 nis
417 1001 582 1076 esuriebat,
610 1008 640 1062 ct
662 1002 701 1062 ab
728 1002 856 1062 homine
879 1001 1019 1062 debitum
1047 1000 1104 1060 sibi

337 1096 473 1157 fructum
496 1094 631 1175 petebat,
647 1095 706 1155 Sed
730 1101 761 1155 et
774 1113 839 1155 eum
853 1094 886 1153 ia
905 1112 959 1155 suo
977 1092 1106 1173 proprus

338 1187 489 1264 veruinast,
506 1186 554 1247 sui
564 1206 628 1247 euru
638 1206 695 1247 uota
713 1196 882 1269 receperunt
895 1207 902 1261 ;
916 1193 948 1247 et
970 1185 1105 1246 debitam

338 1282 412 1343 fidei
424 1281 559 1358 frugem,
575 1297 668 1358 quana
684 1298 738 1357 pur
765 1280 878 1358 legem,
893 1283 924 1339 et
937 1277 1105 1357 Prophetas

339 1374 372 1435 in
384 1392 437 1435 eos
446 1372 781 1447 seminaverat,sterilis
798 1370 1103 1432 infideliumludaco-

339 1485 411 1529 rnm
431 1468 595 1547 synagoga
609 1484 672 1525 non
686 1465 831 1526 reddidit.
853 1465 945 1525 Venit
959 1464 997 1524 ad
1011 1462 1104 1523 arbo-

338 1578 406 1621 rem
418 1577 538 1632 eorum,
555 1576 727 1637 qumensa
742 1557 814 1617 filiis
827 1555 1026 1636 plantationis
1041 1572 1106 1615 suae

339 1651 491 1732 expectati
518 1650 665 1727 germinis
692 1650 813 1711 dulcem
840 1650 953 1712 cibum.
977 1648 1100 1723 Atilia,

339 1743 498 1805 subductis
519 1741 641 1823 pietatis
662 1742 823 1815 fruetibus,
841 1742 924 1803 dedit
948 1742 982 1801 iu
1006 1757 1106 1802 eseam

339 1837 424 1897 illius
436 1835 493 1909 fel3
512 1839 543 1895 et
568 1852 643 1895 uvas
656 1834 773 1913 petenti
801 1833 912 1894 obtulit
936 1834 1057 1913 spinas:
1075 1837 1106 1893 et

340 1929 442 2009 ipsum
461 1927 550 1988 bonae
565 1927 664 1986 tinere
692 1927 911 2004 plantatorem,
928 1926 1029 2005 ipsum
1051 1944 1104 1986 ve-

339 2039 406 2084 ram
420 2021 514 2082 ritem
534 2025 565 2079 et
577 2019 703 2080 botrum
717 2018 874 2080 suavitatis
897 2023 984 2080 aceto
997 2021 1105 2079 urente

340 2112 467 2195 potavit.
480 2134 495 2171 ιι
513 2113 560 2171 lta
573 2111 712 2172 Christus
723 2113 855 2172 salutem
869 2110 1107 2170 hominnmom-

339 2208 428 2268 nium
441 2204 558 2274 csrrriit,
572 2204 708 2265 maxime
721 2204 913 2275 ludaeornm,
932 2202 964 2263 id
979 2208 1025 2263 est
1037 2221 1105 2264 suo·

339 2319 417 2375 rarrn,
445 2298 500 2379 qui
523 2304 619 2357 turuen
653 2315 718 2357 eum
748 2315 807 2356 noa
833 2301 1020 2376 receperout3
1049 2314 1107 2356 nec

340 2396 491 2471 optatum,
507 2406 544 2449 ac
570 2394 730 2467 tantopere
745 2388 910 2467 quaesitum
928 2387 1000 2447 srdci
1022 2387 1105 2447 fruc·

339 2488 419 2558 tum,
436 2487 467 2543 ot
481 2481 586 2542 salutis
598 2481 808 2541 reddiderunt.
819 2480 1009 2554 QuiPaulini
1021 2480 1107 2540 loeus

340 2593 412 2638 cram
445 2574 498 2635 illa
537 2573 669 2653 quadrat
708 2572 953 2652 expostulatione
980 2571 1105 2645 Christi,

340 2686 434 2750 quam
445 2666 648 2746 expendimus
661 2664 754 2725 alibi³
768 2685 774 2724 :
787 2664 986 2741 Hierusalem,
995 2664 1106 2726 Hieru-

339 2761 440 2836 salem,
457 2778 523 2841 qure
536 2756 639 2819 ocer'ctis
666 2755 878 2838 Prophetas,et
907 2755 1023 2838 lapidas
1050 2776 1104 2833 eos,

340 2854 396 2936 qai
408 2852 448 2913 ud
456 2861 483 2913 te
496 2852 579 2911 missi
593 2855 661 2911 sarrit
672 2848 695 2925 ⁸;
717 2853 829 2930 quoties
843 2848 926 2909 colui
933 2866 1107 2928 concrepare

341 2945 420 3028 filios
443 2953 515 3017 tuos,
541 2941 786 3023 quemadmodum
806 2940 923 3021 palliae
949 2948 1107 3021 conprepat

339 3037 436 3119 pullos
448 3055 512 3096 auos
524 3033 576 3094 sub
594 3033 671 3111 alas,
687 3040 713 3094 et
737 3031 878 3093 uoluisti?
891 3033 970 3093 Nam
983 3050 1106 3113 conpre-

340 3148 413 3211 pare
426 3128 507 3210 fitius
521 3125 599 3186 nihil
622 3125 706 3186 aliud
733 3130 789 3197 est,
806 3143 901 3204 quam
914 3124 1019 3197 fidem,
1036 3143 1108 3202 gra·

340 3223 427 3294 tiam,
453 3240 489 3281 ac
512 3217 643 3279 salutem
670 3218 707 3277 iis
732 3217 854 3278 offerre.
870 3216 959 3281 erod
982 3217 1107 3295 quidem

339 3333 421 3394 saepe
435 3310 593 3372 Christum
606 3309 722 3382 fecisse,
740 3309 912 3387 Christique
930 3307 1106 3387 discipulae,

339 3425 419 3487 pene
433 3423 541 3466 omnes
555 3402 627 3463 novi
642 3400 832 3462 Testamenti
842 3400 963 3480 paginae
976 3400 1109 3479 loquun-

339 3505 414 3560 tur:
438 3499 473 3558 in
501 3495 615 3576 quibus
642 3496 680 3555 de
702 3494 883 3554 ludaeorum
903 3491 1105 3563 abdicatione,

339 3598 464 3673 propter
484 3606 594 3651 eornm
617 3585 868 3647 contumaciam:
890 3590 921 3645 et
944 3585 1108 3663 gentilium

340 3685 512 3755 vocatione,
529 3701 564 3742 ac
584 3679 801 3741 substitutione
821 3677 938 3737 mentio
958 3676 1012 3752 iit3
1029 3678 1108 3738 Item

341 3777 471 3857 epistola
481 3791 590 3835 xxxin.
614 3794 626 3830 ι
643 3771 803 3844 Omnibus,
819 3771 933 3848 inquit,
947 3770 1023 3844 uita,
1042 3786 1108 3829 om·

340 3870 433 3931 uibus
443 3868 505 3943 via,
520 3864 664 3927 omnibns
674 3864 772 3943 janua
784 3869 840 3923 est.
858 3862 982 3923 Nemini
993 3862 1108 3922 clandit

341 3981 395 4024 sua
404 3979 513 4040 regna,
528 3957 641 4038 quibus
654 3962 685 4017 et
706 3955 769 4015 rim
782 3955 934 4034 permittit
948 3953 1066 4015 inferri.
1088 3975 1104 4013 ιι

341 4055 374 4115 Si
410 4051 529 4115 nemini
564 4048 679 4110 claudit
702 4047 822 4107 aditum
852 4045 940 4125 regni
966 4046 1107 4122 caelestis,

341 4165 413 4226 ergo
424 4145 568 4206 omnibus
580 4141 692 4203 coelum
702 4145 807 4219 patere
819 4138 896 4211 vult,
914 4142 945 4198 et
960 4139 1110 4217 passionis

341 4257 405 4300 snae
418 4239 556 4299 fructum
569 4251 640 4295 cum
655 4232 801 4293 omnibus
810 4231 1030 4303 communicat,
1044 4230 1110 4292 sine

342 4350 403 4410 quo
418 4329 536 4391 nemini
550 4331 646 4407 patet.
657 4324 738 4398 Quin
749 4324 878 4403 epistola
890 4342 922 4382 ιι
935 4323 1027 4402 paulo
1037 4327 1110 4383 ante

341 4423 446 4497 finem,
467 4444 482 4480 a
496 4421 597 4491 Dedit,
613 4418 724 4497 inquit,
736 4421 918 4496 potestatem
930 4415 1110 4495 recipienti·

341 4517 401 4576 bus
412 4534 444 4577 se
457 4514 539 4574 tilios
553 4511 606 4573 Dei
620 4510 688 4570 lieri
699 4530 707 4583 3
717 4513 918 4588 et,quantnm
929 4508 963 4567 in
976 4508 1108 4586 ipsoest,

341 4606 487 4669 omnibus
510 4604 589 4665 dixit
611 4601 803 4674 hominibus,
831 4601 885 4660 ilii
909 4600 989 4676 estr's,
1006 4610 1032 4660 et
1047 4598 1110 4680 filii

344 4698 466 4760 Encelsi
478 4694 748 4773 eunomianique
756 4692 904 4752 Paulinus
913 4692 997 4752 idem
1006 4691 1112 4772 inepi-

341 4792 420 4853 stola
433 4807 528 4851 xxxvr
551 4786 590 4850 od
616 4786 787 4848 literarium
804 4803 811 4845 :
827 4786 862 4845 in
885 4802 947 4863 qus
968 4783 1111 4863 naufragi

342 4880 565 4945 Catechnmeni
591 4876 840 4953 memorabilem,
859 4895 895 4937 ac
924 4875 1109 4956 stupendam

340 4973 485 5037 describit
515 4969 696 5045 historiam,
732 4968 887 5031 Christum
921 4968 1112 5030 demonstrat

343 5066 485 5128 omnium
511 5063 676 5126 hominum
700 5059 903 5141 procurandae
925 5058 1018 5121 saluti
1045 5063 1110 5119 stu·

342 5158 447 5220 duisse
460 5158 536 5219 dnm
547 5156 663 5217 vireret
674 5174 682 5230 ;
693 5154 859 5233 hodieque,
873 5156 1027 5230 quantum
1038 5150 1112 5211 inse

849 245 1173 345 rrrnonoarcoaun
1200 283 1418 345 noarrnunr

1153 454 1210 521 est,
1226 449 1415 510 incumbere.
1427 471 1442 507 a
1457 448 1605 528 Quiaipse
1615 462 1670 521 est,
1684 448 1808 528 inquit,
1830 468 1911 509 verus

1153 541 1252 621 panis,
1265 542 1318 620 qni
1332 543 1369 601 de
1383 542 1460 601 cmlo
1471 541 1630 603 descendit
1643 543 1717 603 dare
1726 559 1827 602 eseam
1834 542 1912 600 omni

1153 634 1249 693 earrri.
1266 635 1303 692 ln
1317 634 1403 693 omni
1417 634 1501 694 enim
1515 634 1643 694 bomine
1657 653 1735 715 opus
1747 652 1841 695 suum
1853 634 1912 694 dili·

1152 725 1212 804 git:
1221 734 1252 786 et
1263 733 1560 806 omnem,quantum
1570 727 1603 787 in
1614 729 1682 806 ipso
1694 734 1749 801 est,
1760 727 1911 787 hominem

1153 817 1273 878 salvum
1300 819 1364 879 lieri
1393 820 1459 880 vrrlt
1483 840 1491 878 ι
1517 820 1590 899 quia
1614 825 1748 880 mortem
1768 838 1832 879 non
1848 818 1912 879 iecit

1153 910 1226 971 vitre
1237 911 1337 987 datin,
1352 912 1453 972 atrita
1466 910 1572 973 totus⁸
1586 932 1593 987 ;
1608 930 1666 973 nec
1678 911 1840 973 laetaturin
1853 929 1912 990 per·

1154 1001 1270 1063 ditione
1284 1003 1438 1079 rivorum,
1454 1005 1508 1084 qui
1528 1004 1647 1065 mauult
1664 1004 1909 1073 miscricordiam,

1154 1112 1249 1173 quam
1262 1096 1447 1158 sacrificinm
1462 1116 1468 1156 :
1485 1115 1542 1158 nee
1566 1115 1713 1177 personas
1731 1097 1851 1176 arripit,
1865 1095 1911 1177 qui

1153 1184 1224 1245 feeit
1239 1204 1348 1248 omnes
1362 1208 1369 1249 :
1385 1189 1438 1249 sed
1467 1208 1522 1269 pro
1547 1188 1669 1250 meritis
1688 1189 1820 1266 judicat,
1847 1189 1912 1269 qnia

1157 1278 1236 1338 Deus
1245 1280 1343 1357 judea
1357 1287 1412 1342 est.
1429 1304 1441 1339 ι

1195 1371 1278 1432 XVI.
1299 1376 1413 1434 Arrctor
1425 1375 1722 1437 commentariorum
1735 1374 1768 1436 in
1780 1374 1911 1456 epistolas
1940 1348 1992 1444 22

1156 1463 1252 1539 Pauli,
1281 1466 1394 1544 quibus
1420 1467 1574 1528 Ambrosii
1595 1485 1711 1529 nomen
1734 1467 1909 1548 praefigitur,
1944 1455 1971 1498 ⁵⁴

1155 1555 1310 1617 Ambrosii
1338 1558 1434 1638 ipsius
1461 1559 1603 1639 aequalis,
1634 1561 1667 1621 iu
1694 1560 1855 1639 epistolam
1878 1558 1913 1620 ul

1157 1646 1326 1709 Corinthios
1352 1651 1532 1726 secundam,
1545 1656 1576 1712 et
1599 1652 1653 1712 illa
1676 1651 1782 1720 rerba,
1805 1651 1844 1713 Et
1863 1670 1910 1732 pro

1155 1740 1287 1801 omnibus
1301 1751 1433 1804 mortuus
1445 1751 1486 1804 ert
1503 1744 1528 1805 C
1528 1742 1665 1817 drr'stus‘,
1686 1744 1754 1805 lraec
1776 1744 1910 1818 adnotat;

1164 1854 1175 1890 ι
1193 1833 1269 1907 Quia
1281 1853 1388 1896 omnes
1410 1852 1533 1897 necesse
1556 1840 1604 1896 est
1624 1836 1707 1898 mori
1725 1854 1817 1897 eausa
1835 1835 1910 1909 ida,

1158 1942 1214 2005 pro
1230 1926 1377 1988 omnibus
1398 1931 1542 1988 mortrurs
1562 1933 1607 1989 est
1628 1927 1777 2001 Christus,
1795 1928 1913 2005 ideoque

1157 2019 1209 2097 qui
1235 2019 1344 2080 vivunt
1372 2020 1406 2080 in
1434 2038 1583 2099 corpore,
1612 2019 1741 2081 scientes
1767 2020 1913 2081 Christum

1157 2118 1318 2173 mortuum
1332 2131 1397 2174 csse
1409 2132 1465 2192 pro
1487 2131 1531 2185 se,
1554 2113 1618 2173 sint
1639 2112 1669 2173 ei
1691 2112 1819 2189 subditi,
1834 2111 1912 2191 prole

1155 2207 1256 2265 tentes
1269 2205 1353 2266 hunc
1368 2207 1544 2266 ltominum.
1562 2226 1578 2262 ιι
1596 2205 1782 2265 llinomarus
1800 2205 1832 2264 in
1844 2202 1912 2264 libro

1157 2297 1193 2357 de
1205 2293 1471 2376 praedestinatione,
1486 2297 1584 2377 capite
1602 2314 1721 2372 anxur,
1730 2297 1832 2358 laeum
1846 2295 1912 2356 alte·

1156 2406 1228 2448 rum
1242 2388 1331 2450 atlert
1342 2408 1380 2450 ex
1394 2389 1503 2450 iisdem
1515 2389 1745 2449 commentariis
1758 2389 1799 2450 ad
1812 2389 1912 2467 episto·

1156 2480 1220 2541 lam
1235 2480 1370 2561 primam
1384 2479 1425 2542 ad
1445 2480 1626 2549 Corinthios,
1642 2486 1673 2541 et
1695 2481 1763 2542 haee
1788 2478 1912 2559 Apostoli

1156 2570 1275 2640 verha⁷.
1291 2573 1471 2653 Quicumque
1484 2571 1708 2635 manducaverit
1719 2570 1910 2652 pauentium,

1157 2672 1214 2727 etc.
1241 2684 1309 2726 reru
1323 2666 1379 2727 erit
1402 2666 1544 2746 eorporis,
1570 2677 1599 2726 et
1617 2665 1772 2746 sanquinis
1792 2663 1911 2726 bomin

1157 2759 1237 2834 Quid
1251 2764 1413 2819 astantem
1432 2776 1503 2819 reos
1525 2776 1591 2819 esse
1618 2758 1707 2818 anisi
1729 2776 1836 2837 poenas
1849 2756 1911 2816 darc

1156 2852 1266 2913 mortis
1279 2850 1425 2912 homiui?
1439 2851 1562 2912 Occisus
1578 2856 1624 2911 est
1636 2851 1722 2910 enim
1734 2868 1791 2929 pro
1803 2850 1846 2919 iis,
1867 2847 1912 2924 qni

1155 2943 1339 3005 heneficium
1353 2943 1419 3023 ejus
1432 2943 1556 3002 irritum
1569 2941 1726 3003 faciunda
1744 2944 1787 3002 lta
1800 2940 1912 3021 quidem

1157 3036 1371 3098 commentarii
1397 3036 1481 3096 illins
1505 3034 1601 3095 rerba
1630 3036 1702 3095 citat
1729 3035 1911 3095 Hincmarus.

1156 3129 1216 3190 Sed
1231 3128 1366 3189 ineditis
1381 3146 1444 3188 nou
1457 3146 1513 3207 pro
1537 3126 1574 3187 iis
1597 3125 1709 3206 legitur
1724 3146 1735 3186 .·
1750 3127 1804 3187 sed
1823 3124 1859 3187 ab
1870 3124 1910 3184 iis.

1157 3220 1347 3282 Gaudentius
1359 3218 1521 3280 Brixianus
1534 3224 1667 3279 tractatu
1681 3218 1860 3279 ‹luodecimo
1872 3215 1913 3275 his

1156 3313 1258 3374 uerbis
1269 3311 1381 3372 Christi
1394 3311 1579 3389 sangninem
1596 3330 1652 3390 pro
1668 3310 1729 3371 illis
1741 3311 1834 3372 etiam
1849 3326 1911 3389 pro·

1156 3405 1261 3467 lusum
1274 3404 1400 3481 indicat,
1416 3403 1470 3483 qui
1487 3404 1590 3464 fructu
1604 3421 1739 3463 vacuum
1762 3403 1795 3462 in
1816 3400 1912 3480 seipsis

1159 3516 1231 3559 eum
1245 3497 1337 3577 eulpa
1349 3514 1404 3556 sua
1425 3495 1565 3556 iecerunt
1581 3515 1588 3555 ι
1608 3495 1816 3556 «Cavendum
1833 3493 1911 3570 plane

1159 3591 1249 3652 nobis
1270 3589 1389 3671 (fratres
1402 3586 1563 3668 carissimi]
1580 3605 1620 3649 ne
1631 3587 1791 3649 victoriam
1802 3582 1910 3653 carini.

1159 3703 1221 3765 qua
1242 3681 1402 3744 diabolum
1428 3680 1650 3759 triumpharit,
1686 3679 1725 3739 de
1752 3677 1912 3759 captivitate

1160 3776 1225 3855 ejus
1238 3792 1295 3835 nos
1308 3772 1464 3834 redimens
1482 3790 1538 3833 sno
1561 3771 1715 3849 sangnine
1735 3771 1912 3851 pretioso,et

1159 3869 1301 3930 auferens
1334 3866 1363 3926 ei
1396 3865 1526 3926 humani
1551 3865 1673 3944 generis
1697 3863 1910 3944 principatum

1158 3967 1264 4022 nostro
1287 3958 1363 4018 vitio
1385 3957 1506 4018 irritam
1532 3957 1681 4017 faciamus
1697 3976 1705 4016 t
1721 3956 1801 4016 illius
1819 3960 1913 4034 tyran

1158 4053 1226 4113 nidi
1238 4070 1293 4132 per
1305 4049 1464 4110 illecebras
1479 4049 1579 4109 carnis
1601 4049 1668 4128 ejus
1682 4046 1799 4109 crudeli
1812 4046 1912 4106 itenrm

1158 4163 1255 4224 reguo
1271 4161 1327 4203 nos
1347 4141 1544 4220 subjicientes
1567 4140 1600 4200 in
1623 4140 1838 4201 contumeliam
1862 4138 1912 4195 aa

1159 4238 1327 4316 demptoris
1357 4255 1365 4295 ι
1395 4236 1478 4294 unde
1511 4233 1621 4294 merito
1657 4230 1912 4311 conqueraurr‚ct

1160 4329 1324 4410 exprobret
1346 4326 1443 4401 :Oua
1471 4325 1590 4386 utititas
1615 4325 1648 4385 iu
1677 4320 1912 4404 sanqurueuuo?

1161 4422 1236 4484 Sine
1253 4438 1345 4482 eausa
1358 4437 1447 4480 meus
1465 4436 1522 4497 pro
1549 4417 1638 4479 vobis
1658 4418 1784 4496 sangnis
1810 4413 1913 4474 efflari

1159 4520 1221 4591 est;
1237 4514 1263 4575 si
1277 4514 1388 4574 ituros
1401 4511 1544 4590 geritis.»

375 5405 931 5466 tarrantis-auaui,rt.-aron.1.
957 5404 1141 5460 tibilitanas,
1172 5403 1276 5459 parant.
1298 5400 1415 5445 -tuut
1438 5397 1534 5451 ιιιιι,8.
1559 5397 1611 5440 -u
1637 5397 1689 5450 sap.
1705 5393 1802 5446 ¹.t³.-·
1821 5387 1872 5435 tls
1891 5382 1907 5428 ΙΙ

343 5481 392 5527 Gor.
405 5491 425 5531 v,
434 5477 466 5521 15.
476 5472 539 5519 -rl
550 5474 598 5520 Gor.
609 5484 643 5523 nr,
651 5472 686 5516 at.
694 5494 721 5504 -
732 5471 745 5514 8
758 5471 843 5514 comm.
854 5467 928 5513 Ante.
