3936 6146
496 369 545 431 DE
565 369 867 445 lNCARNATIONE,
888 370 960 430 LlB.
983 368 1021 445 X,
1043 368 1125 429 ChP.
1148 368 1232 428 Vlll.
1595 368 1652 427 393

88 537 131 597 Sin
154 535 184 593 in
203 533 333 594 tibrada
360 532 449 594 necta
477 532 547 616 fide,
576 536 675 614 eapite
703 536 834 597 decimo
885 536 1134 615 eonjunetionem
1147 551 1218 598 oum
1233 532 1334 594 Verbo
1352 533 1498 592 humanm
1519 539 1651 609 natium,

87 629 174 698 tertio,
206 632 237 685 et
267 632 368 688 contra
407 626 751 708 Anthropornorptitus,
783 648 834 690 ea·
884 631 963 691 utin
975 632 1031 690 hae
1044 633 1145 689 totum
1159 627 1236 688 illud
1250 627 1306 701 sit;
1324 645 1385 686 non
1401 630 1506 684 tamen
1520 624 1651 701 efficere,

87 722 140 801 pite
160 734 236 778 arur
259 726 290 778 et
304 737 372 791 xix,
389 720 512 780 tametsi
534 720 614 780 liber
640 721 697 783 iste
721 722 836 782 nonsit
885 728 920 781 ut
939 741 1004 781 non
1025 724 1059 781 in
1079 721 1157 793 aliis,
1182 726 1212 780 et
1227 738 1298 779 eum
1316 718 1382 777 aliis
1401 721 1522 791 existat,
1540 718 1652 796 quibus

88 812 188 893 Cyrilli.
885 833 943 874 neo
958 815 1052 881 adest,
1070 832 1127 873 neo
1141 819 1185 872 est
1194 809 1371 872 hnmanitas
1382 810 1557 888 ooujuneta.
1583 810 1653 870 Hero

121 904 192 963 Vlll.
215 904 329 963 Auctor
344 904 495 964 sermonis
509 903 544 964 de
566 904 735 967 Inventione
759 906 834 968 Cro·
885 906 949 967 fere
963 905 1207 986 Amphilochius.

88 999 131 1063 ris.
154 997 203 1075 qui
227 996 366 1073 Gregorii
388 996 613 1075 Thaumatnrgi
640 999 766 1058 nomino
788 1000 836 1059 iu-
926 1000 1010 1058 Vlll.
1046 998 1185 1059 lteelarat
1211 998 1270 1058 hoo
1305 1001 1412 1057 auctor
1445 994 1654 1075 Expositionis

87 1090 198 1167 scriptus
211 1093 266 1163 est,
288 1088 444 1148 Christum
457 1088 634 1168 loquentem
650 1090 692 1150 sio
704 1091 833 1151 inducit.
885 1090 958 1173 fidei
972 1091 1029 1150 sub
1042 1092 1060 1152 J
1065 1091 1159 1150 ustini
1177 1091 1316 1160 nomine,
1342 1089 1395 1168 qui
1417 1106 1487 1148 oum
1506 1088 1650 1148 dixisset:

91 1182 227 1258 aOporiet
240 1198 277 1239 eo
292 1197 343 1240 me
358 1182 780 1256 carneaseendere,uhisum
793 1183 838 1243 di·
890 1205 902 1240 ι
928 1183 1068 1243 Verbum
1096 1183 1211 1261 ubique
1233 1199 1368 1262 presens
1391 1197 1455 1240 esse
1483 1180 1653 1240 seeundum

87 1275 263 1333 unitatae.»
886 1276 1102 1351 substantiam,
1124 1275 1176 1335 sed
1197 1275 1352 1354 praeeipua
1380 1272 1514 1350 quadam
1534 1274 1653 1332 ratione

121 1364 345 1443 Amphilochius
358 1364 390 1424 in
405 1366 538 1443 quodam
554 1366 707 1445 Ereerpto
724 1366 836 1441 Photii,
887 1368 1046 1447 intemplo
1065 1365 1156 1440 suoi,
1185 1388 1200 1424 o
1217 1372 1323 1445 postea
1341 1364 1412 1424 solis
1439 1366 1498 1423 hoe.
1522 1363 1654 1424 illustrat

87 1458 223 1518 uberrime
236 1458 274 1518 de
295 1458 355 1518 hae
366 1458 575 1519 immensitate
586 1459 837 1538 disputatexpli-
887 1460 1045 1539 exemplo,
1072 1461 1127 1538 qui
1156 1477 1228 1519 oum
1255 1458 1399 1518 omnihus
1426 1457 1460 1514 in
1487 1473 1653 1516 commune

88 1557 178 1628 eatque
192 1550 349 1628 quomodo
367 1551 432 1610 siue
447 1550 511 1610 ullo
535 1551 721 1612 detrimento
735 1551 836 1630 hypo·
887 1554 1062 1631 propositus
1076 1553 1125 1626 sit,
1142 1557 1173 1612 et
1192 1551 1259 1612 luae
1276 1570 1331 1610 sua
1349 1550 1477 1628 impleat
1496 1551 1652 1624 universa,

87 1644 185 1702 statione
194 1642 433 1720 conjunctionis,
446 1662 511 1703 non
524 1644 561 1703 sit
575 1643 716 1704 humana
727 1643 837 1703 Christi
887 1663 945 1704 neo
959 1644 1109 1722 majorem
1123 1645 1201 1717 aliis,
1218 1646 1371 1704 minorem
1387 1641 1455 1700 aliis
1480 1641 1651 1718 impertiat;

88 1736 184 1814 ubique
198 1739 320 1794 natura.
341 1735 387 1794 lta
408 1752 481 1813 ergo
500 1736 703 1813 (prastionem
727 1753 837 1813 propo·
887 1744 993 1797 tamen
1017 1755 1073 1816 pro
1100 1737 1248 1815 cujusque
1270 1740 1372 1814 raptu,
1403 1750 1461 1793 neo
1489 1750 1526 1791 ex
1549 1750 1652 1810 arqrro,

89 1831 142 1889 nit:
160 1850 173 1884 ο
188 1828 218 1887 Si
233 1826 363 1887 minime
378 1827 607 1906 eireumseripta
626 1827 682 1887 filii
696 1832 743 1887 est
758 1827 837 1887 diri·
888 1829 973 1889 illam
988 1829 1093 1889 omnia
1111 1827 1305 1908 participant.
1325 1852 1339 1879 ι
1351 1827 1392 1887 Ut
1412 1826 1507 1902 igitur
1524 1824 1569 1883 sol
1592 1822 1655 1883 effi·

88 1926 162 1994 uitas,
183 1940 261 1993 earo,
282 1937 378 1998 quam
397 1922 561 1999 assumpsit
589 1920 637 1978 vel
656 1925 701 1980 est
721 1919 836 1999 ubique
889 1922 1000 1982 olentia
1014 1941 1069 1981 sua
1083 1921 1189 1981 omnia
1205 1920 1346 1980 similiter
1368 1918 1503 1996 attingit,
1527 1935 1592 1976 non
1607 1921 1654 1975 ta·

90 2014 230 2092 [siquidem
251 2013 309 2071 ubi
324 2016 369 2071 est
383 2012 538 2083 divinitas,
559 2011 601 2071 ihi
617 2012 701 2072 illam
716 2017 838 2091 oportet
888 2032 962 2073 men
985 2013 1127 2073 similiter
1140 2013 1179 2072 ab
1194 2012 1339 2072 omnihus
1351 2012 1490 2090 eapitur:
1517 2009 1558 2067 ita
1578 2008 1653 2067 Vor-

88 2106 147 2185 esse)
162 2108 206 2166 rel
220 2105 245 2166 si
265 2105 336 2164 loeo
353 2104 582 2183 circumseripta
596 2111 653 2178 est,
681 2104 718 2164 ab
733 2122 768 2164 eo
783 2106 837 2182 qui
887 2105 964 2165 bum
998 2123 1071 2166 eum
1109 2106 1279 2166 seeundum
1322 2101 1525 2163 substantiam
1567 2117 1655 2160 sunm

87 2200 231 2278 assumpsit
252 2197 451 2275 disjungatur
472 2214 595 2256 narrasse
619 2194 692 2255 esti.
715 2196 836 2259 anio
888 2217 1024 2278 praesens
1037 2198 1116 2258 adsit
1130 2198 1285 2271 omnihus,
1302 2215 1366 2256 non
1384 2193 1654 2255 similitereeeteris

87 2292 229 2371 questioni
247 2290 416 2370 respondet
429 2289 673 2367 Amphilochius,
691 2289 745 2349 liei
764 2307 835 2368 pro·
888 2293 973 2352 adest
986 2309 1174 2370 praesensao
1185 2284 1655 2369 temploproprio‘.»eraesimi-

87 2386 171 2462 prium
185 2402 258 2455 esse,
279 2388 314 2441 ut
337 2382 527 2460 ubicumque
545 2386 698 2455 astratus
715 2380 757 2440 ibi
780 2382 833 2455 sit;
886 2384 985 2444 litudo
1000 2402 1040 2444 ne
1061 2384 1135 2463 quid
1146 2382 1322 2443 offensionis
1332 2379 1456 2453 habeat,
1476 2379 1513 2438 ad
1535 2377 1654 2456 reliqua

87 2477 203 2554 adeoque
217 2477 255 2535 sit
272 2474 389 2553 ultique
404 2480 496 2548 totus,
513 2493 574 2552 quo
588 2475 624 2533 iit
640 2496 655 2531 (ι
669 2480 704 2534 ut
719 2474 752 2534 in
766 2493 837 2534 eon·
887 2477 976 2537 dehet
989 2476 1070 2554 exigi
1083 2476 1221 2554 mysterii
1238 2474 1486 2551 illiusdogmata,
1501 2488 1571 2550 quas
1585 2469 1655 2529 hao-

86 2569 173 2646 juucta
192 2569 248 2628 sibi
266 2586 359 2628 earne
376 2572 458 2626 totus
467 2567 516 2638 sit,
533 2572 563 2626 et
577 2586 615 2627 ex
627 2572 704 2627 toto.
730 2568 835 2646 Neque
885 2575 976 2630 tenus
990 2569 1141 2648 explicata
1152 2574 1235 2628 sunt.

87 2667 227 2741 propterea
261 2660 346 2738 quod
374 2660 490 2737 ubique
518 2666 564 2718 est
585 2660 660 2737 ipse,
698 2660 836 2721 humana
927 2663 977 2721 Sir.
1003 2661 1198 2739 Ephroemius
1229 2658 1440 2719 Antiochenus
1467 2654 1651 2730 Patriareha,

86 2772 145 2813 sero
165 2759 275 2812 natura
299 2751 377 2825 loeo,
407 2758 557 2829 tempore,
580 2751 680 2822 initio,
709 2751 781 2825 fine,
806 2759 836 2812 et
885 2753 932 2813 vir
946 2770 1090 2831 peraeque
1111 2758 1246 2823 sanetus,
1264 2758 1294 2810 et
1308 2750 1446 2810 eruditus
1459 2753 1566 2807 eontra
1586 2748 1651 2806 Μο-

87 2845 205 2923 partibus
224 2844 295 2904 aliis
318 2843 445 2902 delinita
456 2848 518 2902 est:
535 2842 646 2902 ideireo
669 2843 719 2902 rel
742 2843 834 2903 mini·
885 2845 1064 2925 uophysitas
1079 2850 1202 2905 strenue
1216 2844 1386 2915 decertans,
1411 2841 1487 2900 diras
1510 2838 1544 2898 in
1566 2839 1654 2898 Chri-

89 2955 145 2996 mns
164 2935 349 3016 separationi
378 2935 480 2994 aditus
506 2935 693 2995 coneeditur.
736 2937 835 3008 Quam
885 2940 934 2997 sto
945 2937 1103 2997 contendit
1124 2954 1188 2996 esse
1202 2941 1345 3009 naturas;
1370 2932 1409 2992 oh
1431 2950 1507 3010 quas
1533 2930 1652 2990 uidem

87 3029 192 3107 quidem
207 3031 230 3088 is
250 3029 380 3088 demum
407 3027 537 3102 invehit,
553 3029 608 3105 qui
629 3027 727 3086 Deum
742 3028 832 3089 etiam
885 3036 930 3089 est
952 3029 1243 3107 ineireumseriptus,
1265 3033 1295 3086 et
1319 3024 1577 3103 eireumsoriptru,
1603 3028 1652 3083 ut·

86 3121 148 3181 eitra
157 3138 278 3182 earnem
291 3128 481 3199 assumptam
491 3120 558 3180 loeo
569 3120 835 3200 eiroumsoriptnm
884 3127 956 3202 pote
991 3122 1066 3181 duas
1099 3120 1216 3180 hahens
1240 3137 1322 3179 unus
1349 3117 1574 3197 generationes,
1616 3134 1652 3174 aa

86 3215 146 3274 hiso
177 3215 231 3273 sihi
261 3214 403 3287 finxerim
438 3218 469 3272 et
501 3212 617 3291 ubique
645 3231 701 3292 per
734 3219 836 3291 partes
885 3218 1011 3273 naturas
1025 3211 1133 3272 duast.
1148 3236 1162 3270 ν
1182 3213 1218 3271 Et
1233 3217 1349 3290 postea,
1375 3210 1515 3281 «Deum,
1538 3207 1651 3286 inquit,

86 3308 184 3381 adesse,
200 3326 266 3367 non
278 3325 317 3366 ex
340 3311 419 3377 toto,
435 3305 681 3385 quibuscumque
699 3324 835 3385 praesens
885 3311 916 3365 et
936 3306 1095 3365 hominem
1118 3304 1264 3365 confiteor
1285 3303 1440 3363 Christum
1463 3300 1562 3359 filium
1578 3299 1652 3373 liei;

87 3401 158 3461 aden
171 3403 247 3461 Deus
257 3410 281 3460 ⁶.
300 3422 314 3455 ν
885 3417 985 3458 umun
1000 3416 1073 3459 roro
1088 3398 1200 3471 illium,
1216 3396 1336 3455 naturis
1346 3393 1466 3453 duabus
1476 3391 1653 3472 proditum,

118 3491 266 3565 Hoerero,
285 3488 401 3549 soilieet
419 3488 516 3547 Deum
535 3488 601 3546 loro
627 3487 834 3548 eireumsoribi
885 3489 1014 3569 patibili,
1031 3496 1062 3549 et
1074 3487 1253 3567 impatibili3
1271 3485 1405 3557 mortali,
1420 3489 1451 3544 et
1468 3482 1654 3558 immortali;

86 3583 128 3656 sio,
141 3588 173 3641 ut
184 3588 286 3661 partes
300 3581 367 3660 ejus
379 3580 519 3660 partibus
538 3578 596 3639 loci
617 3581 833 3658 respondeant,
884 3580 1081 3659 intelligibili,
1108 3586 1139 3640 et
1159 3577 1322 3653 inuisibili3
1344 3574 1536 3643 attrectabili,
1552 3578 1583 3634 et
1609 3580 1656 3634 ta-

86 3672 296 3752 iuprudentem
311 3673 412 3733 dicero
426 3673 479 3747 ait,
495 3672 549 3751 qui
562 3672 604 3731 sio
614 3672 762 3751 disputnt3
777 3673 835 3732 uisi
886 3681 968 3735 etum
983 3673 1137 3751 fugiento;
1160 3671 1252 3732 initio
1273 3675 1407 3741 carente,
1423 3673 1455 3729 et
1466 3666 1590 3727 initium
1604 3665 1657 3725 ha·

87 3784 144 3825 eum
158 3767 258 3827 divina
284 3764 378 3825 Verbi
401 3764 558 3842 hypostasi
586 3770 764 3842 exaequetur
786 3784 837 3825 ‹rx-
886 3766 994 3840 bente;
1012 3763 1287 3843 incircumscripta,
1305 3766 1336 3823 et
1358 3758 1622 3838 eireumsoriptat.
1638 3781 1653 3816 n

87 3862 159 3917 tensa
170 3865 279 3918 natura
292 3855 430 3916 hominis
443 3860 612 3932 assumpta,
627 3873 692 3914 non
705 3854 749 3913 illi
772 3875 835 3916 esse
887 3860 927 3919 Ut
936 3859 1032 3935 igitur
1046 3864 1158 3917 natura
1167 3857 1305 3917 humana
1321 3870 1518 3933 qrtooumque
1529 3850 1562 3910 in
1575 3855 1658 3910 statu

87 3952 251 4029 copulatam.
269 3949 387 4028 Quippe
408 3965 497 4007 voees
515 3947 594 4022 iste,
622 3945 784 4023 coextendi,
807 3954 837 4008 et
888 3950 1138 4011 oaeterasretinet
1162 3948 1348 4019 affectiones,
1374 3952 1409 4006 ut
1436 3944 1518 4024 quod
1532 3941 1659 4002 visibilis

85 4047 208 4115 assistere,
225 4049 256 4102 et
269 4043 363 4120 hujus
378 4039 500 4118 generis
513 4039 593 4111 alien,
606 4039 790 4100 divisionem
804 4041 837 4100 in
889 4044 928 4102 sit
953 4048 983 4103 et
1011 4042 1050 4101 ab
1077 4041 1165 4101 initio
1193 4041 1297 4118 aliquo
1332 4057 1397 4098 esse
1436 4036 1574 4114 eoeperit,
1602 4052 1658 4093 nee

87 4141 172 4213 partes
185 4135 369 4212 significant.
386 4135 543 4193 Postremo
560 4132 670 4193 adhoc
684 4135 838 4212 pertinere
889 4135 927 4194 sit
948 4134 987 4195 ab
1014 4140 1149 4207 aeterno,
1173 4134 1218 4194 ita
1242 4132 1336 4193 etiam
1363 4133 1399 4188 ut
1425 4126 1659 4206 oucrrmseripta

117 4349 226 4404 olom.
245 4347 290 4403 Vll
309 4346 449 4415 Clrrysost.
471 4345 558 4415 Δεῖμε
576 4344 684 4397 ἀνελθεῖν
705 4348 736 4417 τῇ
755 4346 837 4416 σαρκί,
922 4345 944 4401 d
961 4346 1065 4401 Jusrru.
1085 4346 1187 4398 Πίστευε
1197 4342 1237 4395 καί
1246 4343 1359 4414 παρεῖναι
1373 4344 1501 4414 πανταχοῦ
1509 4342 1564 4394 κατ’
1574 4339 1658 4393 οθσίαν

88 4430 139 4483 dnm
152 4431 197 4502 εἰμὶ
209 4432 354 4504 τῇθεότητι.
888 4429 929 4482 τὸν
943 4429 1030 4500 λόγον,
1045 4429 1084 4481 καί
1098 4427 1153 4480 κατ’
1163 4425 1284 4496 ἐξαίρετον
1294 4424 1412 4497 θπάρχειν
1421 4422 1445 4475 ἐν
1457 4429 1493 4494 τῷ
1503 4417 1586 4493 οίκείῳ
1594 4428 1656 4493 ναῷ.

117 4514 257 4568 diurnis.
291 4512 377 4582 Ἀπορ.
400 4511 430 4564 Εἰ
453 4510 631 4582 ἀπεριγραπτος
653 4510 669 4577 ό]
693 4508 716 4563 έν
740 4516 776 4583 τῷ
793 4511 839 4582 υἱῷ
924 4511 1027 4567 elhid.
1054 4509 1101 4573 Ὣς
1115 4509 1189 4582 γάρό
1207 4509 1278 4575 ἥλιος
1292 4508 1385 4579 ὁμοίως
1396 4508 1450 4558 κατ’
1470 4504 1589 4577 ἐνέργειαν
1607 4507 1659 4568 τοῖς

89 4595 169 4663 θεότης,
182 4598 197 4665 i,
210 4596 267 4669 σάρξ
285 4598 315 4662 ἣν
336 4595 462 4657 άνέλαόεν,
487 4596 659 4667 ἢπανταχοῦ·
682 4594 738 4647 ένθα
759 4593 840 4666 γάρὴ
889 4597 947 4649 πᾶσι
968 4595 1142 4666 προοόάλλων,
1164 4592 1212 4664 οὔχ
1233 4592 1324 4663 ὁμοίως
1343 4590 1391 4643 tat
1416 4590 1514 4642 πάντιον
1529 4589 1656 4659 χωρεῖται·

89 4679 159 4747 θεότης
171 4680 277 4748 κάκείνην
291 4681 402 4749 παρεῖναι
415 4678 487 4745 deii
501 4678 695 4750 περιγραφομένη
705 4680 784 4748 τόπῳ,
798 4681 841 4731 τοῦ
889 4678 967 4739 οθτως
981 4678 995 4730 ὁ
1009 4680 1083 4750 λόγος
1096 4677 1151 4729 κατ’
1166 4674 1250 4728 οόσίαν
1264 4676 1317 4734 τοῖς
1330 4674 1390 4727 πᾶσι
1399 4673 1493 4744 παρὼν,
1509 4669 1557 4743 οὺχ
1568 4669 1659 4741 ὁμοίως

89 4764 262 4834 προσειληρότος
275 4763 409 4829 διέστηκεν.
889 4766 941 4823 τοῖς
954 4763 1039 4823 ἄλλοις
1051 4762 1091 4814 καί
1105 4765 1141 4832 τῷ
1155 4765 1207 4831 ναῷ
1222 4756 1304 4829 οἰκείῳ
1318 4757 1442 4828 πάρεστιν.

120 4862 131 4900 c
148 4850 257 4901 tunna..
269 4845 335 4900 ibid.
356 4844 385 4897 Εἰ
398 4844 424 4898 δὲ
438 4845 497 4897 ὅλον
512 4844 601 4904 ὑλικῶς
613 4847 741 4916 πανταχοῦ
756 4844 840 4915 καλιῇ
926 4845 946 4921 f
961 4847 1093 4900 hortuna.
1117 4843 1190 4913 apud
1215 4842 1294 4896 Phot.
1317 4839 1378 4894 cod.
1402 4854 1504 4893 ccxxix.
1525 4830 1602 4899 Οὗτος
1616 4831 1658 4890 οὖν

90 4927 188 5001 θρεομένη
204 4930 273 5001 σαρκί
292 4929 351 4988 θλος
365 4925 507 4999 ἐνυπάρχων
522 4927 536 4979 ό
550 4926 610 4988 υίός.
638 4926 668 4979 Εἰ
681 4928 782 4998 πάρεστι
798 4927 841 4996 μὲν
891 4927 954 4982 ἐστίν
975 4928 1076 4989 όαθτίνς
1094 4927 1287 4998 άπερίγροιπτος,
1312 4925 1353 4976 καὶ
1374 4923 1545 4996 περιγράπτος,
1561 4922 1595 4983 όνς
1616 4921 1658 4974 tto

91 5010 152 5073 οὗτος
161 5015 291 5084 πανταχοῦ·
303 5009 352 5077 ἥδ’
362 5009 499 5081 ἀνθρωπίνη
509 5009 578 5078 φύσις
593 5011 750 5080 περιώρισται
761 5012 840 5081 τόπῳ,
890 5013 994 5077 γενέσεις
1006 5012 1082 5083 ἔχων,
1092 5010 1133 5062 καὶ
1149 5010 1191 5061 tto
1206 5007 1290 5069 οθσίας
1303 5008 1318 5060 ό
1333 5002 1377 5069 τίς.

91 5097 125 5145 καὶ
136 5096 221 5167 γρόνῳ,
236 5096 302 5167 ἀργῇ
317 5112 353 5156 τε,
369 5095 409 5145 καί
423 5093 532 5164 τελευτῇ,
548 5093 587 5144 καί
600 5094 694 5163 μορίοις
708 5093 800 5154 ἄλλοις·
812 5092 841 5145 οὗ
925 5113 946 5165 p
965 5094 1033 5148 thid,
1044 5092 1124 5146 ’θθτῳ
1145 5093 1198 5145 θεόν
1217 5111 1254 5153 τε,
1276 5094 1317 5144 καὶ
1337 5092 1463 5162 άνθρωπον
1478 5089 1596 5160 ὁμολογῶ
1617 5090 1658 5142 τόν

93 5176 128 5247 pis
143 5173 182 5230 οὖν
198 5178 308 5250 οὐδεμίαν
324 5178 430 5247 πάροδον
450 5181 486 5247 τῷ
509 5182 629 5249 χωρισμῷ
642 5178 841 5244 συνεπινοηθῆναι
890 5178 1043 5249 Χριστόντόν
1057 5177 1108 5228 υἱόν
1123 5180 1166 5227 τοῦ
1175 5175 1238 5227 θεοῦ·
1257 5174 1332 5227 έναθέ
1347 5174 1398 5226 οἷον
1413 5173 1568 5243 δόορθσεων,
1583 5174 1659 5239 παθη-

92 5263 283 5332 orsay-(opimiano.
304 5259 415 5320 Ἐκεῖνος
439 5257 462 5311 δ’
484 5261 513 5310 ἂν
540 5256 588 5325 εἴη,
616 5259 630 5311 ό
654 5258 683 5311 ab
703 5259 779 5321 θεῖον,
800 5260 841 5311 καί
890 5265 933 5326 τῆς
946 5279 982 5325 τε,
998 5259 1038 5312 καί
1054 5260 1169 5323 ἀπαθοῦς,
1185 5258 1272 5324 θνητῆς
1295 5275 1331 5320 τε,
1347 5257 1385 5309 καί
1407 5256 1538 5317 ἀθανάτου,
1557 5259 1656 5321 νοητῆς,

93 5343 160 5413 χωρὶς
176 5347 215 5409 τῆς
236 5342 429 5415 προσληφθείσης
455 5341 545 5413 σαρκός
566 5343 751 5413 περιγενόμενον
772 5344 840 5413 τόπῳ
889 5343 929 5395 καί
944 5342 1060 5414 ἀοράτου,
1082 5342 1236 5413 ψηλαρητῆς,
1262 5341 1302 5392 καί
1326 5339 1458 5410 ἀνεπάρου,
1474 5338 1592 5408 άνάρχου,
1617 5337 1657 5389 καί

94 5426 268 5495 malitiaene,
291 5428 318 5486 θς
340 5424 381 5477 καί
408 5423 439 5477 τά
460 5425 521 5496 μέρη
540 5424 691 5497 τερατεύεται
714 5429 840 5497 πανταχοῦ
890 5425 1038 5498 ἀρχομένης,
1054 5424 1227 5495 άπεριγράρου,
1241 5423 1281 5475 καί
1296 5421 1528 5494 περιγεγραμμένης.
1555 5415 1592 5472 lbi
1609 5434 1656 5486 pro

95 5511 203 5578 παρεῖναι,
214 5507 276 5561 ἀλλά
286 5506 319 5579 μὴ
332 5507 438 5561 καθόλου
447 5500 486 5568 οἷς
500 5508 529 5559 ἀν
543 5508 644 5578 πάρεστι
657 5507 687 5561 τό
700 5508 773 5560 θεῖον.
891 5513 989 5576 νοητῆς,
1001 5507 1072 5564 forle
1081 5509 1169 5577 όραιῆς
1178 5505 1341 5575 legendum.

1699 1006 1804 1049 sacrorn

1683 1059 1826 1115 expositionis

1725 1112 1785 1155 aaut.
