3932 6142
331 208 391 268 illd
848 208 1175 273 THEOerGlGORUM
1196 208 1417 273 DOGMATUM

332 372 469 435 hominis
490 381 563 438 sunt
592 395 599 436 ε
628 378 673 437 tta
697 381 820 454 mmen,
839 387 876 438 ut
898 377 930 437 in
952 377 1019 457 ipso
1046 376 1098 436 illo
1150 377 1240 438 Deus.
1254 375 1433 438 Sicutenim
1441 392 1524 437 nnus
1532 371 1881 450 esthamo,animaretic
1947 428 1948 453 ,

333 467 494 546 utriusque
521 469 645 546 generis
672 487 814 531 sermone
834 487 1012 550 nunquam,
1039 468 1099 529 nisi
1148 469 1227 530 nelis
1240 474 1271 530 et
1293 487 1375 544 caro,
1392 469 1436 531 sie
1459 486 1542 529 unus
1565 474 1612 528 est
1633 466 1764 527 Christus
1779 468 1882 527 Deusd

334 578 405 620 cum
419 560 643 639 significatione
657 569 688 621 et
702 563 836 623 hominis
855 563 987 635 locutus,
1003 570 1033 623 et
1045 561 1099 622 Dei
1148 560 1241 621 homo
1260 581 1267 621 :
1283 580 1320 622 ac
1334 580 1390 640 per
1408 561 1468 622 boc
1488 560 1625 621 Christus
1638 566 1682 621 est
1701 559 1882 634 [lausaniae
1947 566 1948 615 t

332 653 373 712 sit
388 670 395 711 :
411 671 474 712 uno
489 661 592 713 tamen
607 655 669 714 Deo
683 656 775 714 Patre
786 672 908 734 semper
921 659 1054 729 ostenso,
1069 658 1100 714 et
1147 654 1316 724 rationalis,
1331 658 1362 714 et
1375 671 1447 714 earo
1466 673 1473 713 :
1489 651 1742 714 Christumiubis
1752 650 1882 725 omnibus,
1947 670 1948 717 f

333 744 410 805 scia
424 749 535 805 natura
549 745 643 806 unius
657 746 711 806 Dei
730 765 785 825 per
804 747 973 807 natiuitatis
986 747 1097 807 verim·
1148 745 1304 806 Christum
1337 746 1373 807 in
1406 745 1537 824 singulis
1557 744 1747 805 confitemur.
1769 742 1834 816 Quis
1849 752 1884 803 est
1947 744 1948 765 ³

334 841 397 898 tem
411 836 558 915 professo,
572 843 603 899 et
621 842 728 899 tamen
747 856 779 900 se
802 840 868 900 Deo
892 839 973 900 Patri
995 843 1027 899 et
1043 837 1099 899 filii
1148 855 1233 915 ergo,
1248 855 1410 917 perquem
1425 837 1523 898 iactus
1538 842 1584 898 est
1598 835 1754 897 mundus?
1771 836 1884 897 annus
1947 874 1948 877 =

333 929 463 1004 honore,
473 943 505 989 et
515 929 651 991 hominis
664 930 842 992 conditione
850 931 1014 1005 subdente,
1025 947 1098 992 cum
1147 930 1247 1005 lesus,
1262 930 1362 992 sedin
1376 930 1553 992 iormaDei.
1569 930 1644 1003 Quis
1663 935 1709 990 est
1726 928 1781 988 sub
1797 928 1885 988 Ponto

332 1025 363 1081 et
375 1020 519 1081 renuitas
533 1021 634 1082 omnis
648 1039 681 1083 se
693 1023 808 1084 referat
824 1024 863 1085 ad
875 1030 1046 1099 auctorem,
1068 1029 1099 1084 et
1149 1021 1245 1082 Pilum
1254 1021 1440 1084 crucifixus?
1454 1022 1593 1083 Christus
1600 1023 1699 1096 lesus,
1711 1021 1762 1081 sed
1769 1021 1800 1080 in
1806 1019 1887 1080 torma

332 1130 402 1173 caro
415 1130 446 1173 se
460 1112 604 1173 universa
617 1114 788 1175 secundum
801 1115 899 1175 [teum
918 1115 1099 1194 profiteatur
1148 1115 1239 1175 servi.
1255 1115 1341 1176 ldem
1353 1116 1392 1176 de
1405 1114 1546 1193 singulis,
1558 1113 1672 1193 quibus
1680 1113 1771 1173 homo
1779 1117 1885 1172 consur.

332 1203 500 1266 infirmam.
531 1205 610 1266 Hinc
634 1206 737 1285 itaque
762 1206 889 1268 fallendi
922 1207 1096 1287 simplices,
1149 1205 1300 1279 Quisnon
1315 1210 1364 1267 est
1377 1205 1541 1267 derelictus
1561 1206 1596 1266 in
1619 1203 1760 1266 interno?
1773 1204 1887 1265 Christus

330 1302 424 1376 atque
450 1297 629 1375 ignorantes
654 1298 809 1359 haeretieis
837 1304 957 1361 occasio
983 1305 1043 1376 est,
1064 1305 1100 1361 at
1147 1297 1249 1371 lesus,
1265 1298 1366 1360 sedin
1380 1298 1484 1359 anima
1501 1297 1577 1358 sola.
1601 1298 1887 1364 Quisresurrectarus

331 1408 400 1468 quae
413 1388 453 1450 ab
475 1390 701 1451 sesecundum
723 1390 886 1452 hominem
910 1391 991 1453 dicta
1013 1398 1097 1467 sunt,
1148 1389 1253 1450 triduo
1272 1391 1370 1469 jacuit
1391 1391 1424 1451 in
1451 1390 1617 1470 sepulcro?
1644 1390 1778 1451 Christus
1800 1391 1886 1460 lesus,

329 1481 484 1543 dictaesse
498 1480 672 1542 seeundum
693 1488 814 1543 natura
836 1481 951 1543 divinar
966 1484 1097 1544 infirmi·
1148 1481 1257 1543 sedin
1281 1500 1372 1544 carne
1394 1482 1501 1545 sclao
1528 1488 1586 1545 etc.
1614 1484 1697 1562 Ergo
1719 1482 1817 1543 omnia
1834 1499 1888 1560 que

328 1579 424 1634 tatem
437 1574 641 1650 mentiantur,
657 1579 689 1636 et
703 1575 776 1654 quia
799 1592 880 1635 unus
899 1580 992 1654 atque
1016 1576 1099 1637 idem
1149 1573 1273 1653 utrique
1286 1581 1408 1637 naturas
1423 1575 1630 1654 contigerunt,
1643 1581 1700 1636 aut
1716 1574 1754 1635 ab
1769 1593 1803 1636 ea
1819 1574 1887 1647 11111,

329 1665 922 1746 estloquensomniaquaeloquitur,de
935 1667 1098 1746 semetipso
1148 1666 1339 1746 tolerataque
1353 1674 1438 1745 sunt,
1449 1668 1505 1728 uni
1515 1668 1744 1745 adscribuntur,
1755 1666 1889 1744 eidemque

329 1758 435 1820 omnia
456 1775 529 1818 eum
555 1758 695 1818 locutum
722 1775 788 1819 esse
812 1759 1013 1819 contendant.
1036 1759 1099 1820 Nec
1148 1776 1302 1839 personae.
1948 1776 1949 1843 p

329 1870 402 1914 sane
416 1867 565 1929 negamus
578 1855 679 1911 totum
702 1851 802 1927 illum,
819 1852 872 1930 qui
894 1852 961 1929 ejus
979 1858 1096 1919 manet,
1189 1852 1245 1912 Ill.
1258 1852 1330 1912 llaec
1343 1850 1519 1930 Augustini,
1533 1852 1886 1932 aliorumquenonpauca
1948 1854 1949 1919 1

328 1949 447 2005 naturas
470 1959 535 2003 sum
563 1960 628 2004 esse
655 1960 843 2004 sermonem.
860 1942 919 2004 Sed
950 1943 975 2004 si
1003 1945 1095 2005 Jesus
1150 1943 1260 2004 eodem
1282 1943 1452 2023 spectantia
1465 1944 1529 2004 Leo
1552 1946 1634 2023 Papa
1656 1945 1711 2005 illa
1729 1944 1762 2005 iu
1782 1941 1887 2020 epistola
1948 2020 1949 2023 Ἴ

328 2035 466 2097 Christus
479 2039 510 2095 et
520 2035 626 2110 homo,
641 2041 673 2096 et
686 2037 767 2097 Deus
781 2041 837 2109 est,
853 2041 884 2096 et
904 2054 1006 2115 neque
1026 2054 1098 2098 cum
1149 2035 1326 2097 testimonia
1348 2036 1459 2114 posuit.
1485 2037 1546 2097 Sed
1570 2037 1666 2116 hujus
1693 2036 1787 2116 ipsius
1806 2035 1890 2096 lconis

327 2129 434 2203 homo,
449 2127 667 2206 tumprimum
680 2129 889 2207 [tensusque
903 2129 1097 2206 cnmhomo,
1150 2127 1351 2189 celeberrima
1371 2136 1427 2201 est,
1444 2133 1476 2189 et
1495 2147 1515 2189 a
1535 2130 1653 2189 Latinis
1670 2128 1834 2209 Graecisque
1847 2126 1888 2188 be

328 2226 395 2281 tum
409 2238 473 2280 aon
483 2219 576 2280 etiam
590 2225 621 2280 et
634 2221 716 2280 Deus
727 2239 735 2282 :
748 2237 849 2300 neque
860 2227 930 2300 post
939 2221 1099 2282 bominem
1150 2227 1281 2299 quanter
1295 2226 1443 2299 usurpata
1457 2220 1600 2282 Patribus
1617 2221 1770 2282 sententia
1785 2222 1815 2281 in
1830 2219 1891 2298 epis

328 2313 363 2373 iu
384 2314 446 2373 Deo
469 2328 534 2370 nou
556 2316 640 2371 totus
656 2312 761 2385 humo,
777 2318 860 2373 totus
875 2315 965 2386 Deus,
982 2331 1097 2391 unum,
1151 2313 1214 2373 tola
1227 2311 1267 2372 cd
1281 2311 1472 2386 Flauianum,
1489 2331 1584 2392 quam
1605 2314 1667 2376 hoc
1687 2315 1754 2377 loro
1766 2312 1842 2374 nefas
1857 2316 1891 2371 est

328 2404 517 2483 atqueidem
531 2419 653 2464 necesse
673 2410 718 2464 est
742 2404 895 2465 dictorum
911 2408 977 2485 ejus
991 2424 1095 2466 sacra·
1148 2405 1304 2466 omittere.
1324 2405 1426 2484 «Agit
1453 2405 1538 2466 enim
1564 2412 1700 2486 utraque
1720 2407 1814 2467 forma
1836 2419 1890 2464 com

329 2501 471 2556 mentum
485 2512 560 2570 esse,
585 2495 669 2575 quod
692 2497 825 2573 generis.
850 2499 888 2557 Et
912 2515 984 2559 uum
1008 2498 1041 2558 iu
1060 2516 1098 2559 eo
1149 2496 1892 2579 alterins,inquit’,communionequodproprium

329 2589 499 2651 secundum
513 2593 636 2666 tempus
648 2588 796 2650 discernis
812 2589 1004 2651 bominema
1021 2593 1095 2663 neo,
1148 2594 1206 2655 est.
1223 2588 1327 2650 Verbo
1345 2589 1461 2651 scilicet
1475 2597 1634 2670 operante,
1649 2592 1737 2671 quod
1752 2590 1838 2652 Verbi
1848 2592 1890 2658 ast,

330 2681 384 2743 [tei
396 2688 476 2753 tum,
491 2685 583 2758 atque
599 2678 735 2741 hominis
749 2681 888 2744 discerne
907 2700 1095 2761 sermonem,
1148 2687 1180 2743 et
1205 2700 1296 2743 carne
1325 2688 1508 2760 exequente,
1523 2683 1607 2762 quod
1626 2684 1730 2744 carnis
1741 2688 1793 2744 est.
1808 2681 1891 2742 Unam

329 2781 449 2836 etcum
469 2774 578 2845 Deum,
602 2783 695 2852 atque
714 2772 874 2835 hominem
897 2774 931 2834 in
955 2781 1097 2855 tempore
1147 2774 1260 2834 horum
1285 2779 1426 2834 coruscat
1444 2775 1617 2851 miraculis,
1640 2775 1728 2836 atiud
1747 2770 1893 2836 succumbit

329 2866 534 2934 confiteberis,
553 2864 618 2941 Dei,
634 2870 726 2945 atque
744 2866 881 2928 bominis
900 2867 934 2927 in
955 2872 1097 2948 tempore
1147 2865 1279 2945 injuriis.
1296 2867 1333 2926 Et
1355 2866 1435 2927 sicut
1454 2867 1590 2927 Verbum
1611 2866 1651 2927 ab
1672 2866 1837 2947 esqualitate
1852 2882 1893 2942 pa-

328 2960 407 3021 dicta
421 2958 594 3037 dijudica.»
1148 2963 1245 3019 ternae
1263 2956 1370 3038 glorias
1391 2976 1456 3019 non
1476 2962 1610 3035 recessit,
1626 2959 1670 3019 ita
1688 2978 1758 3021 caro
1773 2963 1892 3019 naturam

368 3054 411 3113 11.
436 3050 616 3112 Ambrosius
637 3048 717 3110 libro
745 3049 946 3111 secundarie
978 3050 1037 3128 fide
1058 3050 1098 3112 ud
1148 3050 1247 3111 nostri
1280 3050 1401 3127 generis
1434 3068 1497 3111 non
1532 3051 1668 3130 reliquit.
1700 3053 1786 3114 Unus
1810 3049 1891 3122 enim,

330 3143 506 3208 Gratianum
533 3141 632 3221 capite
659 3147 770 3221 quarto
781 3141 804 3216 ¹,
838 3163 853 3200 a
874 3142 1098 3222 Sileantigitur
1148 3143 1295 3222 idemque
1314 3147 1370 3215 est,
1392 3142 1478 3221 quod
1496 3160 1578 3222 saepe
1599 3143 1766 3205 dicendum
1785 3148 1835 3215 est,
1853 3139 1893 3201 bet
1949 3196 1950 3239 ,

328 3237 447 3312 inanes,
472 3234 584 3314 iuquit,
613 3233 651 3294 dc
678 3234 873 3294 sermonibus
895 3235 1093 3312 quaestiones,
1147 3234 1241 3311 filius,
1263 3241 1294 3295 et
1316 3252 1388 3295 vere
1415 3234 1553 3295 hominis
1577 3234 1672 3297 filius.
1701 3238 1779 3298 Deus
1798 3251 1846 3314 per
1860 3230 1892 3305 id,
1949 3254 1950 3305 ,

328 3329 549 3410 quiaregnum
564 3324 631 3398 Dei,
648 3325 726 3385 sieut
743 3325 965 3405 scriptumest,
986 3345 1044 3386 uon
1063 3327 1096 3386 r'rr
1148 3328 1232 3405 quod
1250 3327 1282 3387 in
1308 3325 1456 3407 principit>
1480 3334 1546 3388 eret
1576 3327 1714 3405 Verbum,
1742 3337 1768 3389 et
1792 3324 1893 3387 Verum

325 3422 513 3502 persuasione
534 3416 617 3479 verbi
639 3424 692 3494 est,
719 3419 770 3478 sed
785 3418 818 3478 iu
846 3418 1004 3479 aeterniora
1031 3419 1097 3479 vir·
1147 3427 1212 3480 erut
1244 3418 1327 3500 opud
1361 3417 1480 3491 Deum,
1512 3427 1539 3480 et
1568 3419 1645 3480 Beue
1671 3429 1739 3482 erat
1769 3416 1892 3481 Verium:
1949 3418 1950 3435 ¹

329 3514 412 3576 tutis.
436 3514 602 3575 Servemus
623 3510 852 3572 distinctionem
866 3510 1049 3575 divinitatis.
1065 3517 1097 3572 et
1150 3512 1248 3572 Homo
1263 3510 1374 3591 perid,
1390 3510 1474 3590 quod
1506 3509 1631 3572 Verbum
1653 3511 1891 3592 coruscaturum,

327 3607 439 3681 carnis,
454 3624 536 3666 unus
559 3605 593 3664 in
613 3609 744 3682 utraque
767 3603 906 3682 loquitur
927 3603 981 3664 Dei
1001 3603 1094 3679 filius,
1146 3610 1176 3665 et
1210 3603 1359 3665 dubitauit
1386 3602 1419 3662 iu
1444 3601 1537 3663 uobis.
1573 3604 1654 3664 Deus
1682 3622 1741 3685 per
1762 3603 1808 3678 id,
1828 3596 1894 3680 quod

327 3700 400 3779 quia
413 3699 446 3759 in
459 3698 568 3759 eodem
581 3701 712 3774 unaque
724 3702 838 3755 natura
851 3701 907 3756 est.
924 3696 996 3756 Etsi
1010 3696 1095 3758 idem
1146 3697 1243 3757 omnib
1264 3715 1320 3776 per
1335 3695 1434 3774 ipsum
1461 3693 1544 3774 scete
1558 3707 1636 3770 auur,
1651 3705 1681 3756 et
1706 3697 1767 3757 siue
1779 3691 1863 3775 ipre(
1883 3721 1893 3732 -

327 3792 475 3870 loquitur,
499 3806 564 3849 non
591 3804 655 3846 nno
681 3804 802 3865 semper
823 3786 962 3866 loquitur
987 3788 1093 3848 modo.
1147 3796 1210 3849 tum
1225 3793 1267 3848 cst
1281 3786 1492 3847 m‘tilsbomo
1506 3787 1617 3866 perid,
1631 3787 1713 3867 quod
1723 3788 1814 3868 suum
1825 3788 1894 3845 ester

328 3883 458 3944 Intende
470 3882 503 3940 in
517 3899 554 3942 eo
569 3896 652 3940 nunc
668 3878 800 3958 gloriam
814 3880 880 3954 Dei,
897 3897 981 3940 nunc
997 3879 1097 3940 homi·
1145 3880 1275 3949 muliere,
1287 3880 1383 3961 suctus
1401 3879 1454 3939 sub
1468 3879 1529 3960 leqc
1539 3878 1561 3939 ⁶.
1577 3902 1592 3937 r

326 3977 375 4036 nis
400 3971 660 4053 passionesque
686 3971 772 4049 quasi
793 3971 844 4031 Dei
867 3970 1006 4049 loquitur
1024 3989 1096 4050 quse
1186 3971 1323 4032 Gelasius
1337 3968 1707 4050 Papainlibrouduersus
1719 3963 1892 4053 amputent

327 4075 400 4131 sunt
421 4066 536 4137 11111111,
552 4064 627 4143 quia
653 4063 789 4124 Verbum
808 4068 868 4137 est;
891 4063 978 4141 quasi
1000 4062 1095 4123 bomo
1145 4070 1175 4124 et
1197 4062 1380 4137 Nestorium,
1402 4062 1505 4139 doeet;
1536 4085 1551 4121 a
1566 4064 1613 4123 lta
1633 4065 1780 4144 deinceps
1800 4060 1894 4142 pariter

327 4160 401 4222 dicit
420 4177 492 4238 quae
511 4161 584 4219 sunt
604 4157 754 4233 humana,
775 4156 849 4235 quia
871 4155 904 4215 in
928 4171 999 4216 mea
1022 4156 1095 4216 sab-
1145 4157 1230 4218 hunc
1243 4156 1389 4216 eumdem
1404 4157 1571 4219 Dominum
1582 4158 1692 4217 lesum
1707 4156 1861 4225 Christum,
1870 4153 1894 4211 et

327 4253 424 4313 tantia
437 4250 633 4331 loquebatur.
655 4269 670 4306 u
1146 4249 1245 4309 Deum
1259 4248 1395 4328 explesse
1409 4266 1480 4327 quse
1500 4248 1640 4309 humana
1653 4254 1746 4324 sunt3
1768 4253 1797 4309 et
1808 4242 1893 4307 homi·

367 4345 559 4424 Augustinus
578 4345 710 4401 tractatu
739 4355 859 4401 cxxvrn
880 4342 912 4399 iu
934 4339 1088 4407 Jocueem,
1144 4358 1219 4401 nem
1232 4340 1369 4419 gessisse,
1387 4358 1456 4420 quae
1467 4340 1572 4400 divina
1584 4347 1669 4412 sunt,
1687 4347 1724 4401 ut
1736 4341 1770 4402 in
1783 4343 1894 4413 unoque

331 4438 434 4511 «Quid
442 4437 537 4516 igitur
547 4432 712 4494 haeretice?
727 4433 807 4493 Cum
817 4431 954 4493 Christus
963 4433 1043 4492 Deus
1055 4431 1095 4491 sit
1145 4433 1229 4493 hunc
1253 4432 1398 4493 eumdem
1426 4450 1526 4494 unum
1558 4433 1711 4494 ueraciter
1736 4433 1894 4494 existentem

327 4535 358 4593 et
380 4530 485 4602 homo,
501 4525 640 4606 loquitur
663 4529 699 4584 ut
719 4524 824 4597 homo,
846 4529 877 4583 et
897 4524 1095 4585 calumniaris
1146 4525 1247 4585 omnis
1260 4524 1418 4597 ,confessio
1439 4524 1615 4586 Christiana
1636 4524 1843 4596 concelebret,
1861 4516 1895 4578 sie

328 4623 411 4683 Deo?
432 4621 485 4681 llle
499 4619 532 4680 in
555 4636 588 4679 se
610 4622 755 4677 naturam
776 4616 1094 4676 commendathuma·
1145 4617 1183 4677 ad
1206 4617 1379 4696 passionem
1402 4617 1532 4692 venisse,
1550 4623 1585 4677 ut
1609 4624 1640 4677 et
1663 4618 1757 4693 Deus,
1772 4621 1802 4677 ct
1816 4614 1894 4673 bomo

327 4731 420 4788 nam;
435 4720 470 4774 tu
483 4711 517 4772 in
530 4709 584 4771 illo
602 4708 697 4769 audes
717 4706 889 4767 deformare
904 4706 1060 4767 divinam?
1074 4727 1108 4764 u·
1144 4724 1236 4769 verus
1261 4707 1301 4768 sit
1328 4707 1508 4784 crucifixus3
1539 4709 1622 4769 etin
1646 4727 1739 4770 crure
1757 4704 1892 4788 penten,

327 4807 366 4866 Et
389 4822 484 4865 mox:
507 4803 747 4880 adgnoscamus
768 4799 926 4876 geminam
951 4798 1095 4859 substan·
1143 4799 1256 4861 latroni
1282 4800 1378 4861 homo
1406 4801 1487 4861 Deus
1513 4818 1605 4861 verus
1630 4799 1806 4880 patefecerit
1829 4792 1893 4856 11111

326 4897 404 4957 tiam
413 4894 538 4967 Christi,
550 4891 689 4953 divinam
702 4890 897 4968 scilicet,qua
910 4890 1036 4969 aequalis
1050 4895 1096 4950 est
1145 4891 1289 4972 paradisi,
1300 4898 1394 4972 atque
1405 4892 1678 4953 elementaeuncta
1692 4886 1893 4953 commoverit:

328 4988 441 5064 Patri,
459 4987 647 5059 humanam,
683 5000 744 5061 qua
779 4981 879 5059 major
913 4989 959 5041 est
993 4983 1094 5042 Pater.
1145 4982 1293 5042 uilicum
1310 4980 1470 5042 hominem
1490 4999 1602 5042 verum
1622 4987 1795 5055 mortuum,
1809 4971 1894 5054 sepul·

329 5081 502 5159 Utrumque
517 5082 622 5137 autem
645 5072 749 5147 simul,
764 5091 829 5134 non
848 5073 922 5147 duo,
939 5072 992 5133 sed
1014 5091 1096 5133 unus
1148 5087 1229 5148 tum3
1263 5078 1299 5134 ut
1329 5073 1488 5134 hominem
1515 5075 1617 5135 Deum
1641 5091 1751 5135 verum
1778 5069 1894 5149 setpsm

327 5178 374 5235 est
387 5171 544 5244 Christum
560 5187 600 5231 ne
613 5169 653 5228 sit
663 5165 867 5247 (quaternitas,
882 5183 948 5227 non
958 5165 1095 5227 Trinitas
1147 5165 1308 5227 suscitasse
1325 5170 1395 5245 post
1407 5165 1563 5242 triduum3
1586 5171 1622 5227 ut
1639 5165 1799 5229 hommem
1812 5163 1893 5222 beau

355 5376 365 5420 t
378 5373 441 5422 1111.
451 5371 471 5418 11
484 5370 562 5427 αμα
576 5379 625 5425 cap.
638 5377 669 5422 11,
681 5370 735 5412 tom.
752 5364 787 5409 rt.
799 5386 827 5398 -
837 5364 851 5409 2
862 5364 913 5418 teo,
922 5365 987 5421 optet.
1002 5376 1047 5418 rvr,
1061 5376 1111 5422 cap.
1126 5369 1156 5409 11.
1168 5365 1216 5410 -a
1225 5364 1297 5411 (tatu.
1311 5371 1364 5411 tun.
1378 5364 1404 5409 tt
1417 5364 1474 5411 atet
1487 5365 1548 5411 Pete.
