3936 6146
308 316 366 374 352
808 300 1144 367 THEOLOGIGORUM
1166 303 1387 370 DOGMATUM

307 477 547 554 animaduerti,
563 493 657 556 quam
671 475 704 536 in
718 493 847 554 corpore
868 491 932 533 esse
946 472 1074 540 iactum,
1129 468 1251 532 videtur
1277 478 1449 555 exprimere
1465 495 1473 536 :
1489 492 1583 555 quam
1612 482 1753 555 ἀνώιρεαν,
1774 481 1878 554 ειμτι·

307 570 392 632 idem
426 571 573 649 Origenes
606 568 755 649 peculiari
788 584 891 628 errore
917 561 1074 625 tradidit¹.
1127 572 1224 641 ποίησιν
1239 568 1382 646 appellat.

308 663 386 723 Nem
396 662 481 723 illam
499 662 567 722 aab
587 661 688 734 initio,
709 665 859 722 creaturae
881 655 1075 737 inseparabi-
1168 659 1206 718 ln
1221 658 1302 720 libro
1317 668 1426 739 quarto
1441 665 1540 722 contro
1563 659 1758 736 h'unomium,
1773 660 1835 721 hac
1848 661 1880 722 de

307 753 377 816 liter
391 756 567 833 [temetque
581 750 1075 825 indissociabiliterinhaerentem,
1128 749 1241 811 Christi
1265 771 1392 833 corpore
1420 754 1622 814 memoranda
1643 753 1788 833 prodidit.
1807 755 1882 816 «llos
1961 758 1962 775 .

308 852 403 908 totam
418 847 451 907 in
467 864 539 907 eum
551 846 675 908 cessisse
690 868 705 904 ο
723 846 809 906 dixit.
827 847 869 906 lie
884 861 945 924 qua
964 840 1075 903 haeresi
1128 842 1265 920 quidem,
1292 846 1344 916 ait,
1372 845 1465 906 etiam
1492 864 1616 925 corpus,
1637 863 1699 924 quo
1722 846 1883 925 passionem

309 939 564 1014 Origenisactum
579 939 668 1000 estin
682 938 785 1018 primo
799 937 892 998 libro.
1128 936 1272 1015 suscepit,
1299 955 1371 999 cum
1398 937 1503 998 divina
1535 945 1648 998 natura
1676 943 1881 1017 temperatum,

348 1031 427 1092 Hinc
440 1032 551 1092 merito
565 1030 735 1104 divinitate,
760 1032 888 1109 ejusque
908 1029 1076 1109 proprieta-
1128 1027 1205 1088 illud
1224 1046 1289 1089 esse
1311 1029 1425 1091 iactum
1443 1048 1499 1109 per
1516 1028 1776 1110 temperationem
1787 1032 1883 1092 asseri·

307 1123 403 1199 tibus,
419 1132 575 1199 οὺοιωνῆναι,
590 1123 682 1185 idest
705 1122 931 1183 substantiatum
949 1139 1025 1194 esse,
1042 1126 1078 1180 nt
1128 1137 1209 1194 mus,
1226 1121 1309 1200 quod
1325 1128 1370 1183 est
1379 1140 1539 1183 assumens
1549 1122 1614 1201 ipsa
1628 1124 1884 1184 natumnatum

307 1215 350 1276 sic
373 1215 501 1295 loquar,
529 1215 689 1276 hominem
717 1219 927 1293 assumptum,
956 1212 1077 1292 scripsit
1129 1212 1226 1289 abest,
1239 1220 1275 1273 ut
1291 1231 1420 1292 parvum
1447 1214 1564 1293 aliquid
1588 1215 1712 1276 debeo
1734 1214 1884 1294 unigenito
1962 1240 1963 1257 ι

308 1308 476 1387 Gregorius
487 1307 922 1368 Nazianzenusalibilaudatus
931 1325 949 1367 a
959 1303 1075 1366 nobis².
1129 1304 1322 1383 cogitemus;
1338 1313 1375 1366 ut
1389 1308 1414 1367 si
1428 1307 1552 1385 quidex
1567 1305 1713 1368 inferiore
1724 1304 1885 1383 natumst

307 1399 372 1460 Imo
386 1399 801 1481 verosupersnbslautiatnm,
815 1398 840 1459 si
854 1398 909 1458 tali
923 1396 1076 1458 vocabulo
1130 1395 1296 1475 benignam
1328 1399 1589 1479 dispensationem
1618 1406 1813 1479 assumptum
1837 1403 1883 1467 est,

307 1492 351 1553 fas
366 1498 444 1553 esset
455 1493 512 1566 uti,
525 1493 627 1554 dicere
642 1510 811 1572 possemus.
824 1491 944 1570 Quippe
957 1489 1076 1569 Diony·
1128 1488 1187 1548 hoc
1201 1488 1304 1568 ipsum
1318 1491 1481 1551 credamus
1494 1489 1527 1551 in
1540 1490 1629 1559 illud,
1646 1491 1730 1570 quod
1744 1491 1883 1563 divinum,

307 1584 370 1646 sius
384 1584 510 1665 epistola
524 1590 644 1665 quarta,
661 1585 818 1645 Christum
830 1583 873 1643 ait
888 1582 1078 1661 asupersub-
1128 1580 1408 1663 incorruptumque
1422 1589 1477 1659 est,
1495 1601 1561 1644 esse
1575 1589 1766 1644 mutatum‘.
1782 1605 1798 1639 ο
1815 1583 1885 1642 Etin
1963 1606 1964 1609 ¹

307 1677 502 1739 stantialitate
517 1676 737 1757 superplenum
750 1695 827 1751 esse,
839 1674 893 1754 qui
904 1676 943 1736 sit
956 1692 1078 1755 semper
1128 1672 1238 1735 eodem
1250 1674 1330 1735 libro
1347 1693 1354 1734 :
1375 1697 1390 1734 ι
1414 1675 1519 1748 Novit,
1532 1675 1648 1755 inquit,
1668 1676 1809 1749 omnino,
1821 1676 1885 1736 ller-

308 1769 608 1849 supersubstantialis
625 1788 633 1830 :
649 1774 680 1830 et
693 1769 733 1829 ad
746 1767 949 1829 substantiam
969 1785 1077 1828 revera
1128 1765 1215 1842 bum,
1232 1768 1316 1846 quod
1329 1767 1362 1828 in
1373 1786 1463 1830 carne
1477 1769 1632 1849 apparuit,
1650 1767 1733 1830 idem
1748 1786 1813 1829 ease
1827 1784 1886 1829 cum

308 1861 497 1938 venientem,
510 1880 602 1942 super
624 1860 831 1922 substantiam
848 1878 912 1920 esse
933 1859 1078 1921 substan·
1129 1859 1244 1935 Verbo,
1261 1861 1345 1941 qnod
1355 1861 1438 1942 apud
1453 1862 1613 1922 Deumest
1628 1867 1678 1922 :at
1687 1879 1762 1922 nero
1776 1878 1887 1923 carnem

309 1953 418 2015 tiatum
431 1964 456 2016 ⁸.
472 1976 488 2012 ν
506 1953 685 2032 cujusmodi
699 1952 781 2033 apud
800 1958 960 2013 auctorem
987 1952 1078 2012 illum
1129 1968 1194 2011 non
1209 1953 1539 2014 eamdemfuisseeum
1551 1952 1888 2033 divinitate,antequam
1964 2008 1965 2021 ,

309 2047 421 2126 passim
433 2052 601 2108 occurrunt
613 2045 753 2123 grandia,
763 2051 804 2119 et,
817 2045 904 2105 utait
915 2044 1075 2124 synesius,
1129 2042 1241 2122 etipsa
1262 2051 1437 2106 mutaretur
1460 2044 1494 2106 in
1514 2044 1710 2106 divinitatem
1727 2064 1734 2106 z
1751 2051 1787 2107 ut
1798 2063 1889 2107 neem·

308 2147 490 2219 φλεγμαίνοντα
501 2146 623 2219 tripete,
636 2157 672 2198 ue
687 2138 815 2219 inpentea
824 2156 870 2198 res
885 2137 966 2217 infra
975 2135 1075 2219 dt'pni·
1130 2135 1211 2196 sario
1225 2136 1285 2197 alia
1294 2138 1357 2199 Deo
1371 2137 1475 2199 Verbo
1490 2142 1710 2217 congruerent,
1725 2137 1787 2199 alia
1794 2138 1888 2199 forme

310 2238 398 2292 tatem
410 2231 603 2312 explicentur
617 2231 640 2290 ⁶.
675 2230 751 2291 Vide
774 2249 844 2310 quae
866 2229 946 2290 libro
969 2235 1077 2290 octavo
1131 2226 1267 2290 servilii.
1282 2250 1297 2287 ν
1315 2233 1360 2291 Ae
1374 2230 1517 2307 subinde,
1537 2252 1552 2289 ιι
1566 2231 1678 2292 Divina
1690 2237 1804 2291 natura
1823 2247 1889 2291 sem

309 2323 349 2384 ad
362 2324 422 2384 hoc
435 2331 656 2403 argumentum
675 2323 854 2403 spectantia,
877 2323 975 2402 capite
997 2339 1077 2401 prae·
1131 2338 1198 2399 per,
1214 2321 1326 2401 inquit,
1344 2340 1408 2383 una
1420 2328 1452 2384 et
1464 2323 1572 2385 eadem
1585 2328 1682 2393 estet
1695 2322 1888 2384 eodemmodo

310 2415 416 2476 sertim
440 2417 616 2489 undecimo,
638 2433 675 2477 ao
699 2421 857 2493 sequente,
882 2415 1009 2494 aliisque
1028 2414 1077 2475 di·
1131 2430 1163 2473 se
1176 2412 1305 2476 habens.
1326 2416 1444 2476 Verum
1457 2433 1527 2475 caro
1541 2434 1598 2496 per
1611 2433 1643 2475 se
1656 2416 1758 2496 ipsam
1776 2415 1888 2496 quidem

309 2508 426 2569 ximus.
1130 2504 1212 2566 istud
1227 2512 1283 2582 est,
1306 2508 1390 2585 qnod
1404 2508 1443 2569 de
1455 2526 1491 2569 ea
1510 2508 1599 2582 ratio,
1616 2526 1653 2569 ac
1676 2524 1785 2569 sensus
1803 2505 1890 2587 perri·

351 2601 405 2660 Vl.
431 2598 489 2662 Sed
504 2599 585 2662 hane
603 2600 749 2661 humanas
773 2600 1079 2679 naturae,aarnisque
1131 2597 1222 2677 piunt
1239 2618 1246 2659 ι
1262 2604 1427 2678 postquam
1449 2618 1524 2662 vero
1543 2618 1614 2661 cum
1638 2600 1800 2661 divinitate
1819 2616 1889 2660 com

311 2691 423 2753 Christi
436 2700 533 2766 θέωσιν,
555 2693 631 2753 etin
648 2692 840 2753 divinitatem
863 2691 948 2752 velut
970 2693 1080 2754 transi·
1131 2689 1225 2750 mista
1251 2697 1307 2766 est,
1336 2710 1402 2752 nou
1429 2693 1562 2772 amplius
1595 2692 1659 2753 suis
1687 2692 1837 2768 terminis,
1860 2709 1890 2751 ac
1966 2772 1967 2777 ρ

310 2788 389 2857 tum,
405 2784 719 2864 nullusantiquorum
731 2785 1080 2846 Patrumrehementius
1133 2782 1375 2862 proprietatibus
1393 2785 1569 2845 continetur
1593 2805 1600 2844 :
1621 2785 1675 2847 sed
1698 2787 1739 2847 ad
1755 2785 1798 2860 id,
1818 2781 1890 2864 quod
1966 2780 1967 2835 t

166 2914 260 2959 mua
310 2876 589 2957 grandioribusque
599 2876 702 2939 verbis
712 2876 885 2950 illustravit,
894 2895 990 2958 quam
1004 2879 1078 2939 Gre-
1132 2873 1324 2952 dominatur,
1341 2881 1372 2936 et
1385 2876 1517 2949 excellit,
1532 2877 1761 2938 assumiturw

159 2967 258 3023 armant
311 2970 417 3044 gorius
430 2971 604 3050 Nysseuus3
626 2969 702 3031 adeo
716 2975 752 3030 ut
765 2970 859 3030 etiam
874 2970 1003 3032 modum
1022 2989 1078 3032 ex·
1174 2968 1263 3043 Item,
1285 2975 1466 3044 «naturam,
1481 2969 1536 3048 ait,
1552 2970 1784 3050 corruptibilem
1797 2987 1834 3030 ex
1849 2985 1888 3041 ea,

139 3021 286 3119 molimina
311 3061 433 3127 cessisse
464 3062 563 3123 videri
584 3061 679 3141 possit
700 3061 733 3122 in
754 3080 790 3122 ea
812 3063 1028 3138 mactandam,
1044 3082 1080 3124 ac
1132 3078 1266 3141 quacum
1281 3061 1343 3121 Deo
1366 3062 1533 3141 conjuncta
1550 3068 1595 3122 est
1613 3062 1771 3136 mistione,
1792 3077 1890 3123 secun

152 3128 271 3171 '‘mmm'‘
310 3154 454 3232 quaedam
468 3153 913 3234 explicatudiffioiliajactnsse;
927 3174 997 3234 quae
1011 3174 1080 3235 par-
1132 3152 1208 3212 dnm
1236 3151 1288 3225 id,
1308 3152 1391 3231 qnod
1419 3154 1575 3232 potentius
1601 3159 1658 3229 est,
1688 3155 1888 3227 reformatam,

310 3246 366 3306 tim
383 3246 517 3320 errandi,
538 3246 652 3324 partim
669 3245 877 3307 calumniandi
890 3265 1080 3327 ansampraa
1131 3242 1301 3304 divinitatis
1315 3245 1514 3324 participasse
1521 3247 1681 3308 virtutem.
1693 3247 1890 3322 Quemadmo-

309 3337 383 3400 bere
397 3343 512 3417 queant
521 3337 683 3418 imperitis,
700 3338 903 3400 autnovitatis
912 3339 981 3419 plus
991 3359 1079 3420 aquo
1132 3337 1209 3398 dum
1222 3339 1248 3398 si
1262 3339 1437 3418 quisdicat,
1453 3339 1530 3399 aceti
1543 3346 1665 3419 guttam
1674 3341 1784 3421 pelago
1798 3341 1891 3402 immi·

310 3431 431 3509 cupidis
451 3429 645 3508 hominibus;
666 3431 805 3511 qualium
823 3437 929 3493 nostru
942 3434 1010 3495 haec
1024 3452 1078 3514 up·
1132 3436 1222 3507 stam,
1238 3449 1324 3493 mare
1339 3449 1403 3492 esse
1426 3431 1570 3493 mistione
1592 3432 1721 3509 iactam;
1743 3435 1823 3513 quod
1836 3450 1890 3493 non

309 3522 502 3602 primcierax
516 3529 561 3584 est
575 3530 658 3585 aetas.
690 3525 795 3602 ltaque
809 3542 983 3604 proponam
997 3525 1081 3587 illius
1132 3523 1266 3602 amplius
1295 3523 1445 3584 naturalis
1478 3523 1611 3602 qualitas
1637 3524 1671 3585 in
1704 3524 1891 3605 prevalentis

308 3615 477 3676 sententias
486 3614 604 3694 aliquot
614 3663 622 3693 ,
632 3615 746 3694 quibus
759 3634 823 3676 non
833 3617 952 3678 nuliam
968 3621 1079 3696 carnis,
1132 3614 1340 3677 immensitate
1354 3616 1509 3678 manenti.
1527 3638 1542 3674 ν

309 3705 552 3770 humanitatisue
579 3711 781 3781 mutationem,
797 3714 828 3770 et
853 3710 941 3788 quasi
964 3712 1082 3772 σοοιιιιί-
1174 3715 1237 3775 llll.
1258 3713 1310 3775 Sic
1333 3715 1365 3774 in
1390 3713 1471 3774 libro
1494 3720 1594 3774 contra
1621 3713 1835 3796 Apollinarem,
1857 3712 1890 3776 ad

308 3797 447 3870 stimant,
472 3795 512 3858 ac'
541 3799 777 3879 temperationem
815 3819 888 3862 cum
920 3802 1080 3866 divinitate
1135 3805 1356 3885 Theophilum,
1372 3806 1516 3866 haeresim
1543 3805 1626 3867 illius
1645 3806 1797 3885 refellens,
1828 3824 1890 3886 qna

141 2737 270 2791 ltettcatto-

186 2802 245 2836 ιιειιι.

347 3992 366 4032 a
385 3974 464 4032 Dran.
481 3974 561 4047 epist.
578 3993 616 4032 tv.
633 3976 733 4045 Ἐκτῆς
751 3983 801 4031 τῶν
816 3977 951 4051 ἀνθρώπων
966 3980 1077 4047 obstari
1126 3982 1183 4052 ἠδὲ
1193 3981 1253 4055 σὰρξ
1268 3981 1340 4057 oripi]
1354 3982 1415 4051 αὑτὴ
1430 3987 1461 4054 τῇ
1475 3984 1581 4052 hadmar
1592 3985 1649 4057 πρὶν
1660 3984 1888 4057 μεταποιηθῆναιπελ

308 4058 626 4133 ἐπερουσέωςοῦοιωμένος.
642 4059 733 4115 ἔστιδὲ
747 4060 816 4114 οὐδὲν
834 4058 908 4130 ἧττον
924 4064 1079 4138 δπερπλήρης
1128 4068 1217 4136 ταύτην
1240 4068 1300 4139 προς
1328 4066 1372 4134 τὴν
1394 4067 1506 4136 θεότητα·
1529 4068 1563 4130 ὡς
1589 4066 1613 4130 ἐξ
1635 4067 1751 4141 ἀνάγκης,
1770 4067 1832 4122 ἀλλὰ
1850 4066 1887 4139 pis

309 4142 377 4197 test
390 4142 542 4215 ὓπεροόοιος,
556 4151 610 4200 etc.
625 4144 671 4196 Καὶ
685 4142 809 4207 cleobolus
823 4143 919 4213 ἀληθῶς
934 4144 1010 4201 ἐλθὼν
1019 4147 1079 4221 ὑπὲρ
1128 4149 1272 4223 ἐφαρμόζειν
1284 4155 1320 4222 τῷ
1335 4151 1382 4221 θεῷ
1395 4151 1476 4223 λόγῳ,
1491 4151 1562 4223 ἕτερα
1575 4150 1641 4223 δέτῇ
1651 4145 1788 4205 mirallas
1803 4155 1886 4223 μορρῇ.

310 4225 395 4281 οὐσίαν
406 4225 522 4294 οὖσιώθη·
531 4227 571 4279 καὶ
584 4225 644 4297 ὑπὲρ
652 4225 777 4299 ἄνθρωπον
788 4225 881 4299 ἐνήργει
895 4228 927 4282 τὰ
938 4229 1076 4302 ἀνθρώπου,
1163 4250 1179 4290 e
1197 4233 1265 4289 ibid.
1286 4232 1348 4288 Ὀτι
1362 4232 1377 4300 ἡ
1389 4233 1432 4305 μέν
1447 4233 1501 4287 θεία
1514 4234 1583 4305 plote
1598 4233 1636 4287 eal
1646 4234 1692 4305 μία
1702 4235 1746 4287 καὶ
1759 4234 1773 4301 ἐγ
1784 4234 1842 4300 αὐτὴ
1851 4234 1887 4285 ani

347 4311 363 4366 b
382 4311 449 4380 Syn.
472 4326 515 4381 ep.
537 4326 575 4365 lv.
595 4307 671 4363 ”inu
690 4310 738 4381 γάρ
758 4330 800 4382 μοι
822 4312 862 4363 καὶ
881 4312 1079 4385 ρλεγμαινόντων
1128 4317 1245 4380 ὡσαύτως
1254 4316 1355 4389 ἔχοισα.
1371 4317 1386 4384 ἡ
1405 4314 1432 4368 δέ
1446 4314 1506 4387 σὰρξ
1519 4315 1572 4369 καθ’
1587 4315 1676 4384 ἑαυτὴν
1689 4318 1734 4389 μέν
1749 4315 1795 4370 ἐστι
1809 4320 1887 4381 τοῦτο,

311 4392 452 4465 ὀνομάτων,
466 4393 510 4445 ἵνα
525 4392 558 4465 μὴ
574 4392 605 4446 τὰ
620 4393 716 4465 μεγάλα
726 4395 977 4467 σμικροπρεπέστερον
991 4398 1080 4469 hippi·
1128 4400 1187 4472 ὅπερ
1210 4400 1392 4472 καταλαμὸάνιι
1414 4399 1469 4471 περὶ
1483 4398 1558 4466 αὐτῆς
1576 4399 1590 4452 ὁ
1612 4399 1698 4471 λόγος,
1718 4400 1760 4452 stul
1777 4396 1886 4467 αέσθπσις,

311 4495 403 4549 σιομαι.
1130 4482 1292 4554 ἀνακραθεῖσα
1319 4482 1345 4536 δέ
1371 4482 1432 4554 πρὸς
1454 4485 1483 4536 rb
1502 4483 1566 4536 θεῖον
1588 4482 1668 4537 etsta
1690 4481 1715 4536 ἐν
1738 4485 1787 4544 τοῖς
1809 4481 1889 4547 iverit

348 4560 505 4616 etiamen.
533 4560 650 4615 h'rssrn.
675 4558 710 4615 lv
725 4564 800 4615 cotti.
820 4563 898 4616 Etttt.
922 4558 1013 4634 Ἥμεῖς
1036 4562 1079 4635 μὲν
1129 4567 1195 4637 ὅροις
1209 4585 1235 4620 τε
1247 4566 1289 4618 καλ
1305 4564 1419 4637 ἰδιώμασι
1430 4567 1506 4638 μένει.
1517 4566 1583 4619 ἀλλὰ
1595 4566 1656 4638 πρὸς
1668 4567 1698 4620 rb
1710 4564 1888 4639 ἐπικρατοῦντα,

312 4641 360 4714 γὰρ
384 4643 424 4696 ital
438 4644 468 4697 τὸ
482 4637 599 4715 σῶμα,ᾧ
621 4641 650 4696 ab
663 4642 739 4705 πάθος
757 4640 864 4708 ἐδέξατο,
887 4649 917 4716 τῇ
938 4644 991 4714 θείᾳ
1013 4644 1081 4716 φύσει
1128 4647 1169 4701 καλ
1182 4649 1301 4723 ὑπερέχον
1314 4648 1519 4720 ἐναλαμὸάνεται.

312 4724 472 4796 κατακραθέν,
494 4724 572 4779 ἐκεῖνο
588 4724 733 4793 sororiabat
752 4744 840 4798 φαμεν,
858 4725 899 4778 διὰ
919 4731 962 4793 τῆς
976 4727 1081 4799 ἀνακρά·
1166 4731 1268 4806 slbid.
1293 4730 1420 4805 Ἀλλὰτῇ
1445 4733 1504 4805 προς
1526 4733 1556 4787 ab
1568 4734 1634 4786 θεῖον
1650 4730 1776 4805 &inprimi
1787 4729 1849 4784 mh
1863 4728 1889 4782 τέ

313 4825 384 4871 στοις,
399 4809 459 4881 ὅπερ
473 4808 488 4876 ἡ
504 4808 662 4864 ἄναλαὸοΰσα
675 4808 743 4879 φύσις
757 4806 817 4863 ἐστί.
829 4813 947 4863 τοσοῦτον
958 4809 1082 4883 ἀπέχομεν
1132 4809 1275 4887 ἐπικρατοῦν
1290 4814 1476 4883 ἂναποιηθεῖσαν
1487 4815 1530 4883 τὴν
1541 4813 1655 4887 ἐπίκηρον
1663 4815 1742 4887 piato,
1754 4813 1890 4887 μεταλσὸεῑι

314 4893 357 4942 τοῦ
369 4893 454 4962 μικρόν
466 4908 489 4943 τι
510 4893 564 4963 περὶ
580 4892 623 4945 τον
638 4895 758 4963 μονογενῆ
776 4890 829 4944 θεὸν
857 4889 959 4946 ἐννοεῖν.
974 4893 1008 4954 ὡς
1023 4890 1046 4945 εἴ
1059 4912 1082 4947 τι
1131 4897 1175 4966 τὴν
1190 4902 1233 4965 τῆς
1244 4899 1358 4965 θεότητος
1373 4896 1485 4971 δύναμιν,
1499 4899 1533 4961 ὡς
1549 4896 1573 4951 εἴ
1586 4917 1622 4960 τις
1635 4898 1715 4971 λέγοι,
1730 4900 1766 4952 ὅτι
1778 4895 1821 4963 τὴν
1834 4913 1889 4948 στα·

314 4972 355 5024 καὶ
370 4976 413 5040 τῆς
427 4973 495 5025 κάτω
512 4972 605 5043 pictam
620 4974 662 5028 διὰ
682 4973 726 5042 τὴν
740 4974 910 5046 φιλάνθρωπον
926 4976 1082 5048 προοελήρθη
1131 4983 1193 5053 γόνα
1210 4986 1253 5034 τοῦ
1276 4979 1346 5044 ὄξους
1373 4978 1531 5053 ἐμμιχθεῖσαν
1551 4987 1589 5054 τῷ
1609 4982 1721 5053 πελάγει,
1741 4975 1890 5043 flasconi

315 5052 468 5128 οἰκονομίαν,
485 5058 613 5110 καὶτοῦτο
627 5057 746 5111 πιστεύειν
763 5059 969 5129 μεταπεποιῆσθαι
982 5059 1043 5129 πρὸς
1054 5059 1083 5112 τὸ
1134 5062 1196 5135 μίξις
1217 5061 1325 5133 ἐποίησε,
1343 5069 1380 5136 τῷ
1398 5065 1484 5136 μηκέτι
1499 5063 1543 5132 τὴν
1557 5064 1621 5118 κατὰ
1637 5062 1705 5135 φύσιν
1723 5063 1838 5130 ποιότητα
1850 5062 1890 5113 τοῦ

315 5136 379 5192 θεῖόν
394 5157 420 5193 τι
434 5140 475 5192 καὶ
489 5138 621 5211 ἐπήρατον.
1132 5145 1208 5219 {ip-{oti
1222 5146 1323 5213 τούτου,
1351 5144 1375 5200 ἐν
1398 5152 1428 5220 τῇ
1452 5147 1549 5219 ἀπειρίᾳ
1567 5141 1612 5201 τοῖν
1635 5145 1815 5219 ἐπικρατοῦντος
1833 5162 1890 5213 We·

351 5219 374 5277 εἰ
393 5221 462 5278 lbtd.
481 5216 541 5276 Οἵδε
561 5222 609 5295 γὰρ
622 5223 720 5286 πάντως
738 5223 804 5277 ὅτιὸ
828 5224 871 5296 μὲν
885 5176 960 5311 λέγος
978 5225 992 5278 ὁ
1013 5223 1085 5286 οὗτος
1135 5230 1225 5301 μένειν.

316 5301 367 5359 ἐστι
381 5306 506 5378 τῷλόγῳ,
520 5302 534 5357 ὁ
548 5302 572 5358 ἐν
589 5306 660 5376 σαρκὶ
672 5307 754 5377 ρανελς
767 5311 803 5378 τῷ
819 5308 880 5379 πρὸς
894 5306 937 5362 τὀν
950 5307 1004 5361 θεὸν
1021 5308 1084 5362 ὄντι.

344 5474 427 5532 10rtg.
443 5473 461 5525 t,
474 5473 559 5521 Ριτίοι.
569 5484 616 5529 cap.
627 5484 657 5519 u.
668 5466 716 5517 -t
729 5473 821 5529 tlhlll.
835 5487 884 5533 cap.
896 5486 946 5531 un,
962 5488 1030 5533 parag
1049 5477 1071 5521 n.
