3936 6146
486 319 537 379 DE
556 316 861 393 INCARNATIONE,
884 318 1019 395 trux,
1042 319 1127 379 CAP.
1151 319 1177 379 1.
1566 324 1625 385 353

86 487 212 552 lenirem
223 487 255 548 in
271 484 384 546 Christo
409 485 581 565 perlectum
600 503 665 547 esse
677 484 808 546 minime
856 503 955 564 quens
968 486 1058 561 foret,
1075 485 1152 546 dum
1171 485 1206 545 in
1219 484 1275 545 lilii
1287 484 1497 564 inexplicabili
1509 485 1625 547 divini-

86 577 441 647 lrtebatur,ueduosfilios
454 578 618 639 admittere
631 585 806 657 cogeretur,
856 584 918 639 tate
951 579 1065 640 diversi
1097 578 1218 658 generis
1249 583 1363 639 natura
1393 579 1535 657 quadam
1565 579 1628 640 suis

86 674 129 734 boc
148 673 229 732 ulitur
267 675 447 750 argumento
471 690 478 730 ε
502 670 614 731 idcirco
638 671 716 731 duos
742 688 807 730 non
857 669 1002 749 insignita
1015 672 1094 731 notis
1107 676 1343 747 agnosceretur:
1356 672 1432 731 adeo
1447 676 1482 732 ut
1495 671 1627 731 alterum

85 766 159 825 inrue
179 764 257 839 srlios,
282 763 362 842 quod
375 763 483 824 divina
495 768 618 839 natura,
646 780 717 841 qum
735 779 807 823 cum
857 780 936 824 esser
953 763 1155 840 imbecillum,
1175 763 1225 824 rel
1245 781 1389 842 parvum,
1406 764 1454 824 vel
1472 765 1626 844 corrupti-

85 856 177 918 mortali
199 862 226 917 et
253 855 454 936 corruptibili,
482 855 675 927 immortalis,
705 860 737 916 et
757 854 805 914 io·
856 855 928 931 bile,
943 857 994 918 rel
1017 856 1240 937 temporarium
1269 874 1276 915 :
1302 857 1434 916 alterum
1455 862 1575 936 potens,
1597 863 1628 918 et

85 954 196 1027 cornrpta
222 947 380 1026 conjuncta
399 953 456 1025 est,
478 947 559 1008 hanc
576 947 687 1025 ipsam,
713 963 807 1026 quam
856 965 1017 1027 magnum,
1031 947 1267 1028 incorruptibile
1294 966 1330 1008 ac
1344 949 1623 1028 sempiternum»

84 1041 220 1120 assumpsit,
251 1040 283 1101 in
310 1040 375 1119 ejus
410 1041 535 1121 proprio
570 1046 661 1109 statu,
687 1046 718 1101 et
737 1057 809 1100 con·
857 1039 907 1100 Sic
920 1041 1015 1119 igitur
1035 1041 1207 1101 humanam
1228 1040 1340 1101 Christi
1367 1046 1523 1117 naturam,
1543 1041 1629 1102 velut

83 1130 170 1192 ιθθοιιο
193 1151 249 1194 non
261 1132 427 1213 reliquerit.
462 1132 527 1193 «Si
547 1132 631 1194 enim
650 1133 806 1193 hocfecis·
857 1139 982 1193 excitam
996 1132 1235 1213 proprietatibus
1249 1134 1323 1207 suis,
1352 1133 1411 1193 boo
1433 1140 1478 1193 est
1498 1131 1629 1195 imbecil-

83 1230 125 1297 set,
147 1225 253 1303 merito,
274 1225 387 1305 inquit,
416 1225 576 1285 binarium
598 1225 632 1285 in
665 1225 721 1286 Dei
742 1225 807 1285 lilio
857 1223 947 1297 litote,
978 1230 1176 1306 correptione,
1198 1244 1233 1288 ac
1251 1225 1371 1286 caeteris
1391 1225 1626 1303 ejusdemmodi,

82 1318 264 1394 mnsidemet3
283 1319 360 1379 dum
383 1323 551 1398 utrumque
578 1318 806 1379 contrariorum
855 1322 955 1377 totam
979 1318 1010 1379 in
1048 1320 1147 1380 Deum
1181 1318 1372 1396 translatam,
1413 1324 1445 1378 ct
1481 1319 1629 1397 quodam·

81 1409 193 1488 privatim
214 1410 246 1470 in
274 1410 374 1490 seipso
408 1417 599 1471 numeraret.
639 1409 717 1470 Cum
750 1429 807 1471 au·
856 1410 950 1470 ruodo
983 1416 1136 1471 mutatam
1165 1429 1229 1472 esse
1264 1411 1347 1471 dicit.
1384 1411 1471 1483 Quod
1505 1412 1562 1472 etsi
1591 1413 1628 1472 de

81 1508 127 1562 tem
138 1503 669 1583 mortaleinimmortalitatepositum
682 1503 809 1587 immor·
855 1501 909 1562 illo
937 1507 1018 1563 statu
1044 1503 1252 1577 intellexerit,
1283 1503 1337 1582 qni
1373 1505 1629 1565 resurrectionem

81 1592 331 1670 blussitlactnm,
350 1614 384 1656 ac
401 1595 543 1656 similiter
558 1595 759 1675 corruptibile
773 1596 807 1655 in
858 1600 904 1654 est
941 1600 1132 1671 consecutus,
1164 1596 1197 1655 iu
1224 1613 1287 1675 quo
1321 1595 1465 1676 absorpta
1500 1602 1546 1657 est
1580 1595 1628 1657 in·

80 1685 304 1765 incorruptionem
323 1693 481 1749 macutum
494 1687 599 1765 fuerit,
613 1695 682 1748 tum
696 1696 808 1748 caetera
857 1686 998 1763 firmitas,
1026 1694 1056 1749 et
1084 1688 1263 1761 mortalitas
1286 1694 1322 1749 ut
1339 1689 1476 1768 loquitur
1499 1690 1630 1769 Aposto-

81 1778 159 1838 omnia
168 1779 284 1858 perinde
306 1780 342 1840 in
360 1780 576 1859 impatibilem,
603 1780 808 1859 divinumque
858 1780 931 1856 lus;
962 1780 1166 1841 nihilominus
1194 1781 1349 1861 singulare
1384 1789 1439 1857 est,
1469 1783 1553 1862 qnod
1584 1782 1629 1843 ait

79 1873 309 1934 rulunconrersa
331 1873 412 1948 sint,
432 1873 506 1953 quid
529 1873 656 1933 tandem
678 1872 808 1933 rationis
859 1874 1035 1951 Gregorius,
1047 1874 1174 1934 nisiista
1185 1882 1306 1935 naturae
1320 1875 1502 1936 hominisin
1516 1875 1629 1936 divini·

78 1958 165 2022 habent
178 1964 206 2039 ii,
226 1965 277 2044 qui
301 1965 388 2045 quod
411 1983 512 2027 unum
535 1972 591 2043 est,
615 1964 651 2025 in
672 1964 808 2026 duorum
858 1970 955 2026 tatem
968 1966 1109 2041 mutatio,
1132 1972 1164 2026 et
1182 1967 1269 2045 quasi
1287 1967 1516 2028 transformatio
1529 1967 1627 2044 fieret,

78 2051 246 2117 differentiam
264 2058 410 2119 dividunt
422 2057 486 2118 “ia
860 2057 937 2118 duos
959 2057 1057 2119 videri
1081 2058 1162 2119 filios
1176 2059 1317 2120 existere.
1334 2060 1459 2119 Etenim
1478 2061 1629 2139 quamdiu

105 2146 149 2208 Hic
159 2150 405 2227 mirumvidetur,
418 2151 503 2231 quod
513 2154 733 2230 argumentum
742 2151 808 2212 foro
857 2151 935 2210 vixit
952 2150 1087 2211 interris
1105 2151 1246 2211 Christus
1261 2152 1423 2229 Dominus,
1439 2158 1470 2213 et
1487 2152 1630 2231 fragilem

78 2237 177 2317 lemos
187 2243 217 2307 iu
229 2243 510 2325 Christopersooae
535 2244 621 2319 dicit,
638 2248 669 2304 et
687 2249 808 2304 natrrraa
859 2262 895 2304 ac
907 2243 1071 2305 mortalem
1084 2262 1210 2305 carnem
1221 2244 1409 2305 circumtulit
1421 2266 1429 2319 ;
1442 2264 1507 2306 non
1517 2246 1630 2307 idcirco

77 2333 202 2413 utiusque
221 2353 274 2416 per
293 2355 327 2398 se
346 2336 549 2412 subsistentis,
565 2336 590 2396 si
604 2335 648 2397 sic
670 2337 810 2397 humana
859 2335 932 2408 diro,
948 2354 983 2396 ac
997 2335 1134 2398 distincti
1148 2336 1287 2415 luerunt,
1299 2342 1353 2398 aut
1370 2357 1444 2399 vero
1467 2337 1559 2400 inisse
1574 2358 1632 2420 pu-

78 2442 129 2484 enm
139 2428 228 2489 Verbo
237 2430 435 2509 jungeretur,
447 2435 484 2489 ut
494 2429 576 2489 illins
588 2428 722 2508 propriae
736 2446 810 2508 qua·
858 2427 944 2490 tandi
957 2433 1030 2489 sunt
1042 2428 1110 2490 filii.

77 2512 189 2580 lintesin
213 2521 275 2601 ipsa
299 2527 521 2596 remanereut3
536 2538 595 2581 nec
618 2520 652 2580 in
670 2521 809 2581 divinam
899 2521 983 2582 Vlll.
1007 2522 1217 2595 Quamobrem
1231 2539 1270 2582 ex
1284 2521 1352 2583 aliis
1368 2521 1507 2602 ejusdem
1529 2523 1631 2584 docto
1663 2544 1802 2602 rapueras

77 2609 188 2672 mnata
199 2613 405 2675 conditionem
418 2614 596 2675 humanitas
610 2612 726 2674 luisset.
752 2613 808 2673 tlt-
859 2613 936 2673 toris
947 2613 1131 2674 sanctissimi
1142 2614 1228 2689 locis,
1243 2632 1308 2675 non
1318 2617 1491 2694 modoquas
1502 2615 1631 2677 dirersis
1654 2610 1801 2698 {ffiffi

77 2699 115 2775 tui
126 2705 255 2779 quamdiu
266 2706 344 2767 rixit
356 2707 390 2766 in
399 2707 489 2767 terris
499 2707 636 2767 Christus
645 2704 807 2778 Dominus,
860 2705 894 2765 in
907 2705 1051 2785 operibus
1060 2711 1193 2781 exstant,
1208 2707 1261 2767 sed
1271 2708 1441 2786 etiamquae
1453 2708 1487 2767 in
1501 2708 1630 2787 istoipso
1656 2707 1802 2753 aaronica.

77 2792 260 2873 mutabilitatis,
285 2818 321 2861 oc
349 2799 458 2859 mortis
480 2799 632 2879 particeps
652 2798 711 2858 fuit
728 2817 735 2857 ε
753 2816 811 2858 nec
859 2796 1018 2874 leguntur,
1033 2798 1198 2858 commoda
1215 2804 1264 2858 est
1286 2798 1501 2878 interpretatio
1511 2799 1571 2860 illis
1581 2800 1632 2860 ad-

76 2886 154 2947 lemen
161 2889 223 2951 idco
231 2892 287 2953 filii
298 2892 528 2953 duonumerati
537 2897 620 2968 sunt;
628 2909 729 2970 neque
738 2908 809 2953 caro
860 2889 996 2951 hibenda
1009 2890 1170 2951 sententiis
1183 2910 1189 2949 :
1202 2908 1296 2970 quam
1310 2909 1348 2951 ex
1362 2897 1478 2951 attenta
1492 2891 1631 2970 eJ'usdem

75 2993 177 3053 puseso
189 2985 356 3047 subsistens
371 2985 439 3045 fuit.
861 2982 993 3043 lectione
1007 2984 1051 3043 ita
1064 2982 1142 3043 mibi
1166 2983 1330 3045 coniecisse
1352 2984 1469 3044 uideor.
1486 2984 1630 3063 Proprie·
1657 3027 1802 3082 ,mmmm

104 3070 254 3143 Quinetiam
282 3083 434 3158 sequente
461 3077 586 3157 pagina,
617 3077 655 3137 de
680 3075 809 3152 intimae,
861 3081 962 3137 tatum
976 3077 1045 3136 aliae
1060 3081 1134 3136 sunt
1156 3076 1348 3162 essentiales,
1364 3082 1394 3137 et
1409 3084 1539 3152 eboraci,
1556 3094 1632 3155 quas
1671 3084 1790 3174 'patuaro

74 3162 220 3246 mitraque
234 3175 356 3231 naturae
371 3175 485 3231 nostrae
499 3170 682 3243 mutatione,
696 3186 813 3247 acpro-
861 3167 1015 3249 specificas
1031 3175 1154 3245 vocant,
1183 3188 1253 3248 quas
1272 3168 1416 3248 speciem,
1437 3176 1468 3230 et
1486 3174 1633 3230 naturam
1656 3144 1802 3233 sspiappen-
1825 3176 1828 3180 ’

73 3252 134 3316 lectu
144 3259 173 3320 iu
184 3262 293 3324 melius
308 3282 350 3325 ex
365 3263 533 3324 divinitatis
549 3262 735 3323 commercio
749 3261 811 3320 dis·
862 3259 961 3334 ipsam
973 3267 1157 3340 sequuntur,
1174 3267 1205 3322 et
1226 3279 1406 3322 communes
1429 3266 1502 3321 sunt
1520 3261 1633 3322 indivi-

73 3354 166 3426 putans,
183 3376 194 3411 ι
209 3355 360 3434 quidquid
374 3355 407 3415 in
422 3354 475 3415 illu
496 3359 542 3416 est
561 3354 762 3425 imbecillum,
782 3356 814 3412 et
863 3354 931 3413 duis
941 3354 1098 3429 omnibus,
1113 3354 1177 3414 sire
1197 3354 1236 3414 ad
1249 3355 1414 3414 essentiam
1429 3354 1539 3433 ipsam,
1556 3354 1632 3415 deii-

73 3442 144 3501 nort
160 3444 333 3523 obnoxium,
354 3446 510 3507 divinitati
531 3447 739 3521 commistum,
755 3444 810 3516 ait,
863 3446 1075 3524 nitionemquo
1089 3445 1289 3524 pertineant3
1304 3446 1367 3506 sive
1381 3464 1420 3506 ex
1437 3460 1549 3506 natura
1568 3446 1633 3523 ipsa

73 3529 130 3592 illud
141 3534 338 3619 ipsum,quod
349 3539 560 3614 ostdirinitas,
571 3535 809 3601 essefactumlzr
862 3537 1106 3619 proficiscantur,
1118 3556 1176 3598 nec
1193 3538 1233 3597 ab
1249 3538 1313 3598 ullo
1334 3536 1436 3598 absint
1454 3537 1512 3598 sub
1527 3539 1635 3599 eadem
1698 3530 1705 3543 ’

73 3637 160 3703 exquo
171 3631 322 3693 concludit
337 3630 475 3692 liliorum
489 3630 522 3691 in
537 3632 657 3692 Christo
671 3648 736 3690 non
748 3646 813 3690 esse
863 3632 1087 3709 comprehenso
1115 3630 1226 3710 specie.
1257 3631 1308 3691 Sie-
1330 3630 1505 3691 ratiocinori
1533 3650 1632 3711 posse,

73 3711 208 3782 hminum.
223 3725 521 3803 ltem‚eassumptas
534 3724 813 3784 humanaenaturae
864 3724 1047 3803 intelligere,
1067 3723 1163 3802 loqui,
1183 3723 1281 3784 libere
1304 3741 1406 3803 agere,
1431 3724 1635 3804 proprietates

71 3807 194 3883 primitias
219 3816 258 3876 ab
276 3817 487 3896 omnipotenti
515 3816 690 3887 divinitate,
707 3815 733 3875 si
760 3813 814 3893 qui
864 3816 1096 3888 suntlrominis,
1112 3821 1324 3895 quasoonduae
1338 3816 1633 3878 Graeoiuominant:
1660 3850 1804 3897 3„„,„„„,

72 3901 196 3979 explicare
226 3909 301 3970 talia
349 3909 555 3970 similitudine
590 3909 695 3988 aliqua
727 3907 812 3983 velit,
865 3908 964 3987 iisque
984 3908 1070 3969 velut
1093 3907 1174 3968 notis
1195 3913 1226 3967 et
1244 3907 1470 3969 characteribus
1492 3910 1634 3988 propriis,

72 3987 148 4056 instar
161 4015 220 4061 esse
244 4002 320 4062 dicit
347 4002 431 4063 aceti
453 4002 554 4077 stillas,
572 4020 642 4080 ηοω
662 4000 814 4060 immenso
865 4000 966 4060 homo
976 4000 1133 4079 quilibet,
1156 4017 1219 4079 qua
1241 4003 1289 4061 est
1311 3999 1417 4075 homo,
1441 3999 1633 4062 describitur.

73 4088 133 4147 meri
154 4093 379 4155 commiscetur.
408 4095 455 4156 ld
479 4095 564 4154 huuc
582 4092 667 4154 enim
686 4092 815 4152 modum
867 4092 941 4153 Aliae
957 4098 1030 4153 sunt
1054 4091 1228 4153 accidentes
1252 4092 1424 4169 qualitates,
1441 4091 1506 4153 sine
1523 4093 1637 4171 quibus
1661 4126 1717 4171 pp„
1729 4124 1790 4170 „ca

72 4172 182 4243 tonina
193 4200 339 4246 naturam
363 4187 396 4246 in
421 4186 583 4247 divinitate
599 4186 643 4247 sic
655 4186 764 4258 inesse,
781 4189 818 4244 ut
865 4190 1004 4246 constare
1019 4190 1131 4245 natura
1143 4190 1255 4266 potest,
1270 4185 1421 4245 ethorum
1434 4185 1548 4264 partim
1561 4185 1639 4245 indi·
1675 4180 1784 4225 ⁶⁰⁰¹⁸¹⁰t

73 4268 158 4334 irruis
174 4278 415 4357 proprietatibus
440 4297 503 4339 non
530 4284 665 4340 maneat.
695 4279 773 4338 Nam
789 4276 815 4338 si
864 4278 966 4339 viduis
996 4278 1141 4339 omnibus
1168 4283 1368 4356 competunt3
1404 4277 1519 4357 partim
1549 4278 1638 4339 certis

72 4356 116 4423 hor
126 4375 205 4445 emet,
220 4371 362 4432 liliorum
375 4371 535 4432 binarium
549 4370 697 4452 suspicari
709 4388 817 4432 consc-
867 4371 1038 4445 duntaxat;
1070 4377 1105 4431 ut
1136 4368 1314 4450 aegritudo,
1348 4371 1431 4431 bona
1470 4371 1636 4449 valetudo,

97 4570 164 4626 (νῦν.
173 4572 249 4631 Niso.
262 4573 479 4647 cont.Ap0llr'rt.
489 4571 596 4635 Εἰκότως
607 4571 636 4624 όν
647 4588 682 4635 τις
695 4572 771 4625 δυόδα
781 4572 817 4643 τῷ
868 4568 952 4639 θέοτης
966 4568 1026 4626 ἔστί.
1045 4572 1116 4624 πόθεν
1128 4563 1169 4624 οὖν
1182 4571 1211 4624 ἄν
1225 4589 1261 4633 τις
1274 4569 1318 4640 τὴν
1333 4570 1409 4623 δυάδα
1420 4574 1469 4625 τῶν
1481 4570 1541 4625 υίιῗιν
1557 4569 1640 4639 larci·

70 4648 106 4722 νίίρ
116 4660 155 4708 τοῦ
166 4657 218 4711 leoli
233 4657 393 4731 ίνεθσιίιρηοο,
407 4663 458 4711 τῶν
470 4655 533 4710 κατὰ
548 4657 577 4710 τθ
593 4651 703 4710 ίναντίον
712 4656 818 4726 θεωρου·
868 4672 947 4723 oster,
961 4660 1015 4711 ele.

70 4734 262 4815 μίννννέιίττρον,
280 4742 424 4805 ἰδιαζόντως
438 4739 475 4812 ἐφ’
485 4739 572 4794 ἑαυτοῦ
584 4738 704 4812 ἀριθμῶν.
715 4737 736 4791 τί
750 4736 776 4791 δὲ
788 4738 817 4791 τθ
906 4738 1009 4794 clbid.
1034 4735 1069 4791 ‘il
1084 4736 1111 4792 δὲ
1124 4737 1308 4811 προσληφθεῖσα
1321 4741 1364 4806 τῆς
1383 4736 1533 4812 ἀνθρωπίνης
1547 4739 1641 4813 plosor

68 4816 138 4885 θνητόν
150 4820 173 4875 ir
185 4832 221 4898 τῷ
242 4825 364 4898 ἀθανάτῳ
386 4827 536 4897 γενόμενον,
561 4820 681 4876 ἀθανασία
704 4819 817 4892 ἐγένετο,
870 4820 968 4895 ἀπαρχὴ
984 4820 1031 4876 θπθ
1044 4824 1087 4889 τῆς
1100 4822 1289 4894 παντοδονάρου
1303 4822 1426 4889 θεότητος,
1439 4822 1474 4884 ὡς
1488 4823 1517 4875 ἂν
1532 4821 1596 4877 strar
1606 4842 1643 4888 τις

69 4896 144 4968 &pluer
154 4907 193 4959 καί
212 4908 242 4962 τδ
262 4908 369 4980 φθαρτόν
387 4906 420 4970 τίς
434 4906 569 4979 ἀφθαρσίαν
593 4904 718 4977 μιτίόαλε,
734 4903 774 4956 καί
788 4902 819 4957 τθ
872 4904 944 4958 είαόνι
957 4898 1163 4978 χρόιρενος,οἷόν
1179 4923 1216 4967 τις
1232 4905 1328 4976 σταγὼν
1348 4903 1419 4968 ὄξους
1432 4904 1525 4978 ἀπείρῳ
1541 4907 1643 4979 πελάγει

68 4981 202 5045 Quiete
216 4992 339 5054 ὡσαύτως
355 4990 415 5062 πρδς
428 4990 458 5043 τδ
475 4989 563 5050 ἀπαθές
577 5007 604 5042 τε
617 4988 658 5040 καί
668 4988 733 5040 θεῖον
748 5005 817 5058 μετα·
870 4987 1055 5059 αατααραθτῖσα,
1070 4985 1122 5039 ἔστι
1138 4985 1181 5058 μὲν
1193 4985 1217 5039 ἓν
1232 4988 1338 5055 θεότητι,
1354 4986 1383 5040 oti
1405 4986 1452 5059 μὴν
1465 4987 1489 5041 ἐν
1504 4992 1555 5053 τοῖς
1576 4987 1644 5051 ἰδίοις

67 5070 148 5138 νῦνίθη.
159 5074 194 5135 τίς
205 5074 367 5129 θπολείπεται
379 5075 453 5146 λόγος
476 5074 529 5134 τοῖς
550 5070 584 5133 εἰς
601 5070 685 5136 detribu
700 5069 818 5141 διαρορίιν
872 5069 946 5137 αὐτῆς
957 5069 1080 5141 ίδιώμασι.
1096 5068 1161 5121 οθτω
1170 5069 1218 5142 γὰρ
1232 5069 1286 5137 ari
1300 5077 1350 5124 τῶν
1363 5071 1423 5124 υἱῶν
1437 5070 1496 5133 δυθς
1505 5071 1644 5135 ἀκολούθως

67 5148 306 5231 τθὲνδιαοχίζουσιν.
872 5152 1009 5214 θιτενοεῖτο,
1025 5151 1085 5225 εἰτῇ
1100 5151 1217 5225 θρρόστῳ
1228 5148 1272 5207 τοῖν
1283 5148 1338 5207 riou
1352 5155 1446 5223 θεότητι
1458 5153 1596 5227 ἒτεροηενης
1609 5176 1646 5217 τις

95 5235 110 5289 θ
126 5238 188 5295 ibid.
220 5240 300 5295 Ἀλλὰ
319 5241 350 5294 τθ
369 5240 411 5314 μὲν
429 5241 514 5308 θνητόν
534 5239 582 5294 θιτθ
602 5243 645 5307 τῆς
665 5241 730 5305 ζωῆς
747 5256 819 5290 κατε·
873 5237 940 5308 piore
952 5234 975 5288 ἐν
992 5234 1108 5297 ίδιάζυυοι
1123 5238 1232 5308 σημείοις
1241 5236 1429 5310 ἔπεγινὼσκετο·
1441 5239 1475 5300 ὡς
1490 5234 1552 5292 εἶναι
1562 5241 1590 5293 rb
1602 5240 1644 5311 μὲν

67 5317 125 5388 ἤθη,
135 5328 184 5380 elo.
202 5325 248 5378 ίίαὶ
263 5328 313 5379 πᾶν
330 5326 387 5379 ὅσον
402 5323 499 5386 ἀσθενὲς
513 5328 556 5389 τῆς
576 5322 669 5394 φύσεως
682 5320 763 5392 ἡμῶν,
779 5321 819 5373 καί
875 5318 1007 5385 &corrigi
1023 5320 1119 5391 μικρὸν,
1133 5320 1149 5386 ἢ
1161 5322 1303 5393 elambuit
1318 5324 1475 5395 πρόσκαιρον·
1490 5322 1519 5376 τό
1533 5322 1560 5376 δὲ
1574 5326 1645 5376 δυνα·

67 5397 163 5476 {simper
181 5407 314 5481 θνααροιθὲν
333 5409 482 5481 ridete-prr,
507 5406 585 5461 ἐκεῖνο
606 5405 703 5479 ἐγένετο
726 5404 820 5476 θπερθ
874 5404 928 5469 τόν,
944 5402 985 5456 καί
995 5402 1069 5475 μέγα,
1084 5402 1125 5456 καί
1134 5402 1267 5478 ἄφθαρτον,
1282 5404 1323 5459 καί
1331 5401 1421 5461 ἀίδιον.

183 5505 259 5569 Τοιι.
282 5505 341 5565 VI.
1483 5503 1523 5564 23
