4104 6160
596 422 647 483 DE
666 418 970 493 INCARNATIONE,
992 417 1063 479 LlB.
1085 418 1137 495 VI,
1170 417 1252 482 CAP.
1276 421 1332 483 lIl.
1718 418 1754 479 21

169 585 277 650 Quas
298 589 339 652 sit
365 588 467 653 fllium
491 591 594 652 Deum
617 605 732 667 negare
762 586 940 648 subeuntia
991 585 1026 644 in
1052 583 1132 646 libro
1153 588 1288 649 meando
1303 587 1338 649 de
1363 587 1510 650 Trinitatis
1531 587 1669 667 scripsi*;
1688 590 1758 646 tum

169 678 299 741 &erse
322 681 450 743 alterius
471 682 509 742 ab
530 680 638 753 altera,
655 678 760 759 opinio
774 678 808 739 in
826 675 961 757 prsedi‘
990 676 1148 738 uberrime
1161 677 1195 739 in
1207 680 1388 758 praelatione
1395 682 1562 742 adtomum
1569 679 1756 741 seeundum:

168 771 276 834 caudis
298 772 359 834 diis
372 774 496 835 duobus
515 772 698 835 excluditur.
714 771 783 831 Non
803 768 888 830 enim
902 784 941 828 ex
990 768 1045 828 ubi
1060 775 1174 849 ὀξύμωρα
1200 770 1253 831 illa
1271 771 1419 852 loquendi
1438 791 1570 852 genera,
1590 789 1661 851 quae
1674 769 1759 848 apud
1787 788 1929 834 bumana.

169 862 231 925 alia
242 869 358 944 praeter
371 864 458 926 illam
471 866 524 927 Dei
537 865 646 940 Patris,
662 881 701 925 ex
715 880 777 942 qua
790 859 845 922 Dei
857 859 941 920 iilius
989 861 1133 943 antiquos
1141 861 1299 940 leguntur,
1316 882 1461 943 purgare,
1477 870 1509 925 et
1526 863 1679 943 explicare
1691 866 1756 922 stu-

168 956 384 1036 intemporalis
406 962 454 1018 est
477 962 580 1033 natus,
598 955 740 1017 essentia.
771 954 849 1014 Nam
868 969 940 1012 cum
989 952 1125 1013 duimus.
1140 954 1176 1013 In
1197 954 1311 1032 quibus
1335 961 1371 1016 ut
1393 974 1412 1016 a
1435 956 1525 1016 nobis
1542 955 1672 1016 minime
1685 958 1758 1014 sunt

168 1048 344 1109 necessario
358 1049 457 1110 mum
465 1047 589 1110 Patrem
603 1046 801 1120 confitemur,
813 1049 844 1105 et
850 1042 940 1104 abso·
990 1043 1150 1119 imitandi,
1167 1043 1210 1104 ita
1229 1063 1285 1106 ner
1300 1047 1547 1126 reprehendendi
1560 1052 1645 1123 sunt,
1659 1050 1757 1107 teme·

168 1137 234 1200 lute
248 1139 409 1201 Christum
427 1139 479 1201 Dei
494 1139 595 1201 tilium
610 1140 707 1200 Deum
723 1135 938 1217 praedicamus,
989 1153 1084 1214 reque
1095 1136 1275 1199 damnandi.
1748 1152 1764 1173 r

168 1234 200 1291 st
226 1230 311 1291 inter
332 1230 401 1293 haec
420 1230 519 1292 duum
543 1232 680 1292 Deorum
707 1228 746 1288 sit
770 1225 941 1305 irreligiosa
1028 1227 1261 1304 Ejusdemmodi
1274 1234 1346 1290 sunt
1362 1248 1433 1309 quae
1447 1232 1486 1292 do
1500 1231 1756 1292 anathematismo

168 1319 336 1383 coniessio:
366 1340 432 1383 non
459 1328 590 1402 possunt
623 1320 796 1384 secundum
817 1323 939 1380 nature
989 1317 1149 1379 Sirmiensi
1159 1337 1226 1380 xvir
1235 1327 1342 1383 conua
1354 1322 1507 1384 Hilarium
1521 1322 1757 1401 objicitAnony·

165 1412 425 1488 indifferentiam,
454 1419 486 1475 at
516 1431 633 1476 nomen
665 1412 845 1475 indifferens
874 1428 940 1470 non
988 1426 1075 1493 mus,
1097 1411 1182 1491 quod
1199 1411 1267 1474 haee
1281 1414 1420 1492 probarit
1432 1414 1513 1475 illius
1526 1414 1641 1476 verba:
1662 1415 1756 1475 «Non

167 1505 545 1567 nnumeaseincssenliae
557 1523 681 1585 genere,
691 1521 826 1584 quorum
839 1518 940 1564 essen-
988 1500 1072 1562 enim
1100 1520 1310 1582 exaequamus,
1336 1506 1388 1565 vel
1414 1521 1632 1584 comparamus
1656 1504 1757 1566 filium

167 1596 217 1658 tire
239 1614 359 1658 nomen
372 1596 524 1658 nonlicet
542 1614 608 1659 csse
627 1598 843 1658 aidanum.»
859 1593 939 1668 Quid
987 1591 1088 1670 Patri,
1117 1595 1171 1655 sed
1200 1596 1374 1674 subjeetum
1401 1597 1615 1676 intelligimus.
1649 1598 1756 1676 Neque

166 1687 366 1768 adplenum,
382 1694 414 1749 et
435 1688 610 1750 absolutam
632 1688 773 1750 catholici
786 1684 939 1765 dogmatis
987 1684 1758 1750 enimdescenditin80domamsinePatrisvolun·

166 1779 392 1842 confessionem
405 1780 573 1843 desiderari
588 1786 689 1861 potest
698 1781 759 1842 illis
771 1780 806 1840 in
816 1775 939 1840 verbis?
986 1779 1059 1849 tete,
1074 1796 1176 1857 neque
1186 1778 1266 1858 pluit
1279 1797 1318 1840 ex
1331 1798 1375 1856 se,
1391 1781 1443 1840 sed
1457 1800 1475 1841 a
1491 1781 1634 1857 Domino,
1649 1786 1755 1842 aucto-

167 1872 250 1933 IIuos
273 1889 340 1933 esse
361 1877 457 1949 negat
483 1873 573 1949 Deos,
594 1872 719 1934 Patrem
745 1878 777 1934 et
802 1870 937 1944 Filium3
987 1867 1076 1928 ritate
1101 1870 1215 1930 scilicet
1242 1870 1358 1945 Patris,
1379 1892 1394 1929 u
1433 1877 1491 1933 etc.
1517 1873 1592 1946 Quae
1621 1873 1756 1933 Hilarius

167 1968 261 2043 negat
273 1963 430 2025 diversam
443 1980 509 2024 esse
532 1962 737 2025 substantiam
759 1963 935 2034 amborum,
988 1965 1115 2020 eatenus
1142 1961 1258 2037 laudat,
1281 1963 1364 2042 quod
1384 1980 1589 2042 personarum
1610 1963 1755 2024 differen-

167 2055 409 2116 autessentiam.
418 2054 482 2116 Nec
493 2053 551 2116 ista
561 2054 673 2132 solum,
686 2074 758 2135 quae
766 2062 839 2115 sunt
848 2071 939 2114 accu-
989 2050 1076 2123 dam,
1103 2057 1134 2112 et
1159 2054 1379 2132 proprietatem
1401 2054 1556 2132 indicant,
1584 2073 1620 2116 ac
1642 2055 1755 2116 Filium

166 2146 329 2208 retains
343 2144 477 2225 pietatis,
492 2147 642 2208 affirmat:
659 2148 713 2209 sed
727 2148 761 2207 in
775 2143 938 2208 Sirmiensi
988 2141 1203 2203 demonstrant
1215 2160 1233 2203 a
1246 2145 1335 2206 Patre
1354 2146 1539 2225 procedere:
1563 2167 1579 2203 c
1593 2147 1669 2207 dum
1682 2147 1754 2208 mit-

166 2255 294 2318 quoqne
307 2237 432 2298 decreto
447 2238 601 2298 contineri
614 2239 713 2307 docet,
729 2255 824 2318 quem
836 2254 937 2297 unum
988 2233 1075 2308 titur,
1085 2234 1161 2294 dum
1174 2234 1301 2314 accipit,
1318 2237 1394 2297 dum
1405 2237 1439 2296 iu
1448 2237 1593 2298 omuibus
1602 2238 1755 2300 voluntati

166 2328 313 2391 videlicet
325 2328 424 2390 finem
437 2328 473 2388 in
486 2328 540 2389 illo
554 2329 612 2390 sibi
633 2328 714 2390 libro
727 2329 880 2410 prefixit:
902 2334 938 2389 ut
988 2325 1065 2403 ejus,
1078 2326 1134 2403 qui
1146 2343 1179 2386 se
1191 2324 1284 2403 misit,
1301 2327 1498 2407 obsequitur3
1514 2354 1528 2383 a
1544 2329 1628 2409 quod
1640 2330 1754 2409 partim
1810 2322 1812 2327 ’

166 2422 257 2483 mum
271 2420 396 2482 Arianae
409 2420 586 2499 portionem
597 2426 687 2482 sectoe
708 2420 885 2484 dissociaret
897 2420 936 2481 ab
986 2417 1026 2477 ad
1039 2435 1112 2477 eum
1126 2435 1252 2478 sensum
1265 2419 1374 2481 referri
1388 2420 1490 2497 debet,
1505 2439 1600 2501 quem
1613 2422 1754 2502 proxime

166 2513 306 2593 reliquis,
321 2511 399 2574 etin
414 2511 647 2575 catholicorum
666 2517 779 2591 partes,
795 2530 830 2573 ac
851 2512 938 2572 velut
985 2513 1057 2568 ante
1071 2508 1238 2570 declaravi:
1259 2515 1295 2570 ut
1308 2511 1447 2572 Verbum
1467 2512 1618 2592 quidquid
1633 2532 1652 2573 a
1665 2514 1754 2574 Patre

166 2611 267 2668 castra
298 2602 491 2665 transferret.
524 2604 612 2678 Quod
645 2605 672 2664 si
691 2623 754 2684 qua
782 2609 855 2665 sunt
877 2604 938 2664 illis
985 2599 1174 2678 imperatur,
1195 2600 1316 2662 dicatur
1329 2604 1455 2682 exequi,
1471 2603 1655 2685 quiaseipso
1668 2605 1751 2679 lacit,

168 2698 314 2772 immista,
330 2693 495 2775 paululum
521 2695 561 2757 ab
587 2696 714 2757 duceres
739 2695 812 2757 lidei
825 2713 938 2756 norma
984 2695 1135 2770 tanquam
1157 2693 1253 2752 Patris
1283 2693 1453 2774 emperiam,
1477 2695 1541 2756 sive
1567 2714 1674 2772 semo,
1690 2714 1752 2776 quo

5 2802 7 2893 p
168 2787 325 2863 dIstantia,
335 2786 396 2846 luit
408 2786 488 2861 haec,
505 2791 542 2846 ut
555 2786 691 2848 Hilarius
703 2786 775 2848 fecit
791 2786 935 2848 dissimu-
984 2781 1066 2843 fiunt
1090 2783 1211 2859 omnia;
1239 2784 1354 2863 partim
1385 2786 1424 2859 de
1458 2787 1621 2848 lnearnato
1648 2787 1751 2848 Verbo

5 2918 6 2965 ι
168 2876 419 2958 lareprudentis.
985 2873 1204 2954 potestaccipi.

43 2987 131 3039 naa
206 2971 279 3031 XII.
302 2969 486 3046 Quanquam
516 2966 601 3027 haud
633 2968 711 3029 adeo
737 2974 810 3029 suut
833 2969 936 3046 poeni·
1025 2964 1112 3025 XIII.
1134 2966 1182 3027 dd
1201 2966 1379 3028 hooautem
1398 2969 1531 3047 pertinet
1550 2970 1751 3050 antiquorum

5 3082 6 3085 ¹
60 3040 122 3140 ’Ὦ
169 3063 279 3135 unda,
296 3077 367 3139 que
381 3058 658 3120 anathematismus
685 3060 744 3121 iste
768 3062 934 3138 concepit:
985 3056 1065 3118 bene
1075 3057 1246 3118 multorum
1260 3059 1411 3119 sententia
1427 3079 1435 3134 ;
1451 3062 1505 3139 qui
1517 3061 1602 3139 quod
1615 3062 1751 3122 Christus
1810 3111 1880 3142 mar

54 3096 147 3247 ⁵22⁹*
170 3156 232 3216 lieo
256 3152 343 3213 Patri
369 3149 552 3212 obsecutum
577 3167 641 3212 esse
665 3150 765 3212 filium
795 3152 871 3229 Dei,
906 3158 938 3213 et
986 3148 1749 3234 Patremiateturseeaaemajorm⁸,deVerboipso,

169 3241 613 3308 eumdemconsnbstantialem
628 3244 736 3303 Deum.
751 3242 842 3303 Tollit
851 3245 937 3304 enim
986 3245 1017 3302 et
1031 3241 1086 3301 Dei
1098 3240 1180 3317 filio,
1200 3259 1263 3319 qua
1282 3241 1365 3302 filius
1383 3250 1429 3303 est
1444 3243 1680 3323 intelligendum
1693 3264 1750 3325 pu·

168 3337 218 3398 rel
231 3341 317 3398 certe
329 3334 443 3395 minuit
451 3333 566 3393 horum
574 3332 736 3409 invidiam,
744 3334 938 3413 reliquorum
985 3336 1063 3394 tant.
1080 3333 1227 3410 Majorem
1241 3333 1358 3413 quippe
1374 3333 1452 3395 Filio
1463 3341 1528 3396 esse
1536 3337 1669 3413 Patrem,
1679 3355 1754 3415 qua-

169 3427 337 3508 adjunctio,
353 3426 429 3486 dum
444 3430 570 3486 etunus
584 3441 656 3486 cum
682 3425 771 3486 Patre
788 3427 882 3500 Deus,
906 3432 938 3488 et
985 3427 1077 3485 tenus
1090 3424 1141 3484 ille
1156 3426 1322 3499 Paterest,
1343 3424 1394 3485 bic
1412 3425 1523 3487 Filius:
1539 3427 1599 3488 ille
1613 3428 1652 3488 ab
1665 3428 1753 3489 nullo

162 3510 311 3600 'ejusdem
324 3514 631 3579 cumeosubstantiae
637 3533 702 3577 esse
711 3516 935 3579 Filiusdieitur.
986 3515 1104 3576 habens
1116 3514 1289 3592 originem3
1305 3515 1356 3575 hic
1368 3516 1484 3576 aPatre
1503 3518 1645 3595 genitus:
1660 3524 1696 3579 ut
1716 3518 1755 3579 sit

170 3613 208 3674 In
231 3609 364 3685 618015,
392 3605 565 3688 obsequendi
588 3606 701 3679 verbo,
728 3608 813 3686 quod
839 3609 938 3689 magis
987 3604 1156 3685 personalis
1173 3605 1363 3684 proprietas,
1385 3613 1598 3684 nonnaturae,
1613 3609 1751 3688 majoris,

169 3702 310 3775 offendit,
322 3699 491 3779 respondet
503 3706 645 3779 ὑπουργεῖν,
661 3698 745 3777 quod
765 3699 938 3779 significare
986 3715 1022 3758 ae
1040 3696 1171 3759 minoris
1195 3697 1249 3758 illa
1270 3696 1437 3758 distinctio.
1453 3699 1531 3761 Vide
1544 3699 1660 3762 librum
1681 3720 1753 3763 nos·

169 3800 281 3878 potest,
296 3809 417 3873 operum
430 3789 527 3851 alicui
536 3788 682 3869 protere,
693 3790 744 3850 vel
757 3791 939 3871 simpliciter
987 3793 1072 3851 trum
1083 3789 1255 3850 mcuudum
1269 3787 1304 3850 de
1321 3787 1489 3866 Trcbitotd,
1499 3793 1752 3870 capitesecundo,

169 3888 209 3950 ab
222 3885 286 3947 alio
295 3884 336 3945 ad
349 3900 429 3962 opus
438 3881 584 3961 applicari
595 3902 604 3955 ;
618 3898 780 3960 quosensu
790 3883 829 3944 de
837 3884 938 3944 Verbo
988 3880 1043 3941 ubi
1054 3885 1085 3941 et
1104 3881 1260 3941 Hilarium
1272 3881 1464 3942 ostendimus
1481 3882 1541 3943 boc
1554 3885 1648 3945 etiam
1661 3886 1755 3946 modo

168 3979 298 4059 quidam
307 3973 510 4053 antiquorum
517 3973 790 4052 illudusurperunt
798 3975 938 4054 apprime
988 3972 1106 4034 dietum
1119 3971 1196 4054 illud
1209 3972 1417 4051 interpretari.
1433 3974 1541 4054 Itaque
1557 3976 1672 4037 mirum
1691 3996 1755 4038 non

168 4068 317 4132 Catholici
343 4071 381 4127 ut
408 4069 558 4140 ireneus,
579 4070 611 4125 et
637 4064 778 4127 Clemens
805 4066 937 4128 Alexan·
987 4069 1044 4140 est,
1059 4064 1232 4124 Sirmiensis
1244 4063 1442 4142 professionis
1452 4066 1514 4145 tale
1528 4066 1567 4127 ab
1581 4067 1635 4128 illo
1649 4068 1755 4129 decre-

167 4162 288 4225 dn'nus.
312 4159 366 4220 Est
390 4158 476 4219 enim
503 4154 673 4231 Verbum¹,
692 4165 809 4238 δύναμις,
835 4158 868 4219 id
894 4164 940 4220 est
987 4161 1056 4215 tum
1074 4154 1234 4215 meliorem
1254 4157 1288 4215 in
1309 4162 1431 4235 partem
1454 4158 1567 4238 accipi:
1592 4177 1664 4220 cum
1678 4159 1758 4220 nibil

168 4255 267 4316 cirtae
278 4249 390 4326 Patris,
406 4250 587 4329 etpoteutia,
604 4266 666 4326 (pra
679 4248 733 4309 illa
746 4249 853 4309 omnia
866 4268 940 4311 con-
988 4247 1099 4307 officiat
1114 4247 1158 4315 ei,
1179 4247 1263 4325 quod
1274 4247 1308 4307 in
1322 4248 1475 4309 catholica
1486 4248 1560 4310 fidei
1572 4251 1680 4329 regida
1691 4250 1756 4330 pri-

168 4345 256 4406 didit.
270 4344 330 4405 Ars
340 4343 419 4403 item
430 4338 506 4414 est²,
519 4345 551 4400 et
562 4340 731 4419 imperium
744 4339 867 4418 Patris⁸,
878 4360 940 4420 qua
988 4338 1124 4398 marium
1141 4342 1187 4398 est
1208 4338 1391 4416 equalitati,
1417 4345 1447 4400 et
1462 4338 1613 4401 identitcti
1623 4347 1755 4402 natura.

168 4435 291 4497 ratione
302 4432 365 4493 dici
379 4436 481 4510 potest
493 4430 605 4509 exequi
622 4431 741 4508 omnia,
763 4449 833 4510 quaa
847 4450 939 4493 man-
989 4429 1027 4489 Et
1040 4428 1199 4489 manifeste
1222 4428 1370 4502 adhunc,
1400 4449 1494 4510 quem
1519 4432 1666 4505 diximus,
1685 4450 1755 4493 seu-

169 4523 223 4584 dat
243 4527 276 4583 et
289 4518 442 4599 praecipit,
457 4517 541 4596 quod
554 4517 637 4579 idem
650 4523 697 4579 est
709 4537 745 4579 ac
756 4520 894 4593 molitur,
911 4527 941 4582 et
989 4538 1070 4596 sum,
1089 4520 1311 4598 subjectionem
1322 4521 1407 4582 illam
1421 4522 1490 4582 Filii
1503 4522 1609 4599 trahit,
1625 4523 1669 4582 ita
1682 4524 1756 4585 scri-

170 4613 261 4676 efficit
281 4611 384 4673 Pater.
409 4609 591 4688 Siquidem
614 4610 746 4690 imperio
767 4611 851 4689 quod
873 4612 942 4672 vult
989 4611 1082 4672 bens:
1098 4610 1325 4672 uludifferentis
1333 4630 1433 4672 unum
1444 4618 1755 4691 nomenestnaturae,

170 4705 242 4767 iacit
266 4704 370 4764 Deus:
399 4701 539 4780 adeoque
561 4700 665 4762 Verbo
693 4720 762 4764 suo.
790 4704 869 4765 Hinc
888 4704 942 4766 illa
989 4704 1080 4764 etvel
1093 4702 1128 4764 in
1141 4703 1315 4782 ecquidem
1326 4703 1533 4764 maximenon
1546 4711 1755 4785 comparatur,

171 4794 313 4859 manavit
335 4794 463 4868 locutio,
482 4794 589 4871 probo,
615 4799 647 4854 et
679 4793 827 4856 catholico
849 4813 942 4857 senen
989 4813 1047 4855 nec
1060 4799 1237 4874 coequatur
1250 4794 1333 4854 filius
1346 4794 1442 4870 Patri,
1458 4796 1535 4857 dum
1548 4797 1688 4858 subditus
1701 4815 1758 4876 per

172 4887 212 4948 ab
224 4885 412 4967 qulbusdam
425 4883 564 4944 adhibita
578 4883 734 4958 Patribus,
756 4891 791 4946 ut
809 4887 939 4965 benaco,
990 4886 1174 4947 obedientiae
1188 4885 1386 4964 obsequelam
1397 4891 1459 4948 est:
1477 4888 1552 4948 dum
1564 4889 1644 4967 pluit
1653 4889 1756 4948 bomi-

173 4979 364 5052 Atbanasio,
397 4973 512 5055 Gyrillo
550 4974 761 5037 Alexandrino
794 4977 940 5058 aliisque,
990 4995 1050 5038 nus
1064 4996 1082 5037 a
1096 4976 1238 5053 DomIno,
1254 4995 1385 5038 necase
1399 4979 1476 5056 ipse,
1492 4981 1662 5041 secundum
1675 4979 1757 5041 Pho·

174 5070 300 5131 Patrem
313 5067 392 5129 Filio
405 5084 462 5127 suo
477 5067 673 5145 precepisse,
695 5067 741 5127 uti
754 5086 804 5129 res
826 5077 944 5132 creatas
992 5070 1105 5144 tinum,
1129 5072 1186 5151 aut
1210 5068 1380 5130 Sabellium
1403 5070 1530 5150 pluerit.
1552 5092 1567 5128 a
1593 5072 1673 5149 Ergo
1701 5090 1759 5131 non

174 5162 368 5243 produceret,
385 5174 522 5236 eumque
531 5157 615 5235 qood
624 5157 747 5237 jussum
760 5165 826 5220 erat
835 5178 944 5222 cxecu·
992 5167 1177 5241 exequatur,
1190 5177 1241 5219 uec
1260 5168 1449 5242 comparatur
1462 5166 1495 5223 iu
1506 5180 1538 5222 eo
1551 5162 1644 5222 Patri
1650 5207 1658 5238 ,
1675 5162 1759 5240 quod

174 5259 245 5314 tum
269 5251 376 5313 inisse.
400 5251 446 5311 De
468 5247 582 5328 quibus
597 5250 763 5329 relegenda
775 5258 858 5329 sunt,
873 5271 944 5333 quae
992 5270 1057 5314 ase
1071 5254 1136 5332 ipso
1151 5257 1290 5326 nonest,
1313 5258 1348 5314 ut
1370 5257 1416 5313 est
1436 5254 1536 5314 Pater.
1561 5254 1625 5314 Hoc
1651 5259 1757 5313 autem

176 5472 395 5580 ,A'ff‘fflb
408 5440 1683 5589 t·appete-aterminare-smaranata,ra.-rap.„1,;⁷,-a„,„„,
1696 5470 1758 5516 „p

371 5565 379 5583 ο
391 5546 413 5582 θ.
424 5544 452 5585 II,
504 5565 511 5578 .
