4076 6180
327 380 386 442 636
813 382 1137 446 Tfleotoetceittttt
1158 382 1376 448 metitum

293 604 299 613 ,
325 545 874 630 hretnonpenitenti,nequeinviam
881 550 1096 630 Evangelieam
1145 551 1275 624 discant,
1288 557 1354 613 tam
1367 547 1721 613 communemomuibus
1733 546 1909 609 bominibus

326 643 476 718 pergenti,
493 642 524 702 id
536 642 619 721 qnod
633 643 666 702 in
682 641 797 704 Psalmo
820 645 1009 720 continetiam
1022 644 1096 719 Oura
1145 645 1185 706 ab
1198 643 1317 705 Christo
1331 645 1473 718 salntem,
1489 642 1631 705 arvitam
1654 646 1803 702 aeternam
1823 639 1909 700 abla-

328 730 444 792 utilitas
453 733 485 792 ia
493 739 635 814 sanquine
650 733 805 811 moadiae
829 734 966 797 descendo
986 737 1095 798 inrar—
1144 747 1210 799 tam
1223 736 1327 813 fuisse,
1342 754 1436 816 quam
1464 742 1511 797 est
1535 735 1660 796 illorum
1686 732 1910 794 communisnb

327 822 524 903 veniamne
542 826 716 905 Exprobrat
736 827 821 889 enim
835 829 986 907 superbis.
1003 835 1096 908 atque
1145 848 1182 890 ee
1195 836 1307 890 nntius
1321 835 1472 909 suscepta.

327 915 575 990 maledictis,cnr
589 918 666 980 uibil
680 920 714 980 in
728 927 921 981 sacramento
936 921 1097 1000 sanguinis
1185 921 1223 982 X.
1247 922 1507 1000 Hniegermanns
1520 920 1718 999 estejusdem
1742 917 1852 978 Hilarii
1864 917 1910 978 lo·

327 1008 386 1084 sui,
402 1014 494 1088 atque
508 1014 615 1072 mortis
629 1012 771 1073 utilitatis
784 1031 923 1074 suaeesso
937 1013 1095 1074 existima·
1146 1031 1201 1074 eus
1226 1014 1304 1075 alter
1331 1015 1364 1075 in
1392 1013 1527 1075 seeundo
1554 1012 1635 1073 libro
1669 1009 1704 1071 de
1742 1008 1911 1071 Triariae:
2019 1074 2020 1077 ,

327 1106 412 1175 runt,
425 1119 496 1163 eum
510 1103 561 1165 ille
573 1105 670 1165 nostri
686 1123 775 1166 sarisa
787 1110 818 1166 et
837 1109 939 1182 natus,
967 1108 998 1166 ct
1012 1120 1095 1167 mor·
1149 1107 1314 1167 «Humani
1329 1108 1414 1168 enim
1442 1106 1577 1186 generis,
1592 1104 1712 1183 inquit,
1740 1120 1832 1163 rausa
1858 1102 1911 1162 Dei

328 1200 399 1255 tuus
414 1195 463 1256 sit.
479 1217 494 1253 n
1144 1197 1226 1258 filins
1240 1203 1332 1260 natus
1355 1217 1394 1261 ex
1407 1198 1536 1277 Virgine
1548 1203 1606 1273 est,
1621 1203 1653 1257 et
1666 1195 1784 1275 Spiritu
1806 1199 1911 1255 saneto

370 1288 579 1367 Quisquamne
613 1292 663 1353 hie
695 1292 837 1353 haesitare
871 1296 981 1372 potest,
1020 1292 1097 1372 quin
1144 1290 1211 1370 ipso
1221 1292 1280 1352 sibi
1292 1292 1326 1353 in
1339 1292 1398 1353 hae
1412 1291 1592 1371 operatione
1612 1288 1795 1363 famulante,
1810 1291 1842 1347 et
1857 1304 1913 1346 scia

329 1379 482 1440 Hilarium
497 1381 662 1445 Gallicane
687 1384 781 1446 deeris
805 1383 940 1445 ecelesias
966 1384 1009 1444 ita
1030 1402 1097 1445 sen·
1145 1382 1288 1445 videlicet
1298 1385 1353 1445 Dei
1366 1383 1566 1445 inumbrante
1580 1381 1696 1442 uirtute
1710 1379 1848 1458 eorporis
1856 1377 1912 1438 sibi

329 1471 403 1532 sisse
415 1471 870 1550 fateatur,Christisanguiuem
880 1495 937 1555 pro
951 1477 1097 1537 omnibns
1146 1475 1233 1536 initia
1245 1477 1401 1551 consevit;
1417 1482 1448 1537 et
1462 1476 1589 1538 exordia
1608 1472 1709 1534 carnis
1722 1470 1867 1540 instituit,
1879 1475 1914 1529 ut

329 1562 508 1625 hominibus
521 1565 656 1631 effusum
670 1568 782 1643 luisse;
796 1588 831 1629 aa
846 1568 896 1629 rel
917 1569 977 1628 illis
990 1570 1095 1641 etiam,
1146 1567 1240 1629 bomo
1254 1569 1351 1630 laetus
1364 1588 1403 1629 ex
1416 1569 1543 1644 Virgine
1556 1570 1703 1626 naturam
1718 1563 1752 1624 iu
1766 1581 1799 1623 so
1813 1562 1912 1622 carnis

330 1654 385 1733 qui
397 1655 533 1718 fructum
547 1677 630 1721 exeo
646 1662 768 1722 nullum
792 1667 899 1740 suapte
914 1660 1003 1738 eulpa
1016 1661 1096 1722 lece·
1145 1660 1308 1739 acciperet,
1326 1678 1442 1741 perque
1456 1660 1550 1739 hujus
1570 1654 1770 1719 admixtionis
1785 1654 1910 1714 societa-

331 1747 430 1807 runt'?
441 1749 491 1810 Sia
503 1751 588 1812 enim
602 1753 695 1814 urbes
711 1754 772 1814 illae
787 1753 911 1815 Domini
934 1752 1097 1814 maledicto
1145 1757 1210 1812 tem
1225 1753 1450 1815 sanctificatum
1466 1754 1498 1812 in
1512 1769 1548 1812 eo
1571 1749 1708 1810 universi
1721 1746 1846 1826 generis
1854 1745 1911 1806 hu·

332 1856 495 1919 percussas,
511 1844 659 1915 utilitatis,
678 1865 773 1925 quam
786 1865 824 1908 en
837 1865 874 1908 eo
889 1865 998 1925 capere
1013 1852 1096 1925 pote·
1146 1843 1230 1904 mani
1254 1864 1366 1925 corpus
1388 1846 1532 1906 existeret
1555 1862 1563 1902 z
1588 1846 1625 1902 ut
1649 1837 1911 1919 quemadmodum

331 1940 412 2008 rant,
433 1940 540 2014 utpote
566 1937 677 1999 oblatae
706 1938 777 2013 sibi,
798 1937 939 2000 funditus
959 1946 1098 2017 expertes
1146 1954 1255 1997 emises
1268 1939 1302 1998 iu
1316 1956 1348 1998 se
1360 1957 1415 2017 por
1429 1938 1472 2006 id,
1498 1935 1581 2015 quod
1599 1949 1782 2012 corporeum
1800 1948 1835 1991 se
1850 1947 1913 1991 esse

331 2022 468 2088 fuerunt.
1147 2029 1254 2104 voluit,
1265 2030 1487 2105 conderentur,
1497 2029 1539 2089 ita
1549 2043 1674 2089 rursum
1684 2025 1718 2085 in
1730 2041 1839 2086 omnes
1850 2022 1914 2102 ipse

371 2118 426 2177 Est
436 2120 530 2181 etiam
544 2120 672 2183 illustris
683 2124 722 2184 ad
735 2125 815 2184 hano
826 2123 1008 2185 sententiam
1019 2124 1097 2202 ejus
1147 2121 1259 2198 perid,
1275 2123 1359 2202 qnod
1373 2123 1439 2201 ejus
1461 2127 1506 2181 est
1529 2118 1682 2180 invisibile
1700 2116 1880 2177 reiermtnr.
1896 2137 1911 2171 n

331 2208 402 2270 dem
417 2211 527 2273 Hilarii
535 2212 620 2275 loeus
632 2215 666 2275 in
679 2216 758 2277 libro
772 2218 874 2296 primo
886 2215 921 2277 de
937 2216 1094 2288 Triariam,
1147 2213 1297 2276 Praeclara
1321 2233 1406 2290 sane,
1424 2221 1531 2275 etnou
1555 2211 1660 2272 minus
1682 2209 1801 2270 erudita
1819 2208 1913 2282 ratio,

332 2320 424 2380 quem
435 2304 508 2365 alibi
518 2307 699 2368 retulimus²
709 2329 716 2369 ι
728 2309 919 2370 nbiJoannis
929 2308 1094 2381 illaverba,
1148 2307 1291 2383 quemad
1306 2307 1376 2383 hae,
1392 2307 1474 2386 qued
1495 2304 1654 2378 volumus,
1669 2303 1843 2383 plurimum
1853 2299 1914 2359 effi·

331 2392 600 2475 Bedr'tpoiestotem
619 2398 697 2475 filios
716 2399 774 2462 Dei
798 2400 877 2482 fiori,
894 2401 936 2461 sie
950 2401 1098 2479 interpre-
1148 2415 1214 2459 oax.
1237 2399 1397 2479 Siquidem
1416 2398 1471 2460 liei
1493 2398 1576 2459 filius
1600 2413 1698 2456 unam
1720 2392 1871 2471 aliquam,
1886 2397 1915 2452 et

331 2487 426 2562 tatru,
443 2493 478 2548 ut
493 2489 636 2551 omnibns
650 2491 809 2570 dignitatis
824 2493 916 2569 illins,
932 2512 968 2553 aa
981 2511 1098 2572 prmra·
1147 2491 1333 2565 singularem
1348 2497 1492 2552 naturam
1506 2488 1642 2551 hominis
1654 2487 1828 2566 adjungens
1844 2483 1912 2560 sibi,

331 2578 442 2655 gativae
457 2583 681 2661 consequendae
704 2585 824 2664 copiam
846 2586 967 2661 terserit,
988 2583 1022 2644 nl
1036 2585 1099 2645 sint
1147 2589 1248 2645 tatum
1263 2583 1785 2664 quodammodohumannmgeuus
1793 2577 1912 2638 assitit.

332 2668 388 2730 filii
411 2673 477 2750 Dei,
493 2692 527 2734 ac
550 2692 606 2754 per
629 2675 698 2736 illos
725 2682 794 2750 stet,
816 2697 878 2758 qua
901 2678 1006 2738 miuus
1029 2695 1098 2737 eam
1147 2676 1236 2750 Quod
1247 2695 1284 2738 eo
1297 2676 1402 2738 fecisse
1416 2676 1739 2755 aplerisquereterum
1748 2669 1915 2745 dieitur,ut

333 2762 561 2843 adipiscantur:
581 2768 681 2846 aquia
696 2769 852 2849 proposito
880 2769 1030 2830 unircrsis
1044 2769 1098 2830 liei
1147 2774 1243 2829 totam
1279 2769 1373 2830 veluti
1409 2786 1567 2843 massam,
1601 2771 1632 2828 et
1665 2761 1915 2841 conspersionem

334 2870 475 2932 minuere,
500 2876 564 2919 nou
587 2866 697 2921 nature
717 2862 911 2941 gignentium
940 2862 1096 2937 afferatur,
1147 2853 1914 2941 Adamiposterornmvitiopareniisinlectamsui,

334 2948 388 3008 sed
400 2948 543 3011 voluntas
570 2953 733 3031 premium
760 2965 977 3034 coisseqiratur.
991 2976 1003 3011 ι
1022 2953 1098 3014 Vide
1147 2973 1183 3015 ae
1195 2956 1244 3033 pri
1250 2956 1322 3016 ratis
1336 2957 1484 3034 arq'usqno
1496 2951 1626 3014 meotilis
1647 2953 1827 3029 corruptam
1841 2964 1914 3026 pur-

334 3057 405 3117 qure
427 3043 526 3122 capite
550 3043 603 3105 illo
617 3052 728 3123 quarta
754 3046 824 3107 libri
848 3048 922 3107 rioni
946 3047 985 3107 ad
1003 3047 1096 3106 istum
1147 3053 1245 3126 garet,
1259 3053 1411 3127 quantum
1425 3047 1458 3107 in
1478 3063 1510 3106 se
1532 3048 1615 3118 erat,
1631 3062 1667 3103 ae
1685 3040 1859 3103 deiseearet.
1875 3039 1916 3099 De

332 3129 437 3194 laeum
461 3136 590 3197 ioannis
617 3138 835 3200 adnotavimus
864 3159 871 3199 ι
902 3139 981 3200 Hine
1015 3137 1099 3200 enim
1148 3140 1375 3219 qnovidequm
1395 3138 1429 3199 in
1453 3136 1589 3198 seeiinda
1606 3134 1685 3196 libro
1698 3132 1791 3211 hujus
1815 3130 1916 3210 operis

333 3226 492 3304 perspicue
515 3235 646 3306 coristnt,
662 3249 724 3307 ces,
750 3233 804 3311 qni
818 3233 857 3292 ab
881 3232 938 3293 liae
952 3232 1100 3294 excidunt
1148 3231 1307 3296 diximus.
1323 3232 1422 3310 Igitur
1436 3230 1548 3293 Christi
1563 3225 1782 3307 redemptioad
1795 3241 1913 3303 omues,

336 3315 470 3381 [iliorum
480 3321 534 3382 Dei
545 3322 762 3402 amplitudine,
777 3325 863 3388 illam
877 3325 936 3388 sibi
949 3324 1096 3399 oblatam,
1148 3331 1299 3404 qnantum
1321 3325 1389 3387 fieri
1416 3321 1529 3404 potuit,
1553 3320 1708 3402 pertinere
1730 3317 1823 3380 debet
1846 3335 1854 3375 :
1882 3320 1915 3375 ut

334 3407 548 3493 ingestamque
561 3416 751 3495 repudiasse.
1149 3419 1414 3499 quemadmodum
1426 3417 1566 3476 hnmana
1579 3420 1692 3474 natma
1705 3411 1749 3472 ita
1770 3426 1913 3471 eommu-

375 3503 460 3576 Qnod
493 3507 619 3587 insuper
644 3508 679 3568 in
702 3510 923 3571 commentario
951 3510 991 3573 od
1014 3511 1100 3574 Psal·
1149 3512 1198 3572 nis
1213 3516 1258 3571 est
1278 3529 1350 3571 eum
1372 3508 1529 3582 amnibus,
1544 3512 1576 3568 et
1597 3501 1915 3580 singulishominibus

334 3614 414 3656 mam
428 3614 454 3658 u
468 3600 624 3662 uberrime
636 3601 720 3662 idem
740 3602 874 3664 Hilarius
888 3604 1043 3684 explanat,
1059 3606 1099 3668 ad
1149 3603 1182 3665 in
1194 3604 1325 3677 Christo,
1339 3602 1386 3663 uti
1400 3599 1543 3663 nemonb
1557 3595 1712 3661 consortio
1724 3594 1916 3674 illiusexpri

333 3687 386 3750 illa
399 3690 504 3768 verba,
519 3692 682 3774 Propterea
696 3693 943 3758 Drasdesirrettr
956 3697 988 3758 ιἰι
996 3697 1096 3778 finem,
1149 3703 1254 3759 matur
1270 3717 1278 3756 ι
1295 3695 1338 3756 sie
1358 3694 1504 3755 divinitas
1517 3693 1595 3772 ipsa,
1620 3694 1652 3751 et
1665 3707 1704 3751 ex
1725 3706 1763 3749 en
1780 3686 1915 3748 derivata

334 3780 483 3858 ocellatis,
496 3792 525 3845 rt
540 3787 700 3866 smr'pralrit
721 3794 748 3848 tc
760 3785 796 3848 de
810 3788 998 3850 tabmaacalo
1012 3799 1062 3851 tao
1074 3790 1097 3853 ³.
1149 3790 1292 3851 sanctitas
1307 3805 1377 3849 oiim
1392 3786 1537 3848 omnibus
1549 3782 1796 3847 communiretur
1807 3794 1914 3858 eoquo

336 3875 412 3943 Quae
427 3876 551 3956 quidem
564 3878 604 3938 ad
618 3879 810 3942 vocationem
822 3880 961 3943 fidelium
976 3876 1098 3945 areom-
1151 3880 1374 3944 communicari
1396 3878 1496 3939 noluit
1516 3896 1552 3938 ae
1577 3874 1686 3937 debuit
1704 3872 1799 3935 modo
1815 3890 1823 3933 τ
1838 3870 1914 3949 ejas-

334 3968 449 4045 modat,
466 3987 527 4049 qna
540 3971 603 4033 vita
616 3972 653 4033 iis
667 3978 783 4035 aeterna
802 3980 1053 4054 repraesentatur,
1070 3985 1101 4038 et
1150 3974 1236 4037 modi
1260 3975 1420 4039 nimirum,
1441 3976 1477 4031 nt
1504 3988 1560 4050 pro
1585 3973 1668 4030 certo
1696 3965 1858 4044 eiijusque,
1882 3978 1915 4023 aa

333 4060 415 4122 salus
430 4081 437 4123 ι
453 4080 472 4123 a
489 4081 550 4142 qna
572 4064 730 4127 voluntate
750 4084 816 4138 sna,
843 4067 994 4147 culpaque
1017 4069 1098 4130 daei·
1150 4066 1260 4143 libero,
1274 4066 1356 4127 utin
1374 4063 1501 4138 adultis,
1522 4060 1651 4123 arbitrio
1672 4057 1840 4119 voluntatis
1861 4073 1914 4116 ex·

333 4151 422 4216 dunt.
442 4176 457 4213 a
472 4155 529 4229 Qui
551 4157 636 4219 enim
660 4175 724 4218 non
750 4159 896 4236 manebit,
918 4161 1052 4238 inquit·,
1066 4162 1100 4223 in
1150 4166 1248 4240 cepta,
1264 4157 1450 4221 maneretis
1463 4156 1805 4229 unirersos,etexsese
1819 4148 1914 4211 nemi·

336 4244 467 4320 Christe,
485 4248 573 4324 regni
595 4250 711 4311 Christi
740 4250 841 4313 incola
858 4270 923 4313 non
946 4253 1015 4314 erit.
1031 4254 1101 4315 Nou
1150 4271 1223 4315 nem
1251 4252 1459 4314 excluderet:
1489 4266 1555 4309 non
1584 4252 1690 4308 tamea
1716 4244 1837 4316 invitis,
1864 4246 1915 4304 aut

335 4338 521 4413 esitantem,
534 4343 691 4421 nonquod
704 4342 762 4405 sibi
784 4362 848 4405 non
869 4345 1002 4424 patuerit
1016 4347 1100 4407 inco·
1150 4345 1330 4408 necessitate
1355 4341 1549 4423 compulsis:
1578 4339 1632 4401 sed
1656 4356 1716 4419 ope
1738 4337 1867 4413 grana,
1886 4337 1916 4395 et

334 4429 416 4494 latus
429 4431 590 4514 (universis
604 4435 688 4496 enim
712 4439 809 4515 patet,
826 4442 861 4498 nt
873 4444 1028 4499 consortes
1041 4439 1103 4500 sint
1151 4438 1313 4501 efficientia
1326 4436 1462 4511 mittatis,
1478 4440 1509 4496 et
1518 4431 1696 4494 volentibus
1703 4429 1876 4495 obveniret.

336 4526 475 4605 eorporis
488 4527 553 4598 Dei,
571 4535 662 4607 atquc
676 4529 780 4604 rogni3
797 4531 870 4609 qnia
883 4530 1020 4591 Verbum
1030 4548 1102 4595 earo
1192 4530 1331 4611 Denique
1346 4529 1379 4590 iu
1393 4527 1474 4590 colae
1486 4524 1558 4587 libri
1572 4523 1711 4604 ejusdem
1729 4518 1915 4596 sseiinmin

335 4614 452 4679 laetum
479 4624 534 4696 est,
558 4625 589 4680 et
612 4620 762 4681 habitavit
782 4621 815 4684 in
838 4621 940 4696 uobis,
957 4630 1101 4686 naturam
1152 4622 1258 4686 scribit
1285 4621 1431 4697 Hilarius,
1461 4619 1610 4681 «Munus
1634 4622 1751 4684 autem.
1780 4611 1913 4694 quadiu

337 4708 450 4773 scilieet
462 4710 639 4774 iusetotius
650 4713 779 4775 bomani
799 4715 921 4794 generis
930 4712 1099 4797 amumens)
1153 4715 1272 4778 Christo
1296 4721 1353 4790 ast,
1368 4730 1462 4775 omne
1482 4710 1627 4773 omnibus
1646 4712 1731 4790 patet
1749 4723 1851 4769 riuum
1864 4724 1871 4766 :
1885 4707 1914 4765 et

338 4801 392 4865 sed
405 4806 617 4885 unusquisque
630 4823 688 4885 pro
701 4806 853 4868 meritust
863 4808 1057 4871 evellendum
1070 4826 1102 4871 se
1152 4808 1236 4890 quod
1250 4806 1365 4887 ubique
1380 4823 1446 4868 non
1466 4804 1562 4877 deest,
1574 4801 1733 4863 intantum
1754 4799 1855 4875 datur,
1867 4797 1912 4857 in·

338 4893 596 4966 databernaeulo,
612 4903 644 4960 et
665 4899 883 4963 eradicandam
903 4901 941 4962 de
967 4908 1048 4964 terra
1060 4900 1104 4965 vi·
1152 4906 1307 4983 quantum
1319 4898 1390 4979 quis
1404 4896 1486 4961 volet
1507 4913 1631 4959 sumere
1648 4915 1655 4959 ι
1671 4893 1832 4956 intantum
1844 4888 1911 4953 nisi·

338 4987 480 5051 rentium
507 4990 645 5070 prabet,
672 5009 736 5053 non
760 4992 935 5072 prohibitus
964 5012 1103 5074 unquam
1153 4995 1216 5069 det,
1231 4993 1418 5073 inquantum
1426 4990 1496 5071 quis
1508 4988 1592 5051 rotet
1605 4986 1817 5068 promereri.»

338 5077 449 5158 inesse,
465 5082 518 5161 qui
532 5098 587 5162 per
603 5088 723 5148 naturas
747 5087 989 5166 assumptionem
1001 5087 1103 5152 incola
1193 5088 1248 5152 Xl.
1273 5085 1390 5149 Hilario
1407 5083 1549 5147 suecedet
1569 5080 1763 5152 Ambrosius,
1787 5077 1841 5162 qni
1860 5090 1911 5137 nee
2008 5102 2013 5109 ·

339 5171 379 5235 sit
397 5179 547 5256 receptus.
574 5174 635 5239 Sed
662 5177 834 5240 eradicatur
857 5178 897 5239 ob
918 5179 1105 5244 infidelitatis
1154 5180 1220 5262 ipsa
1247 5177 1465 5261 pertiruetiorie
1492 5180 1586 5238 tanta
1612 5175 1658 5237 rei
1692 5178 1910 5238 mercamentum

340 5264 468 5344 crimen,
484 5272 603 5331 natura
616 5270 768 5333 consortio
780 5270 926 5350 indignus
940 5271 1110 5335 existence
1155 5271 1256 5354 attigit
1271 5290 1278 5335 ι
1293 5271 1346 5335 sed
1361 5270 1485 5346 crebris,
1499 5268 1661 5352 plenisque
1684 5264 1842 5330 sententiis
1856 5261 1909 5325 ss

339 5356 615 5440 Eriguentnthaec
626 5361 699 5424 nori
714 5362 918 5445 dogmatistae,
928 5369 959 5428 et
968 5364 1105 5429 indidem
1156 5364 1327 5447 quentavit.
1338 5364 1386 5428 lix
1395 5364 1433 5427 iis
1446 5360 1612 5427 nonnullas
1623 5354 1909 5424 messenium

368 5563 379 5607 t
394 5562 430 5611 Po.
443 5574 502 5611 ιιιιι,
514 5585 537 5601 -
553 5564 568 5610 2
582 5567 654 5624 sirprn
665 5565 703 5614 lib.
713 5567 749 5621 tx,
758 5579 810 5626 rnp.
820 5580 851 5622 ir,
865 5578 951 5627 paragr.
963 5569 1095 5619 its-81²0.
1106 5582 1137 5626 ιι,
1146 5573 1223 5623 rent,
1235 5592 1261 5608 -
1272 5570 1286 5617 l
1299 5570 1368 5617 iiiisr.
1378 5572 1404 5617 ia
1413 5570 1451 5618 Po.
1459 5580 1498 5615 ιιι,
1509 5589 1535 5605 ··
1548 5565 1623 5623 tcm-
1632 5575 1682 5621 ¹¹¹¹,
1690 5564 1760 5623 ΡΜ
1772 5571 1793 5609 ⁸⁸
1801 5570 1847 5618 Ν·
