3932 6142
500 220 551 282 DE
570 210 877 289 INGARNATlONE,
897 210 970 272 LlB.
992 209 1074 286 vlu,
1097 210 1184 273 CAP.
1208 211 1244 272 u.
1606 204 1664 269 101

93 392 273 453 &aarum
286 385 648 463 untmmouiessepotest
656 382 747 443 actio
758 377 848 451 Quod
900 375 960 435 hoc
985 375 1089 435 anima
1101 374 1181 452 ltacit
1205 391 1212 433 ε
1233 372 1265 434 id
1279 390 1353 435 sane
1373 373 1412 433 ds
1429 371 1667 454 supposituram

93 483 210 564 quidem
222 480 343 561 sepius,
360 484 391 539 et
412 482 553 538 accurate
574 477 681 535 Patres
695 470 850 532 inculcare
900 468 1086 547 proprieque
1113 467 1230 527 dictum
1249 464 1442 542 intelligitur,
1459 465 1493 525 in
1514 470 1667 544 qnantum

94 576 195 651 solent,
209 575 355 635 adversus
368 572 462 632 unius
475 576 607 640 naturae,
628 572 660 627 et
672 563 803 627 actionis
816 562 850 621 in
900 577 973 621 cum
985 568 1074 638 parte
1088 558 1137 618 sni
1147 558 1260 637 aliqua,
1271 558 1322 619 vel
1332 556 1476 618 facultate
1483 557 1640 618 confertur
1657 573 1665 617 ε

96 669 206 729 cursu
217 665 392 728 defensores
402 662 564 724 hereticos
580 680 587 721 :
603 665 639 720 nt
650 659 685 719 iu
698 655 851 736 sequenti·
900 668 970 730 quae
983 650 1069 711 velrrt
1082 651 1325 711 instrumentum
1337 654 1396 725 est,
1411 654 1443 710 et
1455 648 1566 728 agendi
1580 649 1667 729 prin·

96 760 148 821 bos
171 756 392 839 questionibus
418 755 541 835 plenius
567 749 782 831 explicabitur.
809 747 850 808 tc
900 742 1031 821 cipium3
1046 749 1174 827 propter
1193 742 1278 821 quod
1297 742 1341 818 vi,
1358 746 1390 802 et
1410 740 1579 801 eminentia
1599 742 1667 801 uir-

96 854 198 934 passim
211 850 288 912 illud
301 854 457 930 repetunt,
481 853 598 927 ἰνιργιιας
612 860 678 905 esse
690 848 802 923 φυσικὰς
818 838 850 899 id
900 834 983 894 tutis·
995 834 1140 895 effectum
1160 834 1194 894 in
1212 853 1289 907 sese,
1306 839 1457 913 tanquam
1474 850 1577 909 causa,
1591 850 1667 895 con·

9 953 78 1001 nd·-
96 955 136 1007 est
146 942 302 1018 mturalcs,
312 960 379 1003 non
389 939 693 1011 amoenorum
704 934 852 1014 ahhypo·
899 927 999 987 tinere
1010 927 1132 987 dicitur.
1149 929 1191 987 At
1203 944 1277 987 vero
1290 926 1382 1005 louge
1401 931 1447 986 est
1464 925 1562 987 altera
1574 926 1666 1003 ratio,

96 1036 397 1099 stasimodiiicentur.
900 1019 1025 1099 quando
1042 1024 1155 1079 natura
1167 1023 1232 1079 tota
1245 1036 1316 1079 oum
1330 1017 1515 1079 subsistendi
1529 1018 1668 1098 proprie·

129 1130 217 1209 Cujus
230 1129 306 1190 dieti
319 1128 383 1187 vim
398 1124 534 1186 uberiori
548 1121 748 1203 postmodum
760 1136 851 1179 enar·
900 1116 963 1172 tate
977 1117 1194 1192 comparatum
1209 1111 1273 1172 sive
1287 1116 1399 1172 natura
1411 1111 1446 1171 in
1463 1126 1496 1171 se
1519 1117 1667 1191 spectata,

95 1225 218 1295 ratione3
229 1226 298 1282 tum
311 1213 849 1297 exemplispluribustllustrahimus.
901 1222 974 1265 oum
988 1211 1101 1266 nutura
1109 1204 1302 1266 subsistente.
1322 1204 1479 1284 Siquidem
1493 1210 1603 1264 natura
1615 1223 1671 1285 per

96 1316 247 1376 ttnncunn
258 1310 521 1374 contenderimus
531 1309 710 1369 auctorum
723 1303 853 1366 Maximi
901 1314 944 1369 se,
961 1302 992 1357 st
1005 1296 1045 1359 ab
1060 1296 1209 1358 existendi
1223 1296 1317 1358 modo
1331 1295 1517 1372 cogitatione
1530 1296 1670 1377 praecisa,

96 1405 247 1484 mauyris,
264 1405 369 1484 grauis
390 1409 422 1464 et
443 1401 556 1463 eruditi
576 1398 736 1476 theologi:
752 1394 853 1476 quiid
902 1407 1003 1468 neque
1016 1408 1087 1468 pars
1108 1395 1154 1452 est
1177 1406 1248 1451 cum
1269 1395 1334 1450 toto
1354 1394 1531 1468 comparata
1547 1408 1555 1449 ε
1571 1407 1672 1469 neque

16 1550 23 1563 .
97 1514 177 1559 omns
190 1497 277 1578 quod
290 1495 433 1558 natinale
455 1501 511 1563 cst,
529 1490 797 1574 primariorelerri
810 1488 854 1549 ait
903 1482 989 1542 modi
1003 1481 1098 1553 illius,
1121 1498 1183 1561 quo
1206 1480 1353 1553 subsistit,
1369 1486 1424 1541 aut
1445 1479 1559 1541 suimet
1578 1480 1672 1543 modo

96 1608 152 1652 nnn
168 1590 208 1651 sd
233 1589 444 1661 individuum,
464 1586 517 1648 sed
541 1586 581 1646 ad
609 1584 676 1662 ejus
694 1588 851 1643 naturam.
904 1572 961 1634 isto
975 1574 1125 1652 praeditae,
1141 1573 1321 1652 affeotaeque
1335 1571 1478 1649 facultas,
1493 1572 1543 1633 vel
1557 1573 1672 1633 instru-

96 1682 310 1743 Soleatautem
324 1680 521 1742 individuum
536 1675 657 1756 antiqui
675 1677 780 1736 Patres
796 1691 853 1754 pro
903 1671 1057 1726 mentum.
1080 1666 1169 1727 Unde
1196 1665 1394 1745 perspicuum
1419 1671 1465 1725 est
1487 1664 1612 1726 nullum
1634 1682 1673 1727 ex

96 1773 252 1854 hypostasi,
267 1772 319 1835 vet
333 1772 491 1852 supposito
505 1784 646 1842 sumere3
663 1773 699 1829 ut
711 1767 786 1828 altas
797 1766 853 1827 ob·
903 1756 960 1818 illo
977 1758 1146 1820 Aristotelis
1160 1757 1228 1818 loeo
1242 1756 1458 1837 praejudicinm
1476 1755 1545 1819 fieri
1566 1763 1674 1818 contra

96 1867 284 1928 munimus.
296 1867 379 1926 cum
393 1864 488 1944 igitur
501 1862 724 1925 Monotheletas
737 1860 856 1921 retolle-
903 1867 1071 1913 commune
1099 1849 1178 1910 illud
1199 1855 1341 1910 veterum
1364 1850 1492 1910 Petrum
1514 1849 1673 1910 decmtum

95 1963 145 2034 ret,
154 1959 205 2038 qai
218 1975 319 2019 unam
329 1974 394 2019 csse
407 1953 520 2017 Christi
532 1961 652 2035 Μργιιον
665 1953 851 2028 asserebant
904 1943 1051 2004 adversm
1065 1940 1291 2015 Mouctltelstos,
1314 1941 1366 2002 rel
1381 1941 1600 2022 Moneueryetcs
1624 1940 1674 2023 (ut
1703 1964 1707 1971 ⁴

101 2050 221 2111 «mirari
243 2067 290 2125 se,
311 2049 367 2122 ait,
394 2048 450 2128 qui
472 2047 598 2108 tandem
621 2047 746 2107 unicam
768 2046 854 2106 illam
904 2052 998 2109 novo,
1020 2035 1074 2096 sed
1099 2040 1173 2114 apto
1191 2033 1341 2095 vocabulo
1361 2033 1406 2094 sic
1422 2051 1475 2094 eos
1500 2033 1672 2112 designem,

95 2144 298 2220 mastonem
312 2142 519 2216 constitutum
529 2138 731 2219 idquefaoere
744 2156 856 2218 sepro-
905 2128 958 2207 qui
971 2126 1096 2188 unicam
1122 2131 1157 2187 ut
1174 2126 1379 2198 voluntatem,
1397 2126 1440 2185 sio
1461 2127 1674 2205 operationem

97 2232 432 2314 fitcantar,respectum
443 2230 854 2306 habentessdindividuom‚
906 2219 1027 2280 Christo
1036 2216 1224 2300 tribuebant)
1233 2236 1306 2280 cum
1314 2218 1675 2298 affirmant,operationes

98 2331 124 2385 et
145 2327 182 2388 sd
205 2327 267 2389 hoc
293 2326 494 2388 Νόθιππον.
517 2345 530 2383 ο
551 2325 633 2399 Quos
656 2342 694 2385 es
719 2324 855 2402 primum
905 2317 1027 2374 naturas
1042 2329 1107 2372 esse
1121 2311 1237 2391 potius,
1254 2327 1349 2388 quam
1363 2310 1525 2390 suppositi.
1543 2311 1604 2373 Sed
1615 2312 1675 2374 hcc

99 2420 204 2482 udone
223 2420 388 2494 confotu,
406 2417 520 2497 «quod
543 2416 622 2478 nihil
645 2431 764 2488 eorum,
784 2432 856 2494 quae
905 2403 1037 2481 melius,
1063 2408 1094 2465 et
1121 2403 1314 2465 commodius
1337 2420 1377 2463 ex
1403 2403 1544 2481 sequenti
1569 2410 1676 2466 eontra

98 2512 238 2573 naturalia
252 2518 345 2588 sunt,
369 2509 580 2590 principaliter
594 2508 634 2569 ad
647 2505 854 2579 individuum,
906 2496 1069 2558 hereticos
1077 2496 1145 2557 illos
1158 2495 1366 2576 disputatione
1379 2496 1528 2575 capietur.

98 2605 459 2683 sadadhujusnatnram,
472 2600 672 2663 etessentiam
685 2600 852 2662 retertur.»
945 2589 1000 2651 Vl.
1038 2589 1170 2650 Interim
1204 2606 1270 2649 non
1307 2593 1355 2649 est
1389 2587 1675 2668 praetermittendus

99 2696 166 2770 Quid
185 2704 229 2758 eet
241 2702 351 2757 antem
366 2695 412 2755 rei
426 2694 561 2773 cuiptem
582 2691 723 2755 naturale
745 2693 854 2771 magis,
906 2680 1060 2742 Theodori
1073 2681 1222 2742 hhuearre
1234 2679 1321 2742 locus
1339 2679 1466 2758 qnidam
1480 2681 1520 2740 ad
1538 2681 1676 2761 proposi·

100 2807 182 2867 quam
194 2789 326 2869 quodin
340 2787 406 2866 ejus
418 2786 598 2848 definitione
612 2786 757 2865 ponitur3
772 2784 855 2864 quod
905 2780 971 2835 tam
998 2773 1192 2854 questionem
1218 2772 1354 2833 multum
1372 2772 1555 2851 pertinens¹.
1584 2775 1677 2835 Donet

100 2886 140 2941 est
148 2887 275 2956 οόσιῶσες,
284 2880 316 2942 id
328 2887 374 2942 est
382 2879 614 2954 substantiarum,
625 2878 708 2957 quod
717 2878 857 2939 essentiae
905 2865 958 2928 ille
968 2867 1119 2948 primum,
1128 2865 1320 2945 hypostasim
1332 2864 1466 2925 diversas
1481 2865 1676 2943 operationes

100 2973 212 3051 propria
223 2978 303 3034 ncta
324 2978 385 3044 est,
401 2976 432 3032 et
451 2971 623 3045 oberosten
639 2970 746 3049 quoin
758 2970 858 3049 seipsa
907 2976 1061 3036 exercere,
1077 2976 1149 3019 cum
1166 2958 1409 3036 unaeademque
1423 2962 1567 3036 maneat,·
1580 2957 1677 3020 veluti

100 3070 213 3138 namt,
242 3071 278 3126 et
304 3062 513 3138 constituitur,
548 3067 641 3141 atqtm
674 3063 714 3122 ab
741 3062 859 3123 certeris
906 3050 1037 3125 Paulus,
1053 3051 1161 3112 eadem
1174 3066 1248 3112 urm
1261 3049 1452 3129 sitpersona,
1468 3048 1573 3128 sensit,
1588 3051 1677 3114 intel·

10 3160 83 3206 Μ
100 3157 210 3233 generis
222 3156 377 3236 ejusdem,
397 3162 547 3234 tanquam
561 3161 674 3216 uosmet
687 3153 859 3214 differentia
907 3143 987 3223 tigit,
997 3142 1136 3222 loquitur
1153 3160 1161 3202 t
1178 3148 1208 3203 et
1221 3142 1398 3202 aliaomnia
1411 3160 1568 3221 persuum
1581 3145 1678 3224 quod·

100 3255 247 3327 separatur
264 3266 324 3309 :ac
336 3248 403 3308 sine
419 3266 482 3326 quo
497 3253 610 3307 natura
626 3247 694 3326 ipsa
706 3246 857 3325 dignosci,
908 3253 970 3316 que
993 3252 1149 3313 organum
1169 3234 1291 3311 singula
1306 3234 1392 3295 tacit.
1420 3234 1534 3295 Deinde
1557 3237 1676 3314 asserit,

100 3328 238 3391 imovero
252 3328 482 3400 conserentes
494 3328 659 3389 cousbtere
667 3327 755 3388 ouillo
765 3327 857 3387 modo
912 3327 1120 3407 «quamlibet
1159 3326 1424 3407 hypostaticarum
1460 3329 1677 3406 operationum

101 3421 211 3499 potest?
224 3420 322 3500 Atqui
342 3420 449 3481 omnia
467 3421 527 3480 ista
547 3426 619 3480 sunt
639 3426 759 3500 ἐναργείας
778 3419 860 3479 illius
908 3419 1023 3481 habere
1035 3419 1210 3480 naturalem
1223 3418 1258 3479 in
1271 3418 1430 3497 hypostasi
1439 3418 1514 3494 vim,
1530 3428 1678 3500 tanquam

101 3515 226 3592 propris,
242 3513 283 3574 de
296 3530 359 3591 qua
372 3519 479 3573 utrum
491 3511 583 3572 unica
596 3517 675 3572 esset
692 3530 732 3572 an
753 3511 858 3571 multi·
908 3512 1072 3574 materiam
1085 3510 1207 3573 effectui
1220 3510 1400 3589 subjectam,
1418 3527 1511 3589 ιγνοιιι
1525 3510 1678 3592 hyposta-

101 3603 164 3684 plsx
175 3608 207 3666 in
224 3603 364 3676 Christo,
379 3610 540 3682 tantopere
558 3604 640 3665 inter
660 3622 693 3665 se
711 3603 861 3665 Catholici
908 3604 950 3666 sis
962 3604 1053 3665 efficit
1068 3622 1076 3664 t
1092 3608 1180 3664 otest
1193 3601 1320 3664 effectus
1333 3601 1506 3681 hypostasis
1519 3608 1674 3684 proprius.

102 3695 288 3778 haereticique
307 3701 477 3770 summunt,
493 3701 530 3757 nt
542 3714 580 3758 ex
597 3697 746 3777 superiori
762 3697 862 3776 capite
910 3696 1178 3771 Quemadmodum
1201 3694 1324 3768 Paulus,
1343 3694 1399 3773 qui
1417 3700 1464 3755 est
1487 3696 1676 3777 hypostasis,

102 3796 220 3851 modat.
253 3788 466 3863 Quamobrem
496 3806 536 3851 ex
561 3795 702 3850 veterum
736 3789 861 3849 illorum
909 3790 976 3851 vim
989 3787 1313 3850 etlacultatemhabet
1328 3789 1473 3849 exanimi
1490 3790 1538 3850 sui
1551 3796 1679 3852 senten-

103 3882 530 3962 sensuliqact,operationem
543 3882 642 3961 magis
654 3881 861 3957 adnauuum,
910 3881 954 3943 tia
966 3880 1127 3961 loquendi,
1147 3879 1321 3959 cujusmodi
1339 3881 1418 3942 inest
1443 3882 1599 3945 omuibus.
1621 3882 1681 3945 Vc·

104 3978 135 4033 at
143 3975 175 4034 iu
187 3992 220 4041 se
233 3979 283 4035 est
295 3972 415 4047 reterri,
427 3993 522 4053 quam
531 3974 571 4035 ad
581 3973 777 4048 eamdem,ut
788 3973 861 4034 sub·
910 3992 983 4035 rum
992 3990 1150 4035 sermones
1159 3972 1228 4052 ipsi,
1240 3990 1318 4052 quos
1327 3973 1440 4034 Paulus
1450 3972 1599 4053 loquitur,
1616 3992 1680 4055 quo

103 4063 182 4135 sistit,
193 4069 225 4125 et
238 4061 436 4140 hypostatica
453 4064 640 4144 proprietate
659 4062 841 4142 completur.
910 4067 938 4127 is
946 4071 1088 4146 tempore
1101 4064 1250 4145 loquitur,
1265 4065 1349 4126 iltius
1362 4070 1435 4126 sunt
1444 4066 1616 4147 propriu.»

11 4156 77 4204 Ν·
136 4156 173 4217 V.
187 4155 277 4230 Quod
290 4158 397 4215 antem
410 4156 628 4218 eshristotelis
641 4154 740 4234 capite
753 4160 863 4234 quarto
952 4158 1102 4220 Prreclars
1121 4157 1172 4218 hio
1194 4157 1369 4218 naturalem
1391 4157 1569 4220 facultatem
1589 4164 1681 4221 uocat

12 4213 86 4310 1¹:⁸⁸2*
102 4245 165 4309 libri
177 4247 268 4328 primi
278 4248 430 4310 deAut'mo
443 4246 739 4329 supramemoravi,
752 4263 863 4326 exquo
912 4256 986 4327 ὅλην,
1007 4248 1040 4311 id
1050 4257 1091 4311 est
1106 4249 1262 4310 materiam
1276 4249 1389 4326 effecti,
1409 4250 1491 4330 quod
1505 4250 1681 4330 hypostasis

12 4326 78 4371 Μ’·
104 4340 217 4419 probari
231 4343 496 4423 possevidoretnr,
506 4340 630 4403 σιτίοισι
639 4356 697 4400 csse
704 4340 865 4418 supposito·
912 4347 1060 4419 operatur
1076 4361 1084 4402 :
1100 4342 1188 4421 quasi
1208 4341 1337 4415 fontem,
1363 4348 1395 4403 et
1418 4343 1677 4423 promptuarium,

104 4431 865 4511 rass3ubinimtrumsicsoribitnontamanimam
914 4433 1116 4512 undcageudi
1129 4432 1680 4514 perennissuppeditaturoopia3tnm

104 4523 866 4609 am,quocogiutaututseit,quamh0minemqut
913 4525 1105 4606 hypostasim
1132 4543 1198 4586 esse
1219 4526 1267 4603 id,
1287 4527 1372 4605 quod
1394 4542 1551 4606 operatur,
1571 4534 1603 4590 et
1629 4526 1680 4588 cul

133 4718 154 4760 s
170 4705 272 4762 Mum.
286 4703 361 4776 apud
377 4704 460 4761 Enth.
479 4709 552 4761 Pau.
578 4702 619 4758 tit.
640 4703 738 4760 XVlll.
756 4700 861 4756 Ἔπιισι
910 4708 983 4757 τιτῶν
1003 4702 1128 4776 ἐνεργειῶν
1144 4703 1195 4777 ἔχει
1210 4704 1310 4775 φυσικὴν
1328 4703 1353 4757 ἔν
1367 4708 1398 4777 τῇ
1411 4703 1544 4761 ὑποστάσει
1565 4709 1679 4784 dirupit,

103 4786 323 4862 ὑόροιόωομόζιιν
342 4787 384 4841 καλ
402 4787 459 4859 περὶ
478 4784 607 4859 ἔνιργιίας,
625 4791 680 4848 πῶς
701 4784 758 4858 μίαν
772 4786 861 4855 ταύτην
909 4786 969 4855 ὑλην
996 4786 1156 4860 ὑποκιιρόνην
1181 4792 1217 4859 τῷ
1240 4785 1396 4861 ἐναργήμασι,
1424 4790 1484 4862 όπιρ
1505 4790 1522 4859 ἡ
1548 4792 1681 4860 ὑπόστασις

103 4864 137 4921 tu
151 4870 257 4944 Χριστοῦ
270 4872 458 4944 ὃογματιζσοσι,
476 4872 507 4942 τῇ
520 4869 580 4941 πρός
596 4870 626 4923 τό
647 4868 740 4942 leopos
755 4869 863 4924 ἇποσιιο·
911 4868 1011 4943 όνιργιῖ.
1025 4871 1067 4924 καλ
1079 4869 1132 4925 όστι
1145 4870 1175 4924 sb
1192 4869 1363 4944 ἔνιργοόρτνσν
1381 4869 1446 4926 ἴδιον
1459 4879 1503 4942 τῆς
1522 4874 1681 4942 ὑποστάσιος

102 4955 175 5020 πόσει,
188 4956 230 5007 sal
245 4954 364 5027 ἀναφορᾷ·
380 4953 422 5007 κοιλ
429 4953 472 5006 ἵνα
485 4958 558 5025 παρῶ
568 4952 659 5024 λόγοιν,
674 4954 712 5006 ότι
727 4953 801 5025 ρηδόν
811 4958 862 5007 τῶν
911 4954 939 5007 ὃν
953 4955 1043 5026 τρόπον
1057 4954 1155 5015 Παῦλος
1170 4951 1303 5016 ὑπόστασις
1315 4957 1351 5008 ὢν
1365 4955 1465 5029 όόνσριν
1484 4956 1537 5031 lysa
1550 4964 1581 5033 τῇ
1595 4958 1696 5016 όιιοτοα

103 5043 203 5105 φοιτῶν
216 5037 251 5101 εἰς
263 5038 356 5108 ἄτομον
371 5036 569 5109 προηγουμένως,
585 5032 644 5089 ἀλλ’
667 5034 701 5098 εἰς
715 5036 760 5103 τὴν
775 5034 863 5090 τούτου
911 5038 999 5109 γνώμῃ
1012 5037 1107 5103 loisis,
1123 5038 1157 5099 ὥς
1171 5036 1272 5111 lycasto
1285 5038 1309 5092 ot
1318 5040 1546 5113 πάνιιςᾶνόροιποι,
1561 5042 1584 5096 ol
1598 5045 1682 5116 μόντοι

104 5116 166 5187 yios
179 5138 217 5185 τι,
230 5120 273 5173 sat
286 5119 370 5174 οὑσόαν
384 5119 438 5192 όχιι
449 5119 494 5186 τὴν
504 5117 639 5191 ἀναφορὰν.
911 5120 994 5191 λόγοι,
1008 5120 1050 5182 ote
1063 5115 1162 5184 Παῦλος
1176 5121 1259 5188 λαλεῖ,
1273 5121 1327 5175 καθ’
1341 5125 1370 5177 όν
1381 5124 1510 5196 calypso
1527 5126 1623 5198 αοσρὺν,
1638 5132 1682 5182 τοῦ

137 5201 153 5256 ὁ
168 5202 309 5259 Τιιιιοιοοι.
324 5210 392 5259 tom.
404 5201 427 5257 ll
438 5201 514 5261 Bttt.
538 5200 650 5272 Ἐκόσῐη
663 5200 748 5257 birds
759 5201 865 5261 ὑπόστα·
912 5203 1014 5257 Παύλου
1029 5202 1089 5259 siclt
1103 5201 1171 5258 ἴδιοι.

129 5361 377 5420 ιςῑ-Μοιῐί
389 5364 436 5411 stt.
