3936 6152
472 325 523 385 DE
543 320 846 397 INCARNATlONE,
869 320 943 383 ΜΒ.
965 320 1017 397 xt,
1040 322 1124 384 GAP.
1146 323 1218 384 vll.
1577 322 1637 385 445

76 490 138 572 cipi,
165 494 192 551 et
216 488 311 550 homo
337 487 407 549 fieri
428 487 596 568 inciperet,
624 498 717 550 verus
741 494 819 551 esset
869 488 965 566 bitur,
981 489 1205 551 commentaria
1222 490 1255 551 iu
1268 489 1390 562 Lucam,
1405 488 1444 549 ad
1454 487 1507 548 illa
1521 487 1635 549 rerba:

76 586 150 644 beas.
165 603 179 639 ο
195 581 311 655 Quibus
326 580 426 641 verbis
439 580 601 660 signifieat,
616 598 652 642 eo
667 583 733 661 ipso
747 600 819 660 gra·
868 580 936 641 Ideo
950 588 977 642 et
988 580 1067 662 quoi
1084 591 1219 643 nascetur
1232 600 1269 643 era
1290 591 1318 642 te
1330 587 1474 648 sanetum,
1488 578 1639 640 uocabitur

75 675 118 750 tia,
132 674 292 736 etreritate
305 672 398 735 fuisse
410 673 551 752 plenum,
567 674 652 753 quod
669 675 707 734 ad
722 674 818 734 aoeie-
868 670 954 754 filius
972 671 1054 735 Dei‘.
1075 675 1173 735 «Non
1194 675 1234 735 ob
1256 675 1299 742 id,
1316 674 1369 748 ait,
1385 677 1528 733 sanetum
1548 689 1638 733 voca·

76 771 206 828 tremeat
218 765 387 827 divinitatis
399 774 586 846 assumptus.
868 764 963 839 bitur,
988 766 1071 845 quad
1091 766 1177 827 velut
1198 766 1438 827 inhabitatorem
1460 763 1640 825 habiturum

106 859 150 921 lll.
168 859 302 921 loannes
319 858 394 919 item
409 859 572 919 Cassianus
586 858 666 920 libro
685 858 819 920 secundo
869 856 1014 917 sitlilium
1024 858 1128 929 liciat
1139 859 1373 938 participatione
1385 855 1640 918 sanctificandum

74 950 102 1014 de
120 950 323 1022 incarnatione,
351 950 450 1030 capite
483 957 581 1024 sexto,
609 951 750 1011 Nestorio
777 950 820 1010 sio
869 950 910 1010 sit
926 969 933 1011 :
949 950 1003 1011 sed
1018 951 1102 1029 quod
1115 950 1210 1011 homo
1223 957 1336 1011 natura
1358 969 1426 1026 suia,
1440 949 1522 1010 idem
1537 955 1593 1021 est,
1609 953 1640 1010 et

75 1043 229 1123 objicienti:
250 1043 335 1104 aSed
349 1043 432 1104 dicas
444 1043 572 1104 forsitan
587 1044 717 1118 gratiam
738 1042 820 1103 hanc
869 1060 952 1103 unus
972 1042 1026 1102 Dei
1037 1041 1185 1103 filiusr.»
1212 1045 1289 1104 Cum
1304 1059 1378 1118 orgo
1398 1060 1463 1103 non
1482 1040 1641 1120 participa·

75 1136 177 1197 bomini
189 1135 286 1196 nostri
299 1135 373 1196 lesu
388 1135 512 1209 Christi,
528 1137 567 1196 de
584 1154 645 1215 qua
656 1135 819 1215 Apostolus
868 1134 954 1195 tione
979 1140 1011 1195 et
1039 1134 1188 1196 divisione
1213 1136 1318 1210 giratiae
1345 1133 1495 1214 preditus
1515 1133 1564 1208 sit,
1587 1133 1639 1193 sed

74 1228 169 1299 scribit,
185 1224 230 1308 (iis
238 1227 392 1288 nimirum
405 1227 509 1295 verbis
526 1248 533 1288 :
550 1229 705 1308 Apparuit
718 1226 820 1308 pratia
870 1231 998 1287 eatenus
1007 1227 1090 1306 quod
1101 1227 1155 1288 Dei
1167 1228 1206 1287 sit
1220 1227 1301 1288 lilius
1310 1232 1341 1288 et
1354 1244 1513 1287 unuscum
1523 1226 1637 1302 Verbo,

73 1318 119 1381 ba·
136 1318 302 1380 Salvataris
314 1317 436 1399 nastri¹l
452 1338 517 1379 non
531 1338 603 1380 oum
623 1321 689 1398 ipso
700 1324 816 1393 naam,
870 1325 994 1379 sanctus
1010 1318 1192 1398 appelletur,
1209 1325 1239 1380 et
1253 1320 1293 1380 sit
1319 1339 1326 1380 :
1350 1337 1472 1380 neeesse
1493 1323 1538 1379 est
1552 1318 1640 1378 illum

74 1412 115 1473 sed
125 1416 221 1492 postea
231 1410 263 1472 ei
277 1410 388 1491 illapsu
400 1411 570 1472 divinitatis
582 1411 715 1473 intusam
728 1432 735 1472 :
746 1411 821 1491 quia
870 1410 1031 1471 divinitate
1045 1412 1112 1490 ipsa
1124 1430 1219 1490 quam
1233 1412 1336 1481 hahet,
1351 1430 1415 1472 esse
1430 1417 1582 1471 sanatum.

74 1510 98 1565 et
118 1504 202 1564 homo
226 1502 295 1583 ipse
317 1522 336 1564 a
358 1509 389 1564 te
417 1504 567 1565 Dominus
594 1510 698 1565 noster
730 1506 821 1565 lesus
910 1504 948 1563 V.
972 1503 1110 1563 Indidem
1125 1504 1310 1583 praeelarum
1324 1503 1414 1564 nobis
1428 1503 1640 1583 suppeditatur
1664 1522 1687 1568 sr
1709 1532 1800 1571 ancras

75 1597 204 1670 Christus,
213 1614 310 1676 quern
323 1594 494 1656 solitarium
510 1596 666 1673 dieis,aon
676 1615 748 1658 oum
758 1599 820 1658 Deo
871 1601 1176 1675 argumentumque
1192 1598 1274 1658 istud
1288 1599 1390 1676 ipsum
1404 1596 1544 1657 efficitur.
1557 1596 1639 1656 Naro
1665 1578 1813 1677 ‘lffiffi'’

75 1704 157 1759 natus,
164 1689 215 1750 sed
223 1693 330 1769 postea
343 1690 431 1749 alteo
446 1689 567 1751 dicatur
580 1696 773 1770 assumptus:
786 1708 821 1751 ae
872 1688 898 1748 si
911 1687 981 1747 ideo
991 1694 1179 1762 sauciasset,
1191 1689 1285 1750 homo
1295 1689 1442 1764 Christus,
1456 1689 1540 1767 quod
1549 1705 1639 1749 verus
1678 1686 1790 1783 nffirfflg

75 1800 117 1863 per
127 1783 179 1842 hoo
190 1780 434 1854 totum,homini
442 1781 488 1841 illi
502 1782 645 1861 gratiam,
656 1783 781 1861 quando
791 1787 823 1842 et
871 1779 911 1839 sit
924 1780 978 1840 [tei
991 1779 1084 1856 lilius,
1095 1800 1160 1842 noa
1170 1782 1349 1861 adoptivus3
1365 1781 1503 1860 sequitur
1515 1781 1640 1861 propria
1665 1803 1710 1836 non
1725 1772 1812 1837 narsi-

74 1873 245 1934 dirinitatem
264 1873 418 1934 ratanza
440 1875 605 1953 respondet
625 1874 673 1935 his
692 1874 818 1936 verbis:
872 1870 929 1948 illi,
942 1878 972 1934 et
985 1874 1140 1935 naturalia
1159 1892 1224 1936 esse
1247 1873 1416 1936 divinitatis
1438 1880 1638 1950 ornamenta3
1709 1845 1766 1891 ‘¹¹¹²'

77 1966 181 2046 alleqm
192 1985 251 2027 nos
265 1965 351 2026 aliud
364 1965 609 2046 dicimus,quam
620 1966 703 2045 quod
717 1966 822 2027 divina
872 1981 1007 2043 quorum
1020 1966 1204 2046 primarium
1218 1973 1264 2028 est
1284 1967 1437 2027 sanctitas.
1459 1967 1529 2027 Non
1542 1972 1642 2048 potest

73 2059 154 2135 gratia
184 2076 258 2119 cum
279 2057 438 2119 divinitate
459 2058 667 2135 descenderit3
696 2060 769 2138 quia
792 2064 823 2120 ct
873 2061 977 2117 autem
991 2058 1128 2119 naturale
1143 2058 1262 2120 censeri
1271 2057 1459 2118 humanitati
1472 2059 1583 2119 Christi
1597 2060 1641 2119 di·

74 2147 159 2208 dirina
180 2147 281 2227 gratia
315 2147 368 2208 Dei
391 2148 431 2208 sit
453 2152 484 2208 et
514 2148 637 2229 largitio
672 2148 822 2226 quodam·
874 2147 1010 2209 vinitatis
1028 2150 1128 2210 ullam
1150 2149 1281 2224 bonum,
1298 2150 1357 2210 nisi
1380 2150 1464 2229 qaod
1489 2150 1642 2212 divinitati

74 2239 148 2300 inodo
172 2238 272 2319 ipsius
304 2238 495 2315 divinitatis,
521 2259 556 2301 aa
582 2240 700 2300 donum
718 2239 822 2300 muni·
874 2239 930 2316 ipsi
953 2246 999 2301 est
1022 2259 1196 2320 annerum,
1221 2252 1253 2304 et
1279 2260 1380 2303 unum
1403 2260 1475 2302 cnm
1497 2260 1542 2303 ea.
1567 2243 1641 2305 Ideo

74 2328 181 2392 flantia
195 2331 380 2410 gratiarum.
396 2352 411 2389 a
438 2331 629 2409 agitantem
649 2332 695 2392 ibi
709 2332 823 2393 Cassia·
874 2331 958 2393 enim
968 2351 1038 2412 quse
1047 2333 1159 2396 divinae
1170 2335 1389 2415 propriasant,
1399 2333 1546 2396 humanae
1561 2335 1643 2397 fiunt

75 2441 122 2484 uta
140 2424 174 2485 de
200 2423 314 2504 illapsu
339 2422 511 2484 divinitatis
531 2424 565 2483 in
585 2423 767 2500 hominem,
794 2428 826 2484 et
874 2424 998 2503 propria
1032 2436 1165 2504 naturae,
1204 2427 1295 2506 eique
1329 2434 1474 2502 iterator,
1511 2427 1571 2488 hoe
1596 2434 1644 2490 est

75 2515 247 2578 mbshntiva
280 2516 441 2595 utriusque
475 2517 701 2596 conjunctione,
729 2535 824 2595 quam
874 2515 1060 2594 substantiae,
1078 2524 1113 2578 ut
1131 2537 1189 2580 nos
1211 2519 1298 2599 loqui
1315 2519 1449 2580 solemus
1466 2539 1473 2579 :
1489 2525 1525 2580 ut
1538 2525 1642 2581 autem

75 2605 209 2668 Nolanus
231 2607 368 2686 negabat
389 2608 429 2668 ab
456 2609 522 2688 ipso
549 2615 712 2687 conceptus
734 2608 824 2668 initio
875 2609 1020 2670 nonnulli
1045 2612 1172 2685 Patres,
1197 2611 1377 2672 naturaliter
1400 2618 1431 2672 et
1454 2612 1643 2674 essentialiter

76 2716 127 2760 esse
138 2699 245 2762 iactam
260 2701 333 2761 :sed
346 2700 477 2761 formato
485 2701 563 2779 jam,
578 2707 608 2762 et
619 2707 691 2762 nato
704 2699 826 2761 homini
875 2701 1081 2777 conveniunt3
1107 2702 1180 2782 qaia
1200 2703 1380 2764 substantiva
1400 2710 1431 2765 et
1452 2712 1577 2778 clarata,
1593 2705 1642 2766 vel

75 2791 227 2854 insinuasse
240 2811 273 2854 se
288 2792 343 2853 Dei
357 2792 457 2853 filium
474 2813 481 2853 :
498 2812 593 2872 quam
613 2794 738 2872 quidem
751 2812 823 2873 pra·
876 2793 968 2854 etiam
982 2808 1075 2874 φυσικῷ
1085 2813 1168 2855 nexu
1182 2795 1282 2856 ambae
1297 2796 1381 2856 inter
1393 2812 1425 2855 se
1443 2797 1640 2878 copulantur.

77 2880 135 2944 tiam
165 2884 313 2966 appellat,
339 2884 507 2964 gratiaque
531 2885 768 2964 plenitudinem,
790 2905 826 2948 ac
876 2886 984 2965 ltaque
1006 2887 1214 2965 substantivo,
1236 2906 1271 2949 aa
1291 2888 1473 2949 naturaliter
1499 2891 1642 2953 sanctitas

76 2974 183 3038 iontem.
200 2979 245 3037 De
276 2995 339 3056 qua
364 2981 383 3036 A
390 2977 526 3055 postolos
552 2976 689 3053 scribit’,
717 2977 826 3040 Gratia
874 2976 942 3056 ipsa
953 2979 1133 3052 divinitatis,
1155 2980 1326 3041 humanam
1347 2988 1491 3042 naturam
1504 2988 1642 3043 sanctam

78 3065 178 3129 braim
193 3069 293 3131 uestri
310 3069 379 3130 Jesu
404 3068 522 3132 Christi
543 3070 684 3131 vobiscum
698 3091 710 3133 .·
728 3093 741 3129 ι
764 3071 826 3138 Qui
876 3070 977 3147 efficit,
989 3071 1126 3150 adeoque
1138 3074 1317 3153 semetipsa;
1331 3091 1395 3132 noa
1410 3081 1556 3135 manante
1566 3074 1643 3136 dtin-

77 3158 169 3222 uihcet
177 3161 243 3240 jam
253 3162 412 3235 docuerat,
425 3163 526 3241 pergit
540 3161 725 3239 Cassianus³,
738 3181 826 3224 eum·
876 3166 960 3222 huot
973 3181 1043 3237 ase,
1058 3163 1296 3244 derivataqueut
1305 3165 1472 3238 incaeteris,
1483 3164 1644 3229 efficientia

78 3250 135 3312 dem
143 3254 432 3333 Deumesse,quem
440 3255 827 3341 Christum:eunetamque
877 3261 987 3316 creata
1011 3257 1188 3333 sanctitatis,
1214 3263 1245 3318 et
1267 3257 1384 3336 gratiae.
1408 3258 1486 3319 Vide
1512 3261 1644 3338 quade

76 3343 164 3406 inibo
184 3346 381 3426 majestatem
404 3347 529 3407 deitatis
551 3366 626 3425 esse,
647 3354 678 3408 et
700 3366 827 3410 omnem
877 3347 1012 3408 naturali
1020 3348 1130 3409 Christi
1137 3348 1265 3426 filietate
1276 3349 1358 3410 libro
1370 3350 1501 3429 septimo
1513 3359 1645 3430 quatuor

76 3432 156 3497 iueo
182 3438 385 3519 corporaliter
411 3439 636 3519 plenitudinem
659 3441 827 3503 divinitatis
878 3439 1029 3519 capitibus
1042 3441 1150 3519 primis
1162 3440 1373 3520 exposuimus.

75 3523 213 3607 habitare3
240 3537 325 3592 recte
345 3531 452 3610 utique
473 3530 540 3610 jam
565 3532 631 3594 sine
656 3533 826 3613 adjectione
918 3531 996 3592 Huic
1010 3531 1212 3609 solidissima,
1225 3552 1261 3594 ac
1274 3533 1450 3595 certissimae
1461 3534 1573 3595 rationi
1584 3535 1644 3595 sui·

75 3621 192 3683 nominis
213 3624 281 3699 Dei,
308 3624 405 3685 solam
427 3630 570 3705 precatur
601 3627 732 3705 gratiam
760 3626 826 3689 Dei.
877 3622 1642 3703 hagaturimprimisveterumauctoritasPetrum,

76 3710 140 3784 auia
152 3733 222 3776 cum
244 3716 387 3777 eamdem
410 3716 549 3778 docuerit
562 3719 674 3797 saepius
697 3719 828 3797 gratiam
878 3715 933 3794 qui
945 3717 1139 3777 sanctitatem
1155 3722 1186 3777 et
1195 3719 1327 3796 gratiam
1341 3718 1514 3780 naturalem
1527 3719 1645 3780 Christo

76 3800 123 3863 Dei
135 3822 206 3884 esse,
221 3825 320 3888 quam
333 3808 454 3877 Christi,
475 3808 652 3887 plenissime
673 3829 757 3872 nuno
777 3829 827 3872 sa·
878 3813 1020 3868 asserunt
1031 3807 1136 3886 luisse,
1151 3827 1215 3870 non
1231 3810 1469 3890 adscititiam‚ac
1481 3811 1648 3873 relutacoi·

76 3891 127 3956 lam
141 3908 280 3975 precatur
293 3900 426 3980 gratiam
440 3900 572 3977 Christi3
593 3903 664 3980 quia
678 3902 712 3962 in
730 3903 829 3981 gratia
878 3899 1013 3962 dentem.

76 3986 173 4050 Christi
186 4010 315 4055 amnem
329 3993 387 4054 soit
399 3993 530 4072 gratiam
544 3994 731 4056 contineri.»
749 3996 829 4069 Quo·
917 3992 1059 4054 Affirmar
1082 3994 1142 4056 hoo
1168 3995 1333 4076 Dionysius
1359 3994 1588 4058 Alexandrinus
1613 3996 1647 4060 iu

74 4077 143 4141 cirea
157 4084 270 4146 Christi
283 4085 383 4165 gratia
397 4086 504 4146 eadem
522 4090 568 4147 est
580 4096 612 4146 et
629 4087 684 4147 Dei
702 4088 825 4166 gratia:
878 4086 1005 4166 epistola
1027 4088 1176 4167 synodica
1197 4089 1239 4149 ad
1264 4088 1392 4150 Paulum
1414 4088 1644 4160 Samosateuum,

74 4169 180 4250 Christi,
194 4177 337 4257 inquam,
351 4196 417 4239 nan
436 4183 649 4258 tantumque
669 4179 749 4241 Deus
769 4186 826 4257 est,
878 4178 935 4240 aab
947 4177 1072 4239 initium
1088 4179 1162 4240 :ubi
1177 4179 1331 4241 Christum
1347 4180 1514 4240 bominum
1524 4180 1646 4243 infinito

73 4263 218 4330 edebam
232 4275 268 4329 ut
283 4270 458 4345 esthamo;
480 4287 592 4350 nempe
614 4271 646 4330 in
666 4289 729 4350 quo
748 4271 827 4333 diui·
877 4271 1041 4333 intervallo
1050 4272 1161 4351 probat
1169 4274 1283 4333 loanni
1293 4273 1439 4353 Baptistae
1448 4272 1644 4335 antecellere.

74 4355 160 4419 artatis
193 4360 308 4423 trabitur
336 4360 498 4442 plenitudo
535 4362 747 4442 corporaliter.
783 4367 828 4426 Ao
882 4384 898 4420 a
921 4364 956 4423 ln
990 4381 1037 4435 eo,
1070 4363 1183 4443 inquit,
1213 4365 1431 4427 ostendebatur
1464 4364 1572 4426 Christi
1607 4363 1646 4425 ab

74 4450 188 4525 proinde
215 4455 263 4515 uti
288 4454 434 4515 divinitas
456 4453 523 4533 ipsa
555 4454 653 4533 gratia
679 4461 735 4530 est,
764 4457 827 4519 sive
877 4455 999 4516 loanne
1028 4455 1194 4516 discrimen
1222 4473 1259 4518 ex
1291 4476 1414 4519 summa
1435 4456 1601 4533 munditia,
1616 4460 1648 4518 et

73 4546 202 4607 matilas
222 4566 286 4627 qua
313 4547 394 4608 Deus
416 4552 539 4606 sanctiss
562 4553 608 4607 est
631 4567 639 4609 z
663 4547 706 4607 sic
719 4548 827 4609 eadam
879 4545 1111 4626 incomparabili
1131 4546 1252 4626 justitia
1274 4568 1282 4610 :
1305 4549 1389 4630 quod
1416 4566 1494 4629 opus
1520 4549 1647 4628 quidem

72 4636 202 4698 unalitas
225 4647 269 4700 est
281 4638 345 4700 sive
359 4636 479 4717 gratia:
498 4655 560 4717 qua
573 4638 712 4700 Christus
731 4639 826 4702 homo
874 4639 1003 4719 justitia
1034 4640 1171 4702 loannes
1204 4646 1292 4717 erat;
1329 4643 1419 4703 lesus
1450 4647 1555 4702 autem
1589 4660 1646 4702 na·

73 4734 182 4789 mustus
195 4736 252 4793 est.
878 4730 1007 4793 turcl.»

105 4818 514 4905 litusquoqoeBostrensis,
530 4828 565 4886 ut
578 4823 828 4905 quideminscri-
918 4826 1008 4902 Item,
1036 4849 1050 4879 r
1072 4825 1236 4903 Naturalis,
1258 4825 1313 4904 ait,
1335 4824 1465 4904 justitia,
1490 4830 1521 4888 et
1543 4826 1647 4889 divina

103 5054 122 5097 a
137 5042 215 5102 Titus
229 5045 322 5103 Βοετιι.
344 5052 413 5104 tom.
429 5046 490 5102 Xlll
506 5047 571 5103 Bib.
591 5044 681 5119 ’Ἃγιον
699 5046 726 5101 al
738 5047 829 5116 κληθη·
914 5045 930 5103 ὁ
949 5045 1028 5102 Drou-
1045 5045 1126 5102 Atax.
1143 5052 1213 5102 tom.
1229 5046 1253 5102 ll
1266 5045 1328 5103 Bib.
1344 5047 1392 5101 Καὶ
1405 5045 1472 5119 παρὰ
1485 5050 1559 5102 τοῦτο
1569 5046 1646 5102 idolu-

74 5125 177 5195 νόμενον,
195 5129 397 5203 &philacrius
418 5131 506 5203 ἕξοντα
523 5130 564 5185 τὸν
583 5130 635 5184 υἱὸν
650 5125 695 5185 τοῦ
708 5131 773 5197 θεοῦ,
788 5130 829 5183 καὶ
878 5148 935 5183 raro
949 5135 992 5184 τοῦ
1018 5130 1125 5201 Χριστοῦ
1148 5129 1254 5202 διαφορὰ
1278 5129 1338 5202 πρὸς
1367 5130 1486 5199 Ἰωάννην
1507 5131 1647 5205 μεγάλῃτῇ

74 5202 97 5259 iz
119 5216 223 5285 μετοχῆς
241 5212 460 5287 ἂγισσθησόμσνσν·
485 5212 542 5267 ἀλλ’
567 5213 600 5277 ὡς
622 5214 748 5286 ἄνθρωπον
766 5212 829 5268 κατὰ
862 5213 1033 5285 ,καθαρότητμ
1047 5212 1236 5286 καὶᾶσογκρίτῳ
1250 5214 1400 5288 δικαιοσύνῃ,
1417 5215 1456 5268 ὅτι
1474 5212 1646 5286 Ἰωάννηςμδν

74 5290 144 5359 pur,
157 5295 200 5349 τον
213 5295 285 5351 αὐτὸν
299 5298 418 5371 ὑπάρχειν
427 5297 481 5351 οἱον
495 5298 560 5362 θεοῦ,
565 5297 611 5351 ’καὶ
625 5298 677 5353 ἕνα.
877 5296 948 5369 ἔργον
962 5293 992 5366 ἦν
1005 5297 1167 5367 δικαιοσύνης,
1183 5296 1316 5368 ‘lauricii
1326 5298 1404 5370 φύσις.

98 5485 408 5543 littra-tutunus.
424 5490 930 5549 -aaamtturaaopa-tmr,
