3956 6158
285 322 289 333 1
357 214 418 283 lilii

359 381 477 445 accensi
490 381 616 447 fuerint.
632 380 748 445 Verum
762 396 835 443 curu
848 379 914 443 haec
927 377 1043 459 opinio,
1059 394 1129 456 que

358 474 545 556 patelaetum
569 473 696 553 Angelis
721 471 906 551 mysterium
934 470 1012 530 illud
1041 475 1127 530 tanto

358 572 430 629 ente
443 568 559 643 statuit,
575 585 639 629 nou
654 572 718 627 tem
739 566 822 644 apud
842 563 985 642 antiquos
1008 567 1130 639 recepta

358 659 417 734 sit,
435 666 469 721 ut
482 658 556 725 alibi
569 658 746 721 notavimus
759 656 787 733 ¹;
802 675 837 719 ea
850 675 915 717 nou
934 660 1004 719 utar
1021 675 1028 715 ε
1046 660 1077 715 et
1095 654 1128 712 in

359 752 517 833 superiore
529 751 626 813 altera
639 750 702 830 poti
707 769 743 810 us
756 748 957 828 acquiescam.

401 843 447 907 ad
459 850 634 911 extremum
648 840 911 923 pretermittenda
929 859 993 901 uon
1010 844 1055 900 est
1068 838 1127 899 hoc

358 936 425 997 loco
439 937 581 1015 quaedam
593 934 733 1015 Origenis
746 935 899 995 sententia
907 931 1027 993 inlihro
1037 932 1127 992 tertio

357 1034 461 1090 eontra
477 1027 607 1093 Celsum.
623 1030 702 1091 Nam
719 1045 792 1089 cum
804 1027 941 1098 dixisset,
963 1024 1128 1085 «Verbum

359 1122 459 1191 Deum
481 1121 611 1187 missurn
632 1140 707 1197 csse,
732 1126 884 1199 quatenus
906 1117 1044 1179 medicus
1069 1123 1125 1191 est,

358 1215 569 1293 peccatoribus
595 1220 773 1294 :quatenus
795 1232 868 1274 vero
890 1218 1060 1295 praeceptor
1083 1217 1128 1271 est

359 1324 395 1369 aa
419 1306 527 1367 doctor
549 1308 770 1386 mysteriorum
792 1305 985 1380 divinorum,
1005 1304 1042 1363 iis
1062 1321 1127 1364 esse

359 1398 499 1475 missum,
515 1398 566 1479 qui
579 1398 645 1477 jam
658 1399 730 1478 puri
748 1403 831 1471 suut,
855 1404 886 1457 et
908 1415 974 1457 non
994 1395 1127 1476 amplius

358 1498 521 1568 peccante,
542 1512 557 1549 υ
582 1490 729 1551 adversus
747 1490 817 1550 ‘haec
839 1488 986 1569 objecisse
1007 1487 1128 1549 Celsum

359 1583 463 1656 refert,
481 1584 565 1643 ocur
580 1602 645 1645 nou
659 1583 753 1647 etiam
766 1581 882 1667 peccati
889 1582 1069 1663 expertibus
1083 1589 1130 1643 cst

359 1675 481 1751 missus,
500 1681 555 1737 eut
574 1675 648 1755 quid
675 1676 749 1737 mali
763 1675 889 1744 taudem
909 1680 956 1735 est
977 1693 1041 1737 uon
1056 1694 1126 1755 pec-

359 1766 468 1837 casset,
484 1789 500 1829 υ
520 1768 575 1829 Cui
591 1767 634 1829 sie
648 1768 814 1848 respondet
830 1787 836 1827 :
857 1789 872 1825 ιι
891 1766 924 1828 Si
945 1767 1060 1846 peccati
1074 1786 1126 1829 ex·

358 1867 461 1940 peries
482 1866 570 1923 vocet
591 1879 655 1934 eos,
672 1861 726 1940 qui
747 1878 812 1920 non
831 1858 964 1938 emplius
986 1866 1126 1941 peccant,

358 1954 398 2015 ad
412 1953 565 2015 eosetiam
573 1954 701 2015 missum
712 1951 975 2014 esseSalvatorem
986 1960 1128 2015 nostrum

359 2047 475 2108 Jesum.
491 2048 580 2121 Quod
602 2049 628 2107 si
648 2048 686 2107 de
706 2046 743 2105 iis
765 2046 921 2124 loquatur,
937 2045 990 2124 qui
1005 2047 1128 2115 nullum

359 2156 510 2218 umquam
523 2144 684 2222 peccatum
705 2137 929 2209 commiseriut;
948 2134 1027 2219 (Non
1045 2139 1129 2201 enim

359 2232 501 2297 distincte
516 2251 593 2312 quos
605 2231 790 2311 intelligeret
802 2230 961 2313 erpressit)
978 2230 1126 2309 dicemur,

359 2324 470 2404 inquit,
486 2324 674 2404 impossibile
687 2342 763 2397 esse,
781 2330 816 2383 ut
832 2324 891 2383 hoc
907 2323 1000 2383 modo
1015 2324 1129 2404 peccati

361 2416 574 2496 quisquamsit
583 2434 710 2496 expcr53
724 2415 809 2496 quod
819 2417 1126 2494 eatenusasserimus,

361 2513 397 2568 ut
429 2508 599 2587 excipietur
632 2508 727 2569 homo
760 2507 823 2579 ille,
859 2507 914 2586 qui
947 2507 1129 2586 intelligitur

360 2601 376 2661 J
380 2618 434 2663 esu
450 2620 457 2661 ι
475 2600 666 2683 quiquidem
680 2604 840 2681 peccatum
852 2617 917 2660 uon
929 2599 1011 2667 iecit.
1025 2628 1039 2655 ι
1057 2602 1130 2665 Haeo

362 2693 518 2772 Origenes.

398 4556 420 4597 a
438 4541 518 4597 Otito.
539 4539 668 4614 Ἐπέμφθη
684 4534 724 4596 oia
741 4541 817 4606 θθεθς
824 4544 907 4615 λόγος.
918 4544 977 4597 καθὸ
989 4543 1032 4617 μὲν
1048 4543 1128 4617 ἰατρὸς

361 4626 412 4687 τοῖς
426 4624 591 4697 ἁμαρτωλοῖς·
608 4624 668 4678 καθθ
689 4624 714 4677 δέ
731 4627 877 4688 διδάσκαλος
891 4626 959 4679 θείων
978 4628 1127 4701 μυστηρίων,

361 4709 413 4769 τοῖς
427 4708 606 4781 ίίόηκαθαροῗς,
622 4709 662 4760 καί
677 4709 761 4785 μηκέτι
776 4708 967 4782 ἁμαρτάνουσιν.

399 4791 415 4845 b
435 4792 515 4846 (λκιο.
531 4789 596 4847 ibid.
616 4792 645 4844 Ti
659 4790 685 4844 δὲ
697 4795 748 4856 τοῖς
757 4792 938 4865 ἀναμαρτήτοις
946 4792 990 4846 οθκ
1004 4790 1128 4868 έιτίμφθης

363 4872 386 4926 τί
399 4875 473 4926 κακόν
489 4872 539 4927 ἔστι
561 4875 591 4927 τί
613 4875 644 4946 μη
668 4873 848 4946 ἡμαρτηκέναις
874 4876 922 4929 Καί
936 4876 996 4948 προς
1010 4882 1082 4932 τοῦτο
1105 4880 1132 4933 δέ

362 4975 450 5029 φαμεν·
462 4958 501 5010 ὅτι
515 4956 536 5009 εί
549 4955 591 5029 μέν
606 4956 790 5029 ἀναμαρτήτους
802 4960 868 5031 λέγει
882 4960 937 5022 rota
952 4961 1037 5033 μηκέτι
1054 4961 1132 5033 ἆμαρ-

364 5039 489 5101 τάνοντας·
511 5037 618 5111 ἐπέμφθη
636 5041 677 5093 καί
691 5040 785 5103 τούτοις
802 5043 817 5095 θ
834 5041 916 5115 σωτὴρ
932 5043 1002 5116 ἡμῶν
1022 5043 1130 5113 Ἰησοῦς·

365 5120 421 5175 ἀλλ’
436 5122 480 5179 οθκ
495 5122 586 5195 ίατρός,
602 5121 624 5175 εἰ
644 5123 671 5177 δὲ
685 5123 866 5197 ἀναμαρτήτοις
886 5130 937 5189 τοῖς
959 5127 1019 5200 μηδὲ
1032 5128 1133 5185 πώποτε

364 5202 540 5277 ἡμαρτηκόσιν·
562 5205 590 5259 οὗ
612 5206 659 5278 γὰρ
686 5209 836 5263 διεσττιλατο
857 5207 921 5282 έντῇ
944 5209 1030 5265 ἑαυτοῦ
1058 5209 1131 5274 λέξει·

391 5374 403 5420 i
421 5372 466 5420 iliu
479 5372 509 5418 ill
520 5374 547 5419 rte
557 5372 615 5430 dita.
624 5386 673 5431 cap.
685 5385 710 5431 u,
722 5374 738 5434 ς
748 5376 781 5421 ta.

865 206 1189 285 THEOLOGICDRUM
1210 206 1427 283 DOGMATUM

1393 631 1596 716 CAPUT
1646 634 1727 716 ΧΙ.

1178 926 1222 989 De
1239 927 1534 1008 Cirrr'ste'aacerdotia,
1549 932 1596 994 aet
1612 933 1803 1012 Pontificatu.
1814 935 1838 995 l.
1853 934 1911 1009 (tuat

1218 1021 1909 1107 aarecaedratorr'apropriaurastcadr'tar.Miris

1218 1115 1908 1200 taraessesacerdotem,Sedrajusuataroeratione,

1217 1206 1250 1267 ici
1264 1209 1294 1266 r'u
1315 1208 1472 1287 questione
1489 1210 1626 1289 positura.
1649 1212 1828 1272 Arr'auararu
1840 1231 1908 1285 error,

1217 1301 1271 1382 qai
1281 1320 1338 1381 qua
1353 1300 1430 1362 Deru
1445 1311 1494 1379 ert,
1504 1302 1679 1365 sacerdotem
1689 1304 1879 1366 esaedr'reiuat.
1890 1308 1909 1364 i.

1219 1392 1328 1454 Contra
1342 1394 1497 1456 Nestorius
1520 1395 1664 1457 asserebat
1688 1396 1721 1457 ιἰί
1741 1416 1806 1474 essa,
1818 1396 1909 1480 quate

1217 1486 1335 1562 minem,
1372 1486 1522 1566 retirtatas
1553 1507 1572 1550 a
1606 1489 1726 1571 Cyrr'tlo
1763 1492 1793 1550 ί.
1817 1489 1911 1566 onius

1216 1576 1354 1655 sacerdos,
1370 1587 1405 1638 at
1417 1578 1501 1639 horna
1521 1588 1572 1653 eat,
1592 1581 1633 1643 eit
1651 1580 1800 1643 dieculas.
1818 1583 1842 1642 i.
1862 1581 1910 1643 τίον

1217 1680 1313 1732 tamea
1328 1679 1396 1732 tuac
1405 1680 1446 1732 cst
1456 1672 1559 1757 factrus,
1576 1692 1642 1733 cum
1655 1672 1867 1755 baptizatarert,
1878 1673 1914 1734 rai

1218 1764 1248 1824 r'a
1263 1764 1327 1845 ipsa
1341 1763 1549 1826 incarnatione.
1567 1768 1596 1827 6.
1615 1765 1660 1828 De
1675 1766 1795 1848 Officia
1805 1766 1873 1828 iltius
1879 1786 1912 1825 aa·

1218 1854 1425 1933 cerdotalidae,
1438 1877 1473 1918 ac
1484 1859 1581 1941 μνίοιο
1594 1858 1782 1940 quodpreeea
1794 1880 1845 1939 pm
1856 1859 1913 1920 ralis

1205 1947 1322 2027 offerat
1345 1948 1449 2013 Patri.
1475 1953 1505 2011 7.
1527 1949 1626 2032 Nauae
1646 1950 1682 2013 de
1702 1950 1852 2014 taediatarr
1865 1951 1913 2028 filia

1218 2039 1284 2116 Dei,
1301 2040 1437 2102 Philonia
1455 2041 1566 2105 ductat.
1587 2046 1617 2104 8.
1638 2044 1775 2105 Alterum
1796 2043 1913 2127 officiam,

1218 2130 1295 2213 quod
1312 2132 1344 2193 εἰν
1363 2133 1466 2194 hostiis
1486 2136 1643 2217 offerendis
1661 2138 1804 2198 consistit.
1820 2136 1913 2216 Eruli·

1219 2235 1306 2286 catat·
1315 2225 1504 2306 perobscurus
1513 2226 1591 2290 Iocus
1603 2229 1732 2310 epistola
1743 2233 1784 2292 ad
1792 2229 1913 2291 Hebraea

1222 2320 1269 2378 ll.
1286 2317 1389 2379 Altera
1405 2317 1464 2381 lori
1476 2319 1604 2402 ejusdem
1617 2321 1788 2404 explicatio.

1220 2503 1244 2563 Ι.
1269 2503 1314 2562 Ex
1329 2502 1390 2564 illis
1400 2504 1512 2566 Christi
1521 2507 1770 2586 proprietatibus,
1782 2525 1851 2587 quas
1861 2507 1917 2565 duo

1180 2593 1301 2655 decimo
1317 2596 1375 2657 hoc
1390 2599 1423 2656 iu
1435 2596 1516 2658 libro
1533 2600 1710 2661 tractandas
1729 2599 1918 2680 proposuimus

1180 2686 1269 2747 initio
1292 2688 1398 2769 capitis
1425 2689 1528 2768 primi,
1556 2689 1668 2750 merito
1696 2690 1859 2765 sacerdotii,
1883 2689 1918 2747 rel
1961 2713 1963 2716 ·

1179 2781 1376 2861 pontificatus
1384 2782 1699 2859 functio,mediat0ris
1708 2784 1843 2863 dignitati
1851 2781 1920 2843 debri

1180 2874 1353 2936 succedere.
1383 2876 1436 2935 Est
1458 2876 1543 2936 enim
1564 2877 1792 2956 sacerdotium,
1813 2875 1919 2937 maxime

1180 2983 1353 3043 summum,
1378 2971 1486 3049 μεσιτείε
1518 2968 1663 3048 quaedam
1700 2989 1707 3029 :
1744 2975 1777 3030 et
1807 2967 1921 3029 secudu

1180 3067 1290 3139 σιτημες,
1306 3066 1336 3119 et
1349 3059 1552 3137 interventor,
1567 3079 1602 3121 ec
1616 3061 1769 3123 mediator
1787 3070 1827 3122 cst
1844 3062 1921 3120 Deum

1180 3150 1261 3210 inter
1274 3156 1306 3210 ct
1315 3150 1458 3212 homines
1474 3172 1481 3212 ι
1496 3157 1532 3213 ut
1544 3159 1626 3213 recte
1640 3152 1732 3214 Philo
1746 3154 1766 3215 J
1768 3155 1867 3215 udaeus
1878 3150 1921 3211 od·

1180 3251 1301 3319 servat3
1325 3244 1412 3322 cujus
1434 3245 1594 3324 egregium
1616 3245 1676 3307 hoc
1702 3245 1819 3307 dictum
1843 3243 1920 3305 estin

1180 3336 1315 3396 secundo
1329 3336 1408 3397 libro
1423 3335 1458 3397 de
1479 3336 1669 3411 riioaarrtr'm
1685 3338 1742 3398 uhi
1760 3355 1876 3400 causuu
1886 3353 1924 3396 ex·

1180 3427 1281 3505 plicat,
1297 3447 1352 3489 aur
1365 3447 1489 3489 summo
1502 3430 1652 3491 sacerdoti
1664 3429 1762 3507 luctu,
1779 3450 1814 3492 ac
1826 3427 1923 3490 iunabri
1961 3462 1962 3465 =

1181 3520 1283 3581 officio
1291 3540 1416 3601 prorsus
1427 3522 1626 3582 interdictum
1634 3520 1739 3599 inerit,
1751 3524 1924 3585 velinmortr

1181 3613 1528 3695 propinquissimorum.
1555 3616 1714 3676 «Etenim
1737 3615 1809 3692 lex,
1828 3613 1923 3697 inquit.

1182 3704 1249 3763 ruli
1262 3723 1335 3769 eum
1349 3706 1458 3767 altiore
1471 3708 1617 3786 quadam,
1639 3727 1735 3791 quam
1749 3708 1878 3773 humana
1887 3704 1925 3779 sit,

1183 3792 1285 3858 indole
1298 3816 1362 3858 esse
1377 3799 1552 3877 praeditum,
1572 3804 1602 3859 et
1616 3800 1655 3860 ad
1668 3800 1807 3861 divinam
1824 3797 1926 3881 propius
1962 3849 1963 3852 ι

1182 3889 1325 3951 accedere
1335 3910 1343 3966 ;
1364 3890 1449 3951 velut
1467 3891 1501 3950 in
1519 3891 1655 3952 confinio
1669 3893 1817 3972 quodam,
1831 3897 1926 3953 utrem

1182 3982 1294 4057 diram,
1308 3982 1468 4061 utriusque
1482 3985 1633 4062 positum;
1650 3989 1729 4044 utet
1742 3985 1875 4049 homines
1885 3998 1927 4060 prr

1182 4074 1385 4135 mediatorem
1395 4076 1563 4154 quemdam
1572 4076 1729 4153 placatum
1739 4083 1769 4137 et
1783 4072 1927 4156 propitium

1182 4166 1313 4228 reddant
1325 4167 1382 4228 sihi
1397 4168 1506 4244 ileum,
1523 4170 1641 4230 etDeus
1658 4170 1791 4231 vicissim
1798 4169 1928 4245 adimper·

1183 4260 1297 4337 tienda,
1314 4261 1600 4340 suppeditandaque
1619 4261 1768 4324 beneficia
1787 4279 1841 4323 sue
1852 4255 1928 4321 admi·

1181 4352 1280 4412 nistre
1295 4352 1442 4432 quopiam
1452 4358 1559 4414 utatur
1570 4363 1620 4414 θ.»

1180 4542 1280 4619 ἐροῦμεν
1295 4548 1333 4600 ὅτι
1348 4545 1466 4601 ἀδύνατον
1491 4542 1552 4602 εἶναι
1574 4548 1652 4612 οὕτως
1666 4549 1792 4623 ἄνθρωπον
1806 4546 1925 4619 ἂνκμὲρῐτ·

1179 4648 1232 4683 τον
1244 4634 1317 4683 τοῦτο
1325 4631 1350 4684 δέ
1356 4650 1434 4703 φαμεν
1442 4631 1643 4705 θτιεξαιρουμίνου
1657 4628 1702 4686 του
1714 4632 1777 4687 κατὰ
1791 4633 1832 4686 τὸν
1850 4629 1928 4697 ’imis

1179 4714 1313 4784 νοουμένου
1325 4713 1462 4786 ἀνθρώπου.
1474 4716 1500 4778 u
1509 4714 1630 4788 ἁμαρτίαν
1641 4715 1686 4769 οὐκ
1695 4714 1803 4784 ἐποίησε.

1216 4812 1231 4851 a
1249 4796 1331 4851 Pauo
1343 4798 1366 4853 ll
1382 4797 1419 4853 de
1433 4802 1549 4854 Moriar.
1571 4799 1746 4871 Βοθλετιιιγᾶρ
1761 4798 1834 4851 wirte
1845 4796 1859 4849 θ
1871 4795 1929 4863 νόμος

1181 4878 1293 4950 μείζονος
1317 4882 1478 4953 μεμοιριῖσθαι
1494 4883 1602 4953 φύσεως,
1619 4885 1636 4951 ἦ
1654 4883 1716 4937 κατὰ
1728 4882 1863 4954 ἄνθρωπον,
1875 4878 1930 4947 ίῃΤ

1182 4964 1244 5034 ripn
1258 4965 1391 5035 κροσιθντοι
1398 4969 1441 5032 τῆς
1447 4966 1521 5030 θείας,
1534 4967 1658 5039 μεθόριον,
1670 4965 1691 5020 τί
1698 4968 1739 5020 ur
1747 4964 1850 5032 τέληθθς
1855 4964 1928 5031 λέγω·

1183 5045 1282 5117 ἀμφοῖν·
1297 5047 1340 5100 ἵνα
1353 5047 1394 5101 διὰ
1408 5049 1484 5119 μέσον
1499 5050 1572 5115 τινος,
1593 5050 1714 5122 ἅνθρωποι
1736 5049 1781 5120 μὲν
1802 5048 1929 5103 lidum

1182 5129 1246 5185 θεόν·
1270 5129 1322 5194 θεὸς
1346 5129 1373 5185 δέ
1396 5131 1439 5195 τὰς
1457 5133 1559 5204 χάριτες
1583 5133 1716 5205 ἀνθρώποις
1728 5131 1878 5199 landradae·
1891 5124 1928 5179 rol

1182 5213 1311 5285 χρώμενος
1324 5213 1407 5286 ipim,
1420 5215 1460 5267 καὶ
1470 5220 1577 5289 χορηγῇ.
