3990 6130
556 259 606 321 ΒΕ
624 258 927 332 lNCARNATlONE,
950 258 1027 319 LIB.
1049 257 1102 326 vl,
1126 256 1210 319 GAP.
1232 257 1329 318 llllll.
1690 258 1730 319 93

141 424 239 486 ritatis
262 424 346 487 inter
371 424 451 485 duos
472 422 592 486 existit:
621 430 731 504 utputa
765 422 910 503 conjuges
1004 424 1074 484 Non
1088 419 1193 484 minus
1206 440 1301 503 quam
1317 420 1539 497 Orientalium
1559 423 1622 483 imo
1636 421 1731 483 etiam
1755 431 1892 496 rannac.

141 516 214 593 duo,
226 516 280 578 vel
287 515 382 578 amici
393 516 576 578 eorumdem
584 515 911 596 honorumparticipes
965 514 1123 595 aliquanto
1142 516 1241 592 magis
1260 514 1363 578 odiosa
1381 519 1439 590 est,
1462 532 1499 575 ao
1513 515 1621 592 jejuna
1634 515 1732 576 Theo·
1755 486 1904 595 {ilffi'llssi

141 614 172 670 et
195 607 289 685 socii,
314 608 381 670 sola
405 609 571 670 homiuum
599 607 820 684 aestimatione,
847 625 912 668 non
965 607 1065 668 doreti
1080 607 1264 669 criminatio.
1294 607 1437 667 Primam
1463 606 1541 669 illud
1561 606 1729 687 redarguit,
1756 593 1904 691 ¹⁰¹⁰Nss¹⁰¹¹'

141 700 294 777 natarrali,
328 706 361 763 ct
391 701 584 763 substantiva
616 699 808 762 connexione
838 703 913 773 sunt
966 699 1050 779 quod
1077 707 1210 778 συναφείας
1233 717 1350 760 nomeu
1375 698 1493 779 respuit
1524 699 1673 779 Gyrillus,
1702 704 1734 760 et
1758 725 1904 780 mma.

141 810 253 854 unum.
277 793 357 854 Nam
370 793 573 856 nibilominus
597 793 747 874 separati,
772 796 803 853 et
825 790 914 853 divisi
967 799 1069 852 σύνοδον
1090 810 1241 871 usurpare
1260 789 1362 865 malit,
1385 809 1457 853 oum
1475 790 1539 853 hato
1556 793 1593 852 ab
1607 792 1735 853 illavox
1761 779 1904 885 maxumam

141 885 269 946 interim
295 885 485 962 consistamt3
515 891 598 947 certe
615 903 680 947 non
700 884 744 945 ita
758 883 916 945 cohaerent
967 882 1049 943 nihil
1066 883 1235 944 admodum
1253 883 1414 964 discrepet.
1437 884 1530 963 Atqui
1547 884 1604 947 etsi
1617 893 1734 965 συνάφεια

141 984 253 1039 mutuo
263 977 335 1046 sibi,
344 978 570 1053 utibracbium,
578 983 634 1039 aut
643 977 728 1038 aliud
736 976 915 1038 membrum
968 992 1094 1054 prorsus
1108 975 1154 1036 illi
1167 975 1385 1054 displicuisset,
1401 995 1466 1037 non
1479 983 1557 1038 esset
1570 979 1736 1056 repreben-

141 1088 213 1132 eum
241 1089 393 1151 corpore:
423 1089 558 1152 quocum
580 1069 724 1143 naturali,
748 1075 780 1131 et
803 1075 915 1131 ον’νσιώδεε
968 1066 1101 1128 dendus.
1122 1067 1283 1148 Siquidem
1301 1069 1360 1129 hac
1381 1087 1454 1131 voce
1479 1069 1675 1150 frequenter,
1700 1088 1736 1131 ao

139 1164 268 1226 vinoqu
289 1165 505 1226 committitur.
530 1165 602 1226 lam
620 1182 683 1244 quo
703 1180 796 1224 seusu
822 1160 917 1244 hypo·
968 1158 1136 1234 libentius,
1167 1178 1261 1240 quam
1286 1161 1346 1221 alia
1371 1162 1529 1241 qualibet,
1557 1162 1604 1224 uti
1630 1163 1736 1225 solitus

138 1256 507 1337 mesappebatnaturas
515 1256 550 1318 in
559 1255 678 1318 Christo
688 1252 914 1335 duasGyrillus,
969 1251 1138 1330 Nestorius,
1174 1270 1243 1314 eam
1276 1253 1505 1333 quodammodo
1537 1273 1658 1316 veneno
1688 1256 1736 1316 sui

139 1348 337 1410 ostendimus
362 1347 489 1429 supra¹:
515 1367 617 1429 neque
639 1349 699 1409 hoc
726 1348 794 1410 loeo
817 1344 916 1426 repeti
971 1345 1083 1404 erroris
1095 1349 1294 1425 resperserat,
1310 1363 1346 1407 ac
1359 1351 1532 1426 suspectam
1546 1346 1734 1409 reddiderat:

140 1456 269 1500 neeesse
283 1443 340 1500 ast.
969 1433 1002 1496 id
1022 1435 1107 1515 quod
1124 1437 1279 1516 plerIsque
1298 1436 1331 1498 in
1350 1437 1519 1499 haeresibus
1539 1439 1686 1517 contigit:
1703 1445 1738 1499 ut

179 1530 346 1592 Nestorius
362 1548 457 1610 porro
479 1528 751 1593 anathematismum
767 1545 860 1590 suum
874 1526 917 1587 ita
971 1528 1085 1607 quibus
1099 1547 1206 1591 earum
1226 1530 1383 1591 architecti
1406 1530 1561 1591 vocabulis
1586 1549 1667 1610 saepe
1690 1531 1738 1592 usi

143 1622 297 1702 concepit,
313 1627 350 1684 ut
361 1629 488 1684 naturas
504 1623 643 1696 easdam,
659 1641 730 1701 quac
743 1621 916 1699 conjuncta
971 1626 1053 1695 sunt,
1071 1639 1115 1681 aaa
1129 1640 1186 1701 pro
1198 1622 1351 1682 damnatis
1362 1621 1546 1683 habeantur.
1556 1623 1616 1684 Sed
1630 1624 1668 1684 de
1680 1624 1739 1684 bae

143 1715 918 1796 sunt,posteonjunctionemduasmanere,neque
972 1729 1048 1773 voce
1067 1710 1147 1773 libro
1174 1715 1265 1775 tertio
1289 1713 1448 1775 diximus.
1477 1716 1548 1775 lam
1574 1733 1648 1776 vero
1674 1733 1739 1776 non

144 1807 326 1869 mnfusaset
339 1808 916 1869 inunamredactasessemonstraret:
973 1812 1101 1884 σονάφειαν
1142 1806 1322 1886 simpliciter
1358 1805 1523 1885 proscribit
1550 1807 1681 1888 Gyrillus
1706 1807 1740 1867 in

145 1899 233 1979 quasi
245 1900 381 1980 Gyrillus
403 1900 595 1961 eontrarium
616 1899 650 1958 in
674 1915 731 1959 suo
744 1894 916 1958 anatliema·
972 1897 1213 1960 anathematismo
1226 1916 1301 1960 suo:
1323 1898 1376 1960 sed
1390 1907 1518 1978 σννάφειαν
1531 1907 1576 1977 τὴν
1587 1908 1642 1963 κατ’
1657 1906 1736 1979 ἀξίαν,

145 1991 432 2053 :memordisse
972 1996 1031 2051 etc.
1054 1989 1227 2069 cujusmodi
1248 1988 1406 2051 Nestorius
1423 1991 1589 2068 asserebat,
1609 1993 1668 2053 boo
1692 1999 1740 2055 est

14 2125 18 2136 ·
49 2100 123 2145 arn
184 2083 255 2144 Duo
281 2083 322 2145 ab
350 2083 561 2146 Orientalibus
587 2084 621 2145 in
646 2080 752 2163 cyrilli
783 2080 918 2161 capitulo
971 2081 1200 2163 conjunctionem
1219 2081 1310 2142 solim
1335 2080 1507 2163 dignitatis,
1535 2084 1584 2145 vel
1611 2084 1740 2145 auetori-

147 2180 253 2236 notata
266 2180 357 2237 sunt:
374 2177 494 2252 Unum,
517 2175 601 2256 quod
621 2182 782 2247 ὑποστάσεις,
802 2173 863 2235 hoc
874 2177 920 2234 est
974 2174 1054 2233 tatis.
1067 2175 1199 2253 Proque
1207 2172 1316 2234 itidem
1324 2173 1574 2254 nonsimpliciler
1582 2183 1627 2254 νὴν
1637 2185 1737 2240 σύνοδον

146 2267 327 2328 substantias
339 2268 435 2329 dividi
451 2273 536 2330 vetat
547 2277 617 2348 post
629 2266 815 2327 unitionem.
834 2264 919 2327 Alte·
973 2265 1612 2344 1111111111Ῑ11111ῑ,1111σόνοδονσὴνκαο’ἕνονσιν
1624 2277 1737 2348 φυσικὴν,

146 2376 238 2435 rum,
268 2361 354 2440 quod
385 2359 556 2422 naturalem
588 2358 722 2439 appellet
755 2357 919 2419 unitionem
972 2357 1307 2419 hocestcanocntiomm
1321 2356 1632 2422 serandamnm'tatem
1656 2371 1740 2423 nata-

146 2450 250 2513 istom.
268 2453 357 2526 Quod
371 2452 411 2513 ad
423 2451 509 2532 prius
522 2451 642 2525 attinet,
660 2448 768 2529 Gyrilli
781 2455 920 2512 mentem
973 2447 1079 2510 ratem,
1096 2449 1224 2528 Utrique
1239 2468 1332 2528 porro
1355 2450 1381 2511 si
1399 2468 1435 2512 ea
1457 2450 1644 2530 detraheres,
1668 2473 1739 2533 quae

146 2543 230 2604 mala
242 2543 307 2605 fide
320 2544 571 2623 calumnioseque
581 2543 624 2605 sic
633 2542 798 2622 explicant,
810 2547 845 2602 ut
858 2541 921 2602 dis·
973 2558 1111 2615 annexa,
1127 2548 1157 2602 et
1170 2542 1315 2620 adjuncta
1334 2547 1421 2619 sunt,
1443 2544 1618 2623 promiscua
1635 2551 1666 2607 et
1681 2553 1738 2614 est.

146 2636 259 2697 tinctam
270 2654 337 2698 esse
351 2644 479 2698 naturas
493 2653 557 2697 uon
571 2641 678 2715 putet,
697 2634 751 2694 sed
766 2637 917 2702 contusas,
974 2640 1005 2695 et
1018 2632 1131 2713 Cyrillo
1144 2633 1243 2694 videri
1254 2636 1355 2713 potuit
1365 2634 1511 2697 utriusvis
1521 2638 1691 2718 usurpatio.

145 2728 413 2807 quemadmodum
428 2734 459 2790 et
471 2745 647 2806 anonymus
659 2726 809 2805 impostor
822 2726 920 2787 videri
1013 2725 1092 2785 Nam
1101 2725 1184 2804 quod
1199 2733 1300 2806 φυσικὴν
1313 2726 1477 2807 appellavit
1491 2736 1577 2791 ἕνωσιν
1591 2729 1688 2806 illam,
1709 2734 1740 2791 et
1763 2768 1901 2815 mmm·

144 2821 257 2882 voluit.
278 2821 317 2881 Iu
335 2822 490 2897 secundo,
513 2819 655 2880 similiter
674 2819 861 2897 aequitatem,
889 2824 920 2879 et
973 2816 1107 2897 idipsum
1123 2823 1256 2879 sectatur
1274 2819 1501 2896 Theodoretus,
1516 2820 1739 2899 ejusdemmodi
1762 2823 1896 2868 amoma

145 2913 315 2974 madorem
323 2910 706 2990 meritoinillisrequiras:
719 2910 795 2971 dum
804 2917 917 2989 φνσιαὴν,
974 2916 1031 2984 cst,
1047 2928 1082 2971 ac
1096 2910 1190 2988 paulo
1201 2915 1273 2971 ante
1287 2911 1445 2990 querelam
1459 2912 1544 2973 illam
1556 2913 1738 2975 luisscdixi-

145 3004 178 3066 id
204 3010 252 3066 est
278 3004 445 3066 amurcam
474 3002 745 3082 cunjunctionem,
780 3020 851 3064 eam
883 3001 919 3062 in
973 3019 1043 3062 mus
1067 3001 1282 3063 Orientalium.
1307 3003 1422 3064 Eadem
1441 3004 1525 3066 enim
1545 3005 1740 3067 cavillatione

145 3103 270 3176 partem
283 3095 457 3176 accipiunt,
480 3101 515 3156 ut
534 3114 600 3156 non
611 3094 812 3170 voluntaria,
827 3095 920 3156 idest
972 3093 1265 3155 anathematismum
1279 3094 1371 3156 ambo
1385 3103 1459 3158 sunt
1476 3098 1630 3176 aggressi:
1653 3102 1688 3157 ut
1701 3098 1740 3159 de

144 3187 262 3263 libera,
297 3193 329 3249 et
352 3188 508 3267 gratuita,
537 3190 590 3248 sed
623 3187 758 3248 naturali
783 3187 918 3267 <prodam
972 3185 1032 3246 hoo
1066 3185 1145 3246 nibil
1173 3185 1373 3266 disputationi
1407 3194 1521 3250 nostrae
1548 3190 1740 3271 precipuum

146 3286 269 3341 extorta
281 3280 463 3342 necessitate
472 3279 511 3339 sit
518 3279 572 3339 illa
581 3278 798 3357 Redemptoris
810 3278 920 3340 huma·
972 3281 1077 3339 restet.
1088 3277 1166 3338 Vide
1179 3278 1306 3339 Maximi
1314 3278 1518 3357 Aquileiensis
1531 3282 1664 3362 episcopi
1678 3281 1740 3342 dis·

147 3373 230 3433 nitas
251 3378 284 3433 et
302 3370 518 3433 beneficentia.
541 3372 622 3430 bam
635 3370 711 3431 illud
727 3371 829 3431 nescio
843 3371 919 3450 quid
973 3370 1165 3451 putationem
1172 3370 1410 3431 inbatcranensi
1417 3373 1536 3451 synodo
1543 3372 1601 3432 sub
1609 3373 1741 3434 Martino

147 3465 187 3525 ad
197 3463 324 3525 invidias
339 3463 502 3525 cumulum
516 3461 679 3540 adjiciunt,
693 3479 730 3522 ex
749 3463 919 3524 necessaria
972 3459 1080 3543 papa⁸:
1092 3460 1145 3520 ubi
1157 3460 1218 3521 late
1229 3460 1447 3522 baereticorum
1457 3464 1743 3543 tergiversationem

146 3556 200 3617 illa
210 3562 334 3617 naturae
345 3556 426 3635 lege,
438 3560 469 3616 et
479 3554 672 3615 ordinatione
681 3554 777 3632 sequi,
789 3554 919 3615 utcertis
971 3554 1053 3615 banc
1059 3550 1155 3613 edidit
1166 3572 1174 3624 3
1190 3552 1243 3630 qui
1257 3553 1431 3614 naturalem
1443 3554 1563 3616 nullam
1575 3555 1609 3615 in
1623 3555 1742 3617 Christo

148 3647 330 3723 intervallis,
338 3652 370 3710 et
378 3646 611 3709 :nouitionibus
621 3651 798 3726 temporum
811 3646 919 3707 eadem
972 3645 1164 3706 voluntatem
1179 3643 1277 3704 inesse
1295 3645 1470 3723 probabant
1492 3646 1566 3708 falso
1580 3647 1633 3708 illo
1648 3666 1741 3727 argu·

146 3740 234 3801 velut
261 3740 297 3800 in
323 3738 435 3801 orbem
461 3743 609 3815 recurrat,
632 3742 663 3798 at
681 3744 920 3817 representatur
973 3743 1080 3799 mento
1102 3735 1184 3808 ireti,
1213 3735 1296 3816 quod
1317 3737 1469 3818 quidquid
1482 3740 1624 3802 naturale
1638 3745 1695 3821 est,
1709 3739 1743 3802 id

148 3831 444 3905 lncmnatiol'erbi3
458 3830 584 3910 quodin
597 3828 811 3891 constituenda
824 3829 921 3891 mille-
974 3848 1039 3892 esse
1052 3827 1261 3890 necessarium
1270 3835 1401 3909 oportet.

147 3923 232 3985 narii
245 3922 403 3984 intervalli
416 3922 522 3983 tabula
544 3921 755 4002 Apollinarem
769 3920 921 3983 invexisse

146 4021 289 4078 nonant.
312 4016 375 4078 Sed
389 4019 435 4076 est
452 4014 603 4093 maligna,
619 4019 651 4074 et
663 4013 812 4075 infuscata
825 4013 921 4077 livore
1427 4072 1431 4079 .

147 4114 244 4189 atque
257 4107 332 4169 odio
346 4107 399 4168 illa
411 4106 494 4168 vocis
507 4106 731 4186 interpretatio.
1064 4105 1431 4171 ANATHEMATISNUS
1453 4107 1653 4184 QUARTUS.

189 4200 347 4267 Quocirca
363 4198 445 4261 varis
463 4216 500 4259 ac
521 4197 625 4259 solidis
645 4196 817 4258 rationibus
840 4198 922 4259 hanc

147 4291 440 4354 illorumlicentiam
447 4292 573 4369 castigat
579 4288 721 4369 cyrillus:
735 4291 922 4364 assereus,in
1078 4299 1232 4363 Nsssqossu,
1501 4302 1626 4366 cmm,

149 4384 184 4445 id
198 4402 302 4446 unum
316 4384 437 4445 intento
457 4401 490 4444 se
507 4382 611 4443 animo
624 4381 730 4457 fuisse,
740 4388 776 4441 ut
789 4381 923 4442 Nestorii

149 4475 348 4557 impietatem
358 4474 528 4549 refelleret:
543 4474 598 4554 qui
612 4479 738 4535 naharas
751 4474 839 4549 duas,
856 4474 924 4554 post
1021 4470 1159 4549 «Siquis
1169 4488 1330 4547 easvoaes,
1431 4493 1447 4531 a
1467 4473 1499 4534 Si
1524 4474 1593 4554 quis
1620 4473 1741 4535 duabus

149 4570 345 4643 mationem,
359 4568 460 4647 reipsa
474 4566 627 4641 divulsas,
643 4564 834 4644 minimeque
848 4583 923 4626 eou-
977 4581 1048 4641 quae
1057 4569 1122 4622 tam
1136 4561 1170 4622 in
1189 4564 1331 4642 Evange-
1386 4565 1542 4643 personis,
1565 4565 1615 4627 vel
1641 4563 1742 4626 subsi-

147 4660 276 4739 junetas
299 4660 334 4720 in
361 4659 503 4720 eamdem
531 4674 697 4737 personam
718 4675 783 4718 esse
797 4656 923 4737 prolite·
977 4652 1037 4728 liis,
1058 4671 1153 4732 quam
1166 4655 1200 4715 in
1218 4656 1330 4735 episto·
1389 4657 1507 4718 stentiis
1525 4656 1670 4719 decernat
1692 4675 1743 4719 eas

149 4759 258 4828 retur3
272 4769 334 4813 nec
355 4768 389 4812 sc
405 4750 586 4830 hypostases
609 4766 646 4810 eo
672 4749 765 4810 modo
790 4746 924 4828 separari
977 4744 1332 4825 lisApostolicisderri·
1388 4765 1494 4823 voces,
1520 4766 1591 4827 quae
1617 4755 1682 4810 tam
1709 4749 1744 4809 in

148 4862 280 4925 passum
308 4860 386 4905 esse.
417 4841 597 4903 Naturalem
623 4858 716 4920 porro
751 4840 925 4900 unitionem
978 4837 1102 4917 sto,qui
1123 4844 1222 4899 estex
1245 4844 1330 4899 utra·
1387 4840 1599 4918 Evangeliois,
1647 4857 1743 4921 qaam

149 4935 343 5017 appellasse,
366 4951 486 5007 veram,
507 4951 572 4994 non
591 4932 748 5008 fictitiam,
768 4937 799 4992 et
818 4930 927 5007 imagi-
975 4948 1058 5009 que,
1086 4929 1207 5010 scriptae
1239 4935 1329 5007 sunt,
1386 4930 1569 5011 Apostolicis
1634 4932 1744 4993 litteris

4 5070 6 5145 ι
149 5027 289 5090 numam.
304 5025 367 5087 Sed
385 5025 453 5087 hmo
466 5024 609 5105 pluribus
623 5023 774 5102 alibijam
788 5023 927 5102 exposita
975 5021 1103 5101 accipiat
1118 5026 1277 5102 tamquam
1292 5022 1330 5082 de
1387 5023 1586 5085 continentur
1611 5043 1619 5084 :
1641 5024 1689 5085 vel
1710 5040 1743 5084 e·

11 5116 123 5173 '¹¹¹¹‘
149 5119 268 5194 sunt’3
296 5117 345 5180 uti
367 5122 399 5179 et
422 5117 462 5180 de
486 5116 711 5197 significatione
725 5114 866 5176 vocabuli
882 5127 927 5191 τῆς
975 5132 1039 5174 una
1061 5118 1191 5189 natura3
1211 5113 1330 5194 ipsique
1386 5114 1742 5194 tiameasquaedoGhri·

149 5221 313 5284 ικοστὼαονς
325 5209 412 5288 apud
426 5209 577 5289 cyrillum
591 5208 720 5289 egimus.
976 5205 1031 5266 Dei
1044 5205 1146 5267 Verbo
1155 5210 1329 5286 tentatpas·
1388 5212 1435 5267 sto
1453 5225 1472 5268 a
1493 5207 1613 5269 Sanctis
1631 5207 1742 5269 dicun-

177 5420 191 5462 1
205 5417 262 5473 cup.
272 5426 300 5468 ιι,
310 5426 390 5472 parag.
399 5411 474 5460 8·-t
483 5411 530 5461 bb.
544 5411 612 5465 llio.
626 5416 755 5470 1111111111
768 5421 790 5458 c.
802 5410 877 5457 ra.-t
887 5409 941 5466 cap.
954 5419 977 5462 n,
991 5407 1149 5466 anagn-r
1159 5406 1219 5454 Tan.
1234 5407 1260 5452 lt
1272 5408 1338 5453 coac.
