4076 6180
308 356 367 417 696
818 351 1145 417 THEOLOGICORUM
1165 352 1387 414 DOGMATUM

307 519 439 581 letitiam
451 521 544 583 luisse
558 523 698 590 abstruit‚
713 522 747 582 in
760 539 856 601 quam
870 520 966 599 jurati
974 518 1076 579 initia·

307 611 422 672 bantur
436 614 582 693 episcopi.
607 615 752 693 Adeoque
772 614 920 692 stupidos,
936 618 968 672 et
976 609 1074 691 pata·-

303 702 491 783 phapom'dos
500 707 593 768 luisse
602 712 755 768 nostrates
764 704 1077 766 GallosArausicanus

308 795 454 857 insititius
480 798 619 870 eredidit,
652 805 687 859 ut
712 799 929 878 Episcopatnm
958 795 1075 856 nemini

307 889 504 961 mandarent,
519 890 579 950 nisi
593 891 646 969 qni
661 891 790 971 prinsin
807 891 872 950 heo
887 889 1031 961 absurda,
1047 894 1077 947 et

307 979 434 1040 infanda
455 982 604 1060 jurasset3
622 989 662 1045 ιιι
684 985 722 1043 Ει
736 984 834 1043 [leiim
850 987 999 1042 assereret
1013 1000 1078 1041 non

308 1090 416 1133 omnes
422 1075 500 1135 velle
514 1076 613 1135 salvos
627 1075 704 1151 lleri;
716 1076 935 1157 imomajorem
959 1080 1078 1153 partem

307 1164 596 1247 hominumpenitus
605 1168 687 1227 nolle
701 1169 904 1229 :etChristum
912 1169 1078 1228 Dominum

308 1256 416 1318 itidem
431 1260 495 1338 pati
511 1278 567 1339 pro
582 1261 726 1321 omnibus
748 1278 916 1334 recusasse;
934 1261 985 1320 sed
1001 1279 1078 1339 pau-

309 1348 351 1409 eis
362 1352 507 1430 exeeptis,
523 1353 634 1412 Adami
650 1355 810 1414 universos
822 1365 960 1433 posteros
973 1371 1078 1413 exsor-

309 1446 356 1501 tes
366 1442 588 1523 redemptionis
600 1446 683 1506 illius
695 1464 760 1506 esse
766 1445 912 1524 jussisse?
925 1446 1080 1506 Parumne

309 1551 385 1595 vero
398 1535 488 1595 eertis
503 1536 533 1595 nt
547 1539 739 1615 argumentis
748 1544 837 1598 antea
852 1538 1078 1598 demonstravi-

310 1641 391 1694 mus,
408 1629 628 1706 Augustinum,
646 1632 843 1711 Prosperum,
867 1638 897 1690 et
924 1630 1000 1690 alios
1015 1630 1077 1691 Au·

309 1718 425 1795 gustini
455 1726 637 1795 sectatores;
666 1729 733 1783 tum
768 1723 860 1784 etiam
889 1722 1079 1783 Gothesealci

311 1808 484 1872 defensores
499 1814 733 1892 Lugdunenses,
753 1816 855 1894 etqui
879 1815 1078 1876 Valentinum

310 1902 475 1963 aracillum
488 1904 693 1980 celebrarunt,
711 1926 746 1967 ae
765 1913 861 1967 totam
876 1907 960 1966 illam
982 1908 1077 1967 loede-

310 1999 450 2055 ratorom
484 2004 590 2056 contra
617 1999 835 2059 Carisiaeenses
864 2000 1077 2079 episcoporum

311 2102 450 2161 manum,
468 2090 601 2151 multum
617 2091 655 2150 ab
682 2090 843 2152 Prudentii
857 2092 1003 2170 opinione
1020 2093 1079 2151 dis-

311 2180 473 2257 crepasse?
489 2183 566 2241 Nam
595 2202 633 2243 ex
657 2183 781 2244 illorum
796 2184 914 2263 placitis
938 2184 969 2244 id
992 2188 1078 2263 sequi

312 2273 482 2332 necessario
530 2275 753 2353 probavimus,
805 2279 899 2336 licum
926 2278 1076 2356 reprobis,

311 2370 463 2443 quantum
481 2367 512 2425 in
526 2385 558 2426 se
580 2373 636 2440 est,
654 2374 684 2428 et
699 2369 801 2447 quoad
817 2369 897 2435 tirae.
918 2390 952 2430 ae
966 2373 1079 2431 eonsti-

312 2461 386 2515 tutae
401 2456 484 2534 leges
496 2460 646 2535 generalis
655 2460 797 2520 omnium
806 2461 1079 2523 administrationis

310 2546 426 2618 ferunt,
450 2549 581 2610 salutem
609 2551 686 2612 vello
709 2553 856 2615 tribuere.
885 2556 949 2615 Hoe
975 2556 1077 2635 ipsum

312 2639 444 2720 denique
465 2661 648 2721 persuasum
672 2646 806 2724 antiquis
826 2647 895 2715 illis,
923 2666 958 2707 ac
985 2650 1079 2709 totius

312 2732 452 2794 Eeolesiae
466 2753 616 2796 consensu
627 2742 786 2815 receptum
799 2739 903 2810 luisse,
918 2740 955 2800 cle
967 2741 1079 2801 Christi

311 2825 534 2906 redemptione,
551 2830 635 2907 quod
649 2830 820 2890 Tridentini
840 2832 941 2892 Patres
959 2833 996 2892 de
1011 2852 1078 2894 om-

311 2916 400 2977 nium
415 2919 634 2981 catholicorum
643 2923 795 2982 sententia
806 2924 1076 3002 pronuntiarnnt¹.

315 3029 331 3066 a
354 3010 417 3070 Etsi
444 3012 495 3071 ille
515 3032 572 3092 pro
591 3015 736 3075 omuibus
763 3029 905 3076 mortuus
933 3022 989 3082 est.
1014 3037 1078 3077 uon

311 3118 420 3161 omnes
446 3108 553 3164 tamen
572 3107 679 3166 mortis
707 3107 773 3185 ejus
802 3107 987 3170 heneficium
1001 3111 1079 3170 reei-

310 3210 400 3272 pere:
418 3195 470 3255 sed
485 3214 537 3256 eos
551 3198 711 3273 duntaxat,
729 3199 841 3278 quibus
853 3202 1000 3261 meritum
1013 3220 1080 3280 pas-

311 3284 406 3345 sionis
416 3287 481 3365 ejus
496 3290 750 3351 communicatur.
769 3312 783 3348 n

351 3378 468 3451 Quibus
477 3380 578 3441 serbis
590 3400 654 3442 nou
667 3401 719 3442 eos
728 3383 826 3455 solos,
843 3384 897 3462 qni
911 3385 1079 3463 aliquando

250 3523 254 3531 .
311 3470 519 3547 erediderunt,
537 3474 576 3533 ad
590 3474 701 3534 Christi
717 3475 828 3535 dorent
843 3477 1026 3555 passionem,
1043 3497 1078 3539 ae

156 4980 200 5027 ileo
217 4981 260 5028 utut

179 5036 233 5079 ntis

155 5097 257 5133 comme

311 3563 459 3623 meritum
473 3565 704 3643 pertinerezsed
714 3566 806 3627 etiam
817 3567 1077 3647 reliquosomnes‚

311 3654 366 3732 qui
392 3655 425 3715 in
448 3656 568 3717 Christo
593 3677 755 3738 nunqnam
777 3660 876 3720 renati
899 3668 972 3721 sunt
996 3681 1080 3742 :pro

311 3744 426 3824 quibus
438 3750 480 3808 ita
494 3749 556 3828 pati
572 3750 680 3825 voluit,
693 3758 728 3811 ut
747 3762 851 3812 tamen
864 3752 1002 3813 caeritum
1013 3772 1081 3833 pos-

310 3835 399 3898 siom‘s
412 3839 495 3901 illius
516 3842 619 3922 adepti
639 3861 703 3903 non
724 3842 849 3904 luerint.
864 3845 902 3903 Et
915 3845 972 3905 hos
985 3846 1080 3925 igitur

312 3928 491 4008 Pelagianos
505 3952 568 3993 non
593 3934 744 3994 dubitavit
758 3952 821 3995 esse
836 3936 1028 4013 Vincentius,
1044 3946 1079 4003 ut

311 4026 341 4083 et
352 4023 501 4101 magister
510 4025 578 4102 ejus
586 4025 778 4087 Armaoanus
795 4046 802 4087 :
818 4046 876 4087 nee
889 4046 951 4087 nou
970 4029 1078 4091 Petrus

313 4114 471 4175 Aurelius²
496 4136 503 4175 ε
525 4118 578 4194 qni
602 4118 804 4179 Valentinum
832 4120 1017 4197 consilium,
1042 4141 1078 4183 ao

311 4207 668 4285 Prudentiumafllrmat,
689 4231 704 4267 ιι
737 4216 843 4271 contra
862 4211 1032 4289 theologos,
1048 4221 1079 4274 et

309 4299 466 4379 episcopos
481 4301 579 4361 aetatis
593 4320 668 4373 suae,
684 4304 736 4379 qui
752 4301 791 4361 ab
805 4303 963 4382 explorata
970 4305 1076 4382 Augu-

308 4391 393 4460 stini,
417 4411 612 4452 summorum
639 4394 834 4471 pontificum,
858 4395 1075 4457 conciliorum-

308 4501 369 4561 que
381 4483 521 4544 doetrina
545 4485 702 4545 aberrasse
725 4485 923 4561 ridebantur,
936 4487 1075 4565 judicare

306 4592 371 4634 non
386 4575 555 4645 dubitasse,
572 4578 672 4636 Deum
686 4595 738 4636 eos
752 4577 852 4637 salvos
863 4577 963 4638 lacere
977 4579 1072 4655 nolle,

306 4684 382 4742 quos
400 4668 438 4726 ad
468 4667 599 4728 salutern
626 4686 690 4727 non
717 4668 925 4730 adduceret.»
952 4671 1011 4731 Sed
1033 4673 1071 4733 de

305 4758 487 4833 Prudentia,
518 4778 554 4819 ae
580 4765 645 4819 tota
671 4760 723 4819 illa
749 4760 815 4838 ejus
841 4761 962 4821 actione
995 4764 1069 4824 satis

305 4850 415 4910 multa.

345 4942 463 5003 Prodiit
485 4961 586 5022 nuper
615 4944 646 5002 in
670 4943 772 5005 lucem
802 4943 862 5003 hoe
887 4945 952 5023 ipso
982 4964 1072 5006 anno

307 5034 468 5095 Prudentii
481 5033 645 5095 Tricassini
665 5033 743 5094 liber
753 5032 787 5094 de
809 5033 1074 5098 predestinatione

305 5132 413 5192 contra
437 5126 590 5187 loannem
618 5127 755 5187 Scotum.
788 5127 886 5200 Quem
914 5145 987 5187 enm
1015 5147 1072 5208 ego

304 5235 528 5298 percurrerem,
551 5218 703 5279 nonnulla
718 5218 752 5278 in
779 5237 816 5280 eo
834 5219 934 5298 reperi
954 5219 1073 5281 abillis

304 5309 494 5385 dissidentia,
509 5328 579 5389 quae
596 5309 678 5370 illius
692 5329 730 5371 ex
742 5311 872 5391 epistola
886 5329 1071 5389 commemo,

1123 518 1189 578 rari
1207 540 1214 578 ι
1230 518 1268 578 iis
1290 525 1396 580 autem
1422 526 1725 600 consentaneaque
1751 539 1793 607 ex
1815 519 1896 580 anti·

1125 610 1272 691 quiorum
1299 613 1427 692 pariter,
1442 620 1474 673 et
1496 614 1704 674 recentiorum
1730 612 1893 691 Augustini

1126 709 1323 778 secutorum,
1337 710 1368 765 et
1387 705 1525 784 ipsorum
1546 707 1634 780 adeo,
1659 706 1714 784 qui
1734 703 1893 765 Prudentii

1127 796 1531 876 aequalesluerunt,scriptis
1540 797 1793 877 effieipauloante
1803 797 1893 856 docui

1128 888 1275 949 nimirum
1289 890 1494 968 reproborum
1508 891 1668 951 interitum
1678 910 1743 951 uon
1755 909 1794 950 ex
1806 888 1896 949 desti-

1128 990 1211 1053 nata,
1228 986 1258 1042 et
1272 990 1353 1042 certa
1366 981 1602 1043 lieriroluutate
1617 983 1670 1043 [lei
1686 1002 1693 1042 :
1710 983 1763 1043 sed
1775 1000 1814 1041 ex
1826 981 1895 1041 illo·

1127 1093 1197 1134 rum
1220 1074 1395 1134 voluntaria
1420 1080 1451 1136 et
1485 1075 1634 1154 pertinaci
1664 1075 1893 1135 obduratione:

1127 1185 1222 1246 quam
1236 1167 1408 1246 praevidens
1434 1169 1525 1238 Deus,
1555 1167 1669 1228 frustra
1696 1168 1845 1227 invitatos
1858 1166 1896 1225 ad

1127 1259 1343 1337 poenitentiam
1357 1276 1394 1319 ae
1415 1259 1545 1319 salutem
1566 1260 1763 1340 sempiternis
1783 1258 1897 1318 addicit

1128 1351 1292 1429 suppliciis.
1311 1352 1348 1410 ln
1363 1351 1461 1430 eapite
1482 1352 1584 1431 primo
1602 1352 1673 1411 libri
1701 1351 1794 1423 illius,
1813 1356 1896 1427 post-

1128 1461 1222 1520 quam
1237 1461 1273 1502 ex
1284 1443 1441 1522 Fulgentii
1455 1444 1632 1504 testimonio
1640 1443 1746 1503 docuit
1755 1442 1779 1517 ⁸,
1792 1464 1809 1499 ιι
1816 1462 1896 1522 prae·

1128 1535 1365 1596 destinationem
1381 1537 1433 1596 [lei
1448 1553 1513 1596 esse
1535 1537 1757 1616 sempiternam
1770 1535 1896 1615 disposi-

1130 1627 1256 1688 tionem·
1286 1628 1383 1688 futuri
1421 1629 1522 1708 operis
1558 1629 1624 1699 θεὶς
1661 1651 1676 1685 n
1713 1629 1752 1688 cle
1788 1629 1896 1687 cadem

1131 1720 1410 1796 praedestinatione,
1435 1740 1496 1799 qua
1519 1721 1558 1780 ad
1578 1720 1725 1800 reprobos
1752 1720 1896 1799 pertinet,

1129 1811 1172 1871 lta
1183 1812 1341 1890 loquitur:
1361 1835 1377 1868 ιι
1389 1814 1448 1872 Sed
1468 1812 1640 1872 voltmtan’e
1655 1813 1689 1872 in
1703 1811 1835 1871 crimina
1856 1811 1898 1870 la·

1132 1902 1898 1984 benles,atqueineisobstinatissimeperdurantes

1127 1994 1210 2071 juste
1238 1997 1340 2075 punit,
1360 1997 1443 2075 juste
1468 1997 1665 2057 condemnat.
1694 1997 1897 2075 Nequaquam

1129 2091 1211 2147 eninr
1223 2087 1375 2165 justiliam
1398 2095 1544 2164 servaret,
1560 2089 1616 2149 nisi
1640 2106 1703 2148 nse
1721 2089 1897 2148 voluntaria

1129 2180 1296 2240 defectione
1309 2200 1441 2255 aversos
1458 2200 1492 2240 ac
1510 2182 1699 2255 recedentes,
1715 2199 1819 2258 neque
1833 2180 1899 2239 ulla

1128 2274 1327 2334 conversione
1347 2274 1438 2333 adse
1458 2273 1623 2333 redeuntes
1647 2274 1897 2352 prevaricatores

1129 2367 1247 2426 meritis
1265 2366 1365 2445 poenis
1388 2365 1554 2427 addiceret.
1574 2366 1653 2439 Quia
1678 2370 1785 2425 autem
1796 2364 1898 2441 justus

1129 2462 1185 2526 est,
1203 2457 1513 2532 etjnstitiamserrat,
1530 2458 1688 2518 ettamdiu
1703 2457 1896 2517 inexhausta

1128 2550 1274 2611 bonitatis
1288 2550 1504 2629 snaepatientia
1514 2550 1612 2610 malos
1623 2547 1893 2615 toleratmnneri-

1128 2643 1186 2704 hus
1202 2644 1307 2715 donat,
1325 2642 1459 2721 praemiis
1479 2643 1609 2715 invitat3
1625 2661 1683 2703 nec
1707 2649 1813 2702 tamen
1834 2641 1897 2699 ullo

1127 2741 1222 2796 tante
1241 2735 1438 2808 benignitatis
1462 2734 1664 2795 medicamine
1687 2735 1896 2805 molliuntur;

1128 2828 1204 2907 quin
1213 2828 1314 2907 potius
1324 2827 1527 2887 obduratione
1537 2826 1896 2903 irrevocabili,etingm-

1128 2920 1261 2980 titudine
1273 2919 1415 2979 horribili
1428 2919 1458 2978 in
1476 2919 1539 2978 suis
1557 2919 1740 2979 uoluntariis
1754 2918 1897 2997 iniquita·

1129 3011 1210 3072 tibus
1232 3016 1439 3091 perseverant,
1466 3011 1605 3089 aequitati
1623 3011 1690 3088 ejus
1717 3010 1896 3070 omnimodo

1130 3104 1308 3182 dignissime
1322 3102 1478 3181 competit,
1495 3107 1531 3162 ut
1544 3121 1623 3181 qnos
1640 3103 1755 3162 invicta
1777 3102 1898 3162 bouitas

1130 3195 1308 3256 nullatenus
1320 3193 1501 3254 revocavita
1510 3194 1634 3266 scelere,
1645 3200 1761 3255 aeterna
1771 3193 1898 3272 aequitas

1130 3287 1239 3367 puniat
1253 3288 1286 3346 in
1299 3288 1501 3346 tormentis.»
1530 3286 1598 3346 Non
1621 3287 1717 3364 igitur
1739 3286 1779 3346 oh
1797 3285 1897 3345 solum

1131 3378 1280 3458 originale
1294 3384 1452 3458 peccatum
1475 3377 1614 3438 absolute
1628 3379 1728 3457 pernis
1751 3378 1898 3437 addicun-

1130 3478 1182 3531 tur
1197 3472 1321 3533 aeternis
1338 3491 1344 3528 :
1360 3488 1462 3549 neque
1476 3470 1667 3530 «voluntatis
1682 3469 1763 3529 illius
1777 3469 1898 3548 penitus

1130 3582 1194 3623 non
1207 3571 1252 3623 ost
1267 3568 1301 3622 ut
1315 3563 1491 3622 salventur:
1509 3584 1524 3619 a
1541 3564 1624 3642 quod
1645 3563 1677 3623 in
1700 3562 1830 3641 epistola
1844 3580 1897 3622 sua

1130 3656 1242 3734 posuit.
1258 3654 1382 3734 Alioqui
1402 3673 1465 3714 non
1490 3676 1504 3709 ιι
1521 3654 1635 3715 invicta
1654 3654 1793 3713 bonitate
1814 3672 1897 3713 reto

1130 3766 1199 3807 eare
1213 3747 1282 3807 illos
1295 3765 1312 3805 a
1323 3747 1436 3807 scelere
1449 3752 1615 3806 certaretur
1630 3766 1637 3806 ι
1652 3765 1709 3806 nec
1727 3768 1742 3801 ι
1757 3745 1896 3820 benigni·

1129 3840 1199 3900 tatis
1229 3858 1294 3899 strae
1328 3839 1531 3898 medicamina
1566 3838 1686 3897 mollire
1718 3837 1787 3897 illos
1809 3864 1823 3889 ι
1859 3838 1896 3894 ad

1130 3931 1375 4004 conversionem,
1404 3936 1435 3991 et
1464 3930 1595 3989 invitare
1624 3930 1796 3991 diceretur.
1829 3947 1898 4014 qua

1130 4022 1247 4094 omnia,
1259 4024 1283 4081 si
1292 4022 1412 4082 nullam
1423 4022 1547 4100 penitus
1558 4039 1668 4082 eorum
1678 4021 1897 4081 salvandorum

1128 4116 1322 4175 voluntatem
1344 4113 1472 4174 haberet
1495 4113 1590 4185 Deus,
1613 4113 1696 4187 licta,
1712 4120 1744 4173 et
1763 4114 1801 4172 ad
1829 4113 1897 4173 illu-

1128 4208 1265 4268 dandum
1274 4212 1451 4285 comparata
1460 4204 1571 4265 merito
1582 4212 1797 4265 censerentur.

1168 4299 1285 4359 Deinde
1308 4297 1379 4357 lihri
1407 4297 1545 4375 ejusdem
1571 4297 1669 4376 eapite
1699 4296 1864 4357 undecimo
1874 4294 1895 4366 ⁸,

1127 4409 1198 4451 cum
1213 4392 1348 4451 loannes
1359 4390 1467 4449 Scotus
1477 4389 1646 4466 objecisset.
1664 4389 1724 4448 «Si
1738 4388 1898 4467 praedesti-

1125 4482 1192 4542 nati
1207 4487 1279 4541 sunt
1293 4482 1330 4541 ad
1341 4498 1466 4560 poenam
1479 4481 1602 4559 reprobi
1613 4499 1624 4547 ,·
1640 4481 1812 4540 necessario
1821 4480 1899 4558 peri·

1125 4582 1222 4648 turoS,
1242 4591 1408 4652 poenasque
1436 4591 1580 4652 passuros
1608 4572 1813 4632 inevitabiles:
1826 4594 1841 4628 n
1855 4571 1897 4631 ita

1126 4665 1310 4725 Prudentius
1332 4664 1482 4725 occurrit.
1508 4666 1607 4724 «Non
1633 4664 1703 4725 ideo
1720 4664 1754 4723 fir
1769 4663 1895 4742 aliquid,

1129 4757 1202 4832 quia
1219 4760 1299 4818 lteus
1314 4757 1483 4834 praescivit3
1500 4757 1553 4816 sed
1577 4757 1646 4816 ideo
1672 4754 1723 4815 ille
1737 4755 1897 4835 praest-isit,

1126 4852 1199 4932 quia
1212 4852 1354 4910 futurum
1367 4849 1455 4909 solvit
1471 4867 1525 4921 ,ao
1536 4866 1591 4928 per
1606 4849 1665 4908 hoe
1674 4865 1739 4906 non
1751 4854 1797 4906 est
1808 4846 1896 4925 culpa

1126 4942 1325 5024 praescientis,
1341 4947 1373 5000 et
1394 4938 1645 5019 praedestinantis
1665 4938 1731 5005 Dei,
1747 4939 1774 4998 si
1788 4938 1897 5017 aliquis

1125 5037 1220 5118 perit;
1241 5035 1294 5094 sed
1309 5039 1458 5093 creaturae
1468 5031 1637 5104 rationalis,
1651 5031 1793 5110 quaesibi
1807 5030 1896 5090 meri·

1123 5135 1190 5189 tum
1202 5125 1354 5207 pereundi
1364 5123 1599 5198 malevivendo,
1614 5123 1743 5202 ejusque
1749 5122 1894 5183 bonitatis

1124 5217 1321 5300 largitatibus
1340 5216 1497 5278 abutendo
1512 5215 1712 5294 compararit.
1734 5214 1891 5274 Praedesti·

1122 5313 1208 5374 navit
1230 5310 1324 5390 igitur
1351 5310 1431 5370 Deus
1447 5314 1626 5387 peccantem
1645 5307 1684 5367 ad
1708 5307 1892 5385 supplicium

330 5517 339 5558 t
351 5516 439 5561 t'rtdar.
452 5528 481 5565 u.
491 5526 552 5560 cono.
566 5516 622 5563 sear.
635 5525 667 5567 u,
680 5525 727 5570 erp.
743 5527 777 5559 ιιι.
789 5537 817 5549 -
826 5513 905 5560 lPstr.
918 5515 973 5560 Aur.
985 5516 1011 5559 tn
1021 5520 1067 5561 octo
1077 5518 1225 5572 mussona.
1236 5516 1281 5558 -t
1292 5513 1358 5559 Prot.
1370 5512 1422 5556 -t
1435 5512 1491 5557 tuta.
