3990 6130
299 343 339 407 98
804 320 1134 397 ruadhoaleonuu
1155 318 1374 383 DOGMATUM

301 506 383 585 cogit
395 499 534 585 intelligi)
550 507 580 562 et
591 516 656 560 non
710 489 1064 567 raliterdominiUnige·
1115 486 1170 566 qui
1189 484 1223 545 in
1242 485 1343 562 primo
1367 489 1451 547 tomo
1468 482 1633 562 scripserit,
1658 483 1791 546 assidere
1810 488 1884 550 Ver.

303 591 657 677 magisunareverentia
711 583 1066 661 nitinatnraeconJuncts
1115 576 1192 637 bum
1215 577 1301 635 Patri
1323 594 1379 635 suo
1393 574 1487 637 etism
1501 584 1563 656 pert
1577 585 1676 655 σαρκὸς,
1696 576 1727 636 id
1749 586 1796 639 est
1818 597 1884 640 cum

302 695 467 753 veneratur
528 687 657 747 Emma·
712 688 768 758 est,
791 681 974 743 veneratum
995 690 1067 735 ana-
1116 687 1214 745 corne,
1236 670 1326 730 etsie
1346 667 1478 731 adorari.
1506 667 1599 746 Atqui
1615 668 1775 741 attidem
1792 677 1886 733 eatae

303 782 397 859 nuel,
431 795 590 861 unamque
630 773 659 837 ei
713 775 819 837 thema
828 771 905 832 sita
1117 770 1171 824 σον.
1188 761 1287 835 Quare
1307 759 1510 842 εἰμετὰοορνιος
1523 761 1636 822 assidet
1649 761 1746 834 Patri,
1766 767 1797 823 et
1816 764 1887 824 ado·

304 874 560 956 glorificationem
601 868 659 929 dp.
1119 859 1227 928 ratur3
1243 870 1299 917 cur
1312 871 1377 914 non
1390 860 1421 915 et
1434 862 1669 934 ονμκροονννοοοαι
1683 853 1743 915 dici
1753 854 1887 935 poterit?
1909 876 1987 924 anea

305 968 428 1051 pendlt;
459 966 550 1045 juxta
577 960 662 1040 quod
1160 945 1692 1026 AdeaGyrilluslonglorioratione
1705 947 1886 1026 respondet:

305 1066 448 1129 Verbum
462 1078 531 1123 raro
546 1057 663 1121 facturn
1121 1057 1157 1101 ae
1165 1038 1304 1117 primum
1312 1037 1709 1119 uniraprohatadoratione
1723 1040 1890 1102 colendum

307 1165 366 1237 esu
382 1155 548 1221 anathem,
561 1150 659 1213 spa„
1122 1149 1187 1192 esse
1214 1132 1315 1197 neum
1346 1136 1378 1195 et
1401 1131 1562 1193 hominem
1589 1131 1767 1208 Christum,
1795 1133 1890 1213 idque

1123 1223 1283 1285 Athanasii
1299 1224 1477 1287 testimonio
1504 1224 1668 1287 confirmat
1688 1246 1695 1287 ε
1723 1226 1762 1288 de
1776 1245 1839 1306 quo
1859 1227 1892 1287 in

348 1339 458 1401 Latina
467 1326 724 1414 Dionysiihlxigui
733 1320 903 1387 heremario
912 1315 1074 1401 paululum
1123 1316 1204 1381 libro
1225 1322 1347 1396 quarto,
1371 1317 1471 1397 capite
1489 1318 1618 1398 quinto,
1641 1324 1673 1380 et
1694 1319 1893 1399 sequentihus

308 1430 560 1500 immutavimus3
582 1425 647 1484 imo
671 1415 882 1500 supplevimus
906 1411 990 1491 quod
1016 1408 1076 1471 illis
1125 1409 1265 1487 eginum
1287 1412 1320 1471 et
1338 1429 1377 1471 ex
1393 1416 1535 1472 veterum
1553 1410 1734 1473 anctoritate
1753 1413 1895 1473 demons-

309 1526 434 1600 deerat3
450 1539 525 1585 nam
539 1515 700 1598 perspicue
718 1508 867 1573 mendosa
884 1509 984 1567 erant.
1005 1503 1077 1563 iam
1124 1500 1296 1576 nevimus,
1313 1501 1458 1565 laciniam
1471 1503 1567 1574 illam,
1580 1521 1650 1582 quse
1664 1503 1721 1564 sub
1736 1502 1895 1565 Athanasii

310 1616 394 1699 quod
404 1615 443 1676 ad
452 1611 584 1692 Capituli
599 1603 784 1670 sententiam
798 1598 930 1673 attinet3
945 1613 1028 1672 cum,
1042 1597 1078 1654 ut
1127 1593 1254 1655 nornine
1278 1600 1324 1657 est
1340 1594 1432 1671 edita,
1457 1594 1643 1673 Apollinaris
1662 1614 1729 1657 esse
1742 1595 1852 1670 fetum,
1865 1599 1896 1658 et

310 1709 382 1771 fidei
396 1704 574 1787 symbolum
582 1701 686 1774 habet,
697 1713 779 1759 unus
788 1693 827 1755 sit
836 1691 918 1753 filius
927 1687 1079 1749 Dominus
1128 1686 1167 1757 ab
1182 1686 1381 1765 Eutychianis
1392 1686 1539 1748 insertam
1551 1704 1617 1748 essa
1626 1688 1732 1768 Cyrilii
1741 1707 1897 1750 commen·

311 1807 417 1862 noster
429 1801 446 1860 J
449 1816 518 1860 esus
532 1794 682 1865 Christus,
698 1790 758 1850 hoo
771 1791 817 1849 est
835 1784 1033 1853 r‘aeoraotum,
1048 1782 1080 1840 et
1128 1778 1226 1852 tariis,
1241 1784 1335 1857 atque
1346 1780 1431 1841 hune
1444 1778 1583 1858 primum
1596 1781 1739 1842 omnium
1753 1780 1843 1861 loqui
1857 1781 1898 1842 sic

313 1892 538 1955 inhumanatum
548 1886 607 1951 Dei
620 1881 743 1947 Verbum
756 1900 763 1941 :
777 1894 877 1940 unum
891 1876 994 1955 ipsum
1007 1872 1080 1933 ado·
1129 1871 1307 1945 instituisse,
1324 1877 1359 1932 ut
1370 1879 1436 1953 port
1449 1873 1610 1934 unitionem
1625 1892 1716 1935 unam
1729 1874 1899 1935 affirmaret

312 1985 448 2049 randum
469 2001 534 2045 esse
556 1978 731 2050 didicimus,
760 1989 826 2037 non
854 1970 987 2031 alterum
1008 1982 1080 2028 cum
1131 1982 1187 2027 esse
1210 1963 1296 2025 Veris·
1315 1972 1453 2026 naturam
1472 1964 1666 2027 carnuntum.
1689 1966 1899 2027 Nihilominus

313 2080 422 2141 altero.
439 2078 545 2156 Neque
560 2070 644 2134 enim
662 2069 740 2130 alter
758 2071 804 2125 est
819 2069 851 2125 et
868 2063 955 2125 alter.
972 2061 1081 2138 Itaque
1131 2062 1237 2121 mmsn
1250 2073 1361 2119 verum
1374 2062 1421 2119 est
1434 2056 1522 2133 illud,
1538 2058 1622 2137 quod
1635 2058 1674 2119 de
1687 2058 1780 2119 unica
1790 2057 1900 2121 Christi

315 2191 378 2235 una
390 2175 436 2231 est
449 2169 542 2230 unius
559 2166 593 2226 in
614 2161 735 2224 dnahm
750 2156 870 2222 naturis
890 2148 1082 2214 subsistentis
1132 2149 1331 2211 veneratione
1344 2148 1482 2228 disputat
1502 2149 1655 2229 cyrillus3
1672 2150 1771 2230 deque
1791 2168 1830 2212 oo
1845 2166 1901 2211 nos

315 2263 464 2327 adoratio.
489 2261 563 2329 Ηῑεο1
584 2261 690 2318 autem
710 2251 804 2314 unius
827 2244 1025 2321 adorationis,
1052 2246 1083 2303 et
1134 2243 1271 2304 dicemus
1291 2257 1407 2322 postea.
1429 2242 1590 2305 Nestorius
1606 2259 1701 2322 porro
1718 2243 1760 2304 sie
1777 2241 1901 2304 adorari

316 2356 457 2417 indivisae
485 2349 650 2434 professio,
678 2342 894 2409 Nestorianam
921 2337 1084 2417 perfidiam
1134 2335 1322 2415 conjunctim
1342 2352 1414 2395 cum
1434 2334 1536 2395 Verbo
1557 2334 1711 2396 asserebat
1727 2334 1899 2409 hominem,

316 2447 420 2511 elidit¹
435 2445 508 2526 :qui
517 2442 630 2522 saepius
638 2437 696 2499 ista
701 2434 850 2516 jactabat,
866 2448 922 2491 asc
935 2426 1084 2509 gestantis
1134 2433 1170 2489 ut
1186 2426 1314 2489 nonnisi
1332 2442 1463 2510 spartana,
1484 2427 1594 2488 itidem
1615 2433 1651 2488 ut
1678 2426 1801 2488 unitum
1819 2428 1904 2488 hunc

317 2559 410 2605 eausa
423 2557 508 2615 enm,
524 2534 578 2617 qui
592 2536 729 2609 gestatur
745 2527 856 2588 colere.
879 2544 891 2580 ν
909 2524 999 2594 item,
1019 2538 1085 2583 nou
1134 2538 1201 2582 esse
1222 2519 1377 2589 credebat,
1401 2520 1501 2581 cuitus
1524 2524 1602 2580 esset
1620 2519 1709 2579 istius
1727 2520 1900 2600 particeps:
1975 2556 1979 2562 ·

322 2656 337 2693 a
351 2652 383 2695 sa
400 2630 564 2693 hominem
581 2626 721 2700 adorare,
741 2639 782 2685 ne
799 2618 839 2679 sit
856 2622 1058 2697 ἀνθρωοολάτρνς
1074 2632 1082 2675 z
1134 2611 1276 2692 quamvis
1288 2631 1323 2675 re
1338 2612 1378 2673 ah
1393 2612 1446 2673 illo
1459 2611 1586 2688 divisus,
1601 2628 1766 2691 personam
1779 2628 1904 2691 quoque

146 2684 193 2779 rin
211 2733 233 2776 ιο
243 2679 293 2776 l‘i'sr
317 2746 383 2789 non
402 2724 552 2785 infantem
574 2717 765 2791 bimestrem,
790 2719 821 2773 et
841 2710 1050 2783 trimestrem
1068 2726 1080 2763 ν
1135 2706 1311 2767 distinctam
1328 2704 1452 2766 iaceret.
1478 2705 1578 2778 Quare
1593 2706 1797 2765 neeessariam
1813 2703 1905 2764 fuisse

171 2786 268 2886 hoirtmii‘r‘f
317 2827 349 2882 et
367 2813 549 2897 hujusmodi
567 2811 646 2886 alia3
669 2806 783 2887 quihus
805 2801 989 2872 evertendis,
1011 2815 1085 2858 ana·
1135 2797 1296 2859 contendit
1312 2797 1446 2877 cyrillus
1465 2795 1715 2857 anathematismi
1733 2795 1819 2857 illius
1832 2790 1923 2857 eau-⁸

316 2902 644 2975 thematismusilleab
657 2898 773 2981 Gyrillo
788 2901 832 2957 est
858 2892 1023 2957 adhibitus.
1135 2890 1280 2955 tionem:
1308 2907 1379 2969 qua
1407 2908 1473 2952 non
1500 2889 1561 2950 alio
1586 2907 1681 2967 sensu
1708 2888 1903 2968 concipitur,

358 3007 398 3067 At
407 3000 564 3071 Nestorius
577 2994 723 3073 maligne,
738 2989 932 3071 captioseque
945 2985 988 3046 sic
998 2984 1087 3044 illum
1136 2999 1231 3061 quam
1244 2982 1283 3045 sit
1296 2987 1445 3060 tanquam
1458 2981 1537 3042 alins
1551 2999 1624 3043 cum
1638 2980 1703 3042 'alio
1721 2981 1847 3042 adorari
1864 2981 1906 3041 di-

319 3098 538 3175 interpretatus
553 3094 609 3162 est,
625 3084 713 3167 quasi
725 3082 805 3144 servi
815 3081 962 3154 formam,
977 3093 1088 3137 secun-
1136 3080 1234 3137 catur.
1264 3075 1397 3136 Proinde
1424 3074 1536 3153 nugari
1561 3075 1606 3134 ait
1631 3072 1823 3150 orientales,
1853 3071 1906 3153 qui

319 3190 397 3250 dum
410 3184 569 3266 propriam
580 3181 744 3250 rationem,
756 3173 956 3246 adorandam,
971 3170 1031 3230 hoe
1043 3173 1088 3235 est
1137 3175 1283 3250 συνεδρεύειν
1309 3168 1398 3245 illud,
1427 3173 1459 3229 et
1486 3174 1599 3248 μετὰτῆς
1613 3177 1703 3247 σαρκὸς
1729 3170 1903 3246 opponrmt.
1926 3190 1987 3237 m

320 3281 427 3343 divino
448 3278 534 3339 cultu
560 3271 754 3335 afficiendam
782 3268 967 3328 decerneret.
998 3260 1088 3328 Quod
1138 3262 1217 3323 Nam
1230 3261 1389 3323 aliudesse
1402 3260 1593 3340 simpliciter,
1610 3264 1641 3321 et
1654 3259 1808 3322 bonafide
1820 3277 1907 3321 usur-
1926 3252 1987 3290 *Ν

320 3371 475 3434 nefarium
488 3375 534 3431 est
546 3367 641 3440 dietu,
663 3369 694 3424 et
713 3362 753 3422 ab
773 3359 880 3439 Gyrilli
900 3362 1004 3418 mente
1019 3355 1088 3435 plu·
1138 3372 1213 3435 pare
1227 3353 1343 3418 similes
1363 3354 1512 3434 loquendi
1531 3353 1698 3414 formulas:
1723 3354 1821 3431 velut,
1842 3353 1907 3415 ani·

320 3466 438 3526 rimum
455 3463 613 3524 abhorret.
639 3454 801 3537 Siquidem
826 3456 953 3514 eatenus
975 3447 1086 3521 solum,
1139 3464 1225 3510 mam
1237 3446 1455 3509 hominisoum
1465 3465 1522 3508 sno
1532 3464 1661 3526 corpore
1672 3445 1793 3508 honore
1806 3447 1907 3509 afficit

321 3559 405 3638 quod
422 3557 561 3617 humana
580 3556 691 3613 natura
710 3563 810 3608 unum
828 3550 874 3606 est
894 3560 965 3605 cum
985 3541 1091 3602 divina
1138 3540 1200 3617 rei,
1216 3540 1438 3602 animamcum
1451 3539 1907 3619 corporeunumanimalesse.

323 3651 434 3711 Christi
448 3646 654 3727 suppositum,
675 3641 776 3701 uniet
793 3635 963 3699 individuae
979 3634 1090 3694 adore·
1141 3632 1198 3695 Hie
1211 3632 1296 3694 enim
1309 3651 1349 3694 ex
1361 3633 1454 3693 modo
1464 3631 1611 3711 loquendi
1623 3632 1696 3693 satis
1709 3631 1911 3694 animadver-

323 3740 403 3801 tioni
422 3744 589 3816 atramque
608 3729 845 3812 objicistatuit;
862 3725 939 3787 nesi
963 3725 1089 3804 duplex,
1140 3725 1216 3789 titur
1227 3725 1352 3787 nullum
1371 3724 1561 3786 intercedere
1578 3741 1717 3804 personae
1731 3724 1910 3786 discrimen.

324 3837 355 3893 et
368 3830 525 3893 dissimilis
538 3827 661 3904 utrique
676 3820 954 3886 cultustrilruatur,
968 3817 1002 3877 in
1015 3817 1093 3878 duos
1141 3819 1183 3879 At
1203 3819 1229 3879 si
1250 3818 1404 3880 nonnulla
1426 3823 1499 3879 ante
1522 3817 1723 3896 pronuntiata
1742 3817 1819 3892 sint,
1844 3834 1913 3897 qua

324 3922 497 3986 adorandos
511 3919 613 3993 Filios,
629 3922 661 3979 et
674 3914 821 3991 Christos,
835 3908 1014 3972 uniusmodi
1026 3927 1093 3988 pera
1142 3927 1347 3990 personarum
1355 3909 1564 3971 differentiam
1574 3909 1711 3988 aliquam
1721 3909 1911 3985 significent;

326 4034 404 4078 sona
431 4013 596 4088 dividatur,
625 4008 710 4089 quod
734 4006 767 4067 in
795 4002 1006 4084 superioribus
1031 4006 1094 4063 tes-⁴
1143 4008 1299 4067 autvooes
1312 4003 1451 4082 ipsamet
1471 4002 1627 4081 adjunctas
1640 4001 1736 4062 talem
1749 4002 1914 4064 notionem

325 4114 443 4173 tantem
456 4105 606 4187 cyrillum
619 4100 733 4179 saepius
747 4098 932 4160 audirimus.
1144 4094 1294 4169 offerant3
1316 4100 1391 4156 tune
1413 4094 1580 4174 particulas
1601 4093 1740 4161 talassio,
1761 4099 1820 4155 aut
1842 4101 1913 4175 prat,

155 4243 300 4289 euenturum
366 4199 514 4262 Assentiri
533 4215 565 4257 se
589 4193 705 4275 cyrillo
727 4192 835 4257 dicunt
856 4184 1036 4263 Orientales,
1060 4187 1094 4249 in
1120 4187 1288 4250 eamdam
1309 4205 1417 4267 praese
1443 4186 1524 4248 ferre
1557 4202 1761 4266 personarum
1787 4185 1916 4248 dindo-

156 4303 177 4343 νῐ
199 4297 302 4343 rsaao-
327 4310 375 4370 eo,
388 4292 473 4372 quod
486 4306 558 4352 oum
572 4290 636 4349 neo
647 4284 750 4346 Verbo
763 4281 898 4356 adorari,
910 4280 961 4343 rel
978 4278 1093 4355 gloriii·
1146 4298 1237 4343 nem:
1252 4285 1290 4340 ut
1308 4280 1335 4340 si
1352 4280 1464 4355 dicam,
1485 4281 1594 4341 Petrus
1611 4283 1643 4339 et
1663 4278 1776 4340 Paulus
1796 4296 1916 4341 conno-

157 4353 303 4470 eun‘dirjuo
328 4386 389 4447 cari
409 4388 603 4463 assimptum
624 4377 786 4440 hominem
804 4392 869 4437 non
886 4372 1007 4452 prohat,
1022 4376 1095 4433 tan-
1146 4373 1307 4433 minantur
1329 4372 1488 4445 homines;
1514 4371 1565 4433 vel
1590 4371 1700 4432 Petrus
1722 4388 1794 4433 oum
1818 4370 1916 4433 Paulo

169 4458 288 4504 ΝΜΟ·
327 4496 423 4558 quam
434 4475 531 4541 alium
542 4473 581 4536 ab
593 4473 659 4548 illo,
672 4475 704 4531 et
716 4487 782 4533 non
795 4466 940 4529 cumdem
951 4481 1095 4544 persona.
1146 4464 1281 4525 ascendit
1314 4465 1348 4525 in
1369 4465 1544 4544 templum:
1570 4480 1610 4525 ex
1636 4463 1703 4543 ipsa
1725 4463 1917 4543 proprietate

327 4571 445 4633 Verum
460 4568 543 4649 quod
561 4562 744 4646 particulam
757 4569 811 4634 etv,
828 4559 861 4619 id
875 4563 920 4621 ost
934 4577 1010 4631 rom,
1027 4573 1096 4618 eam
1145 4556 1311 4621 nominum
1324 4555 1508 4635 intelligitur
1521 4572 1669 4636 personas
1682 4572 1748 4617 essa
1765 4555 1914 4617 diversas.

328 4662 442 4723 hahere
469 4663 653 4740 potestatem
679 4656 734 4728 ait,
760 4658 797 4713 ut
823 4651 999 4712 distinctam
1025 4666 1097 4729 per·
1146 4649 1217 4709 Jam
1230 4666 1303 4710 vero
1323 4648 1481 4709 Nestorius
1496 4648 1534 4709 de
1547 4647 1667 4708 Christo
1683 4647 1799 4727 passim
1813 4648 1858 4708 sic
1872 4646 1917 4707 lo-

329 4770 438 4813 sonam
459 4752 609 4831 designet,
630 4750 691 4809 hoc
704 4764 778 4808 vero
791 4743 958 4805 ridiculum
973 4746 1094 4820 putant,
1147 4744 1237 4823 cutus
1260 4746 1315 4816 est,
1342 4746 1379 4801 ut
1399 4741 1561 4805 hominem
1580 4757 1600 4803 a
1617 4739 1723 4801 Verho
1737 4744 1918 4819 separatum

329 4843 522 4924 acCyriilum
532 4828 1095 4920 illumsuoptetesttmonioreiellunt,
1147 4832 1248 4917 reipsa
1260 4849 1325 4895 esse
1334 4838 1539 4897 monstraret:
1554 4831 1765 4914 quamtumvis
1773 4829 1808 4899 id
1816 4828 1919 4897 vatin

366 5079 388 5120 a
406 5062 474 5118 Cra.
494 5059 568 5122 Εἶτις
579 5059 661 5131 τολμᾷ
671 5058 762 5130 Aipeia,
772 5058 815 5111 riv
827 5052 997 5125 ἀναληφθέντα
1006 5051 1100 5125 <iripo-
1151 5051 1208 5126 οὐχὶ
1222 5053 1251 5122 δὴ
1268 5053 1364 5126 μᾶλλον
1375 5050 1420 5125 μὶᾳ
1432 5052 1593 5125 προσκυνήσει
1609 5053 1670 5124 τιμᾷ
1680 5050 1724 5106 riis
1742 5047 1919 5126 ’Bpprrseoih

330 5164 377 5201 πον
390 5143 625 5218 repraesenta
641 5142 692 5195 δεῖν
706 5145 743 5213 τῷ
760 5140 808 5213 θεῷ
827 5139 906 5211 λόγῳ,
927 5136 968 5190 acl
982 5132 1098 5197 ουνδοξά·
1151 5138 1192 5190 rai
1202 5137 1259 5208 pias
1273 5136 1340 5209 οὗνῷ
1354 5136 1398 5205 τὴν
1408 5135 1544 5209 ὁμολογίαν
1558 5135 1682 5202 συνάπτον,
1692 5133 1848 5209 ιαθογέγονι
1861 5130 1920 5207 σὰρξ

331 5228 423 5299 ἵεσθαι,
441 5229 481 5283 ssi
504 5224 709 5301 ονγχρημοτίζειν
729 5223 794 5291 θεον,
815 5221 944 5293 &atropos
959 5220 1044 5292 ἑτέρῳ.
1070 5218 1100 5275 τὸ
1151 5219 1263 5292 stem,
1278 5219 1386 5293 ἂνάθνμα
1399 5219 1473 5277 isra).

331 5312 379 5389 γὰρ
391 5313 435 5366 etr
459 5309 698 5385 &sinnaritanus
721 5310 795 5365 rotro
811 5307 877 5363 sotis
897 5302 1036 5376 ἀναγκάσει.
1059 5301 1100 5357 ssi

361 5503 371 5545 l
387 5499 462 5549 titel.
474 5498 492 5544 l.
505 5510 525 5544 o·
536 5510 566 5551 u,
578 5507 654 5555 parra.
665 5496 680 5542 t
693 5503 716 5543 et
727 5495 766 5542 lit.
777 5496 795 5549 1,
807 5507 826 5541 ο.
841 5506 863 5550 ν,
873 5506 949 5553 parag.
965 5494 1040 5540 u-t
1058 5491 1112 5537 vids
1123 5490 1139 5537 l.
1147 5489 1181 5543 lii,
1194 5501 1214 5535 ο.
1227 5500 1249 5540 ν,
1262 5499 1339 5546 parag.
1352 5487 1374 5531 t.
