3932 6142
479 335 947 435 ostnoreasrrons,s1e.
971 358 1052 438 nn,
1074 359 1157 422 err.
1180 360 1234 422 111.
1586 355 1644 418 nr

85 519 223 598 diderunt,
238 522 366 599 Sergius
378 529 411 585 et
421 524 545 586 Paulus.
562 525 638 598 Quae
651 523 756 585 omnia
770 523 835 603 ple·
880 521 965 584 illam
975 526 1199 606 teoapemldest
1208 525 1347 586 divinam
1357 524 1506 586 duntaxat
1515 539 1648 584 esseore·

1732 530 1763 573 lle

1681 592 1694 625 o
1748 582 1809 626 tione

85 614 146 675 nius
162 633 197 674 or
206 614 284 676 libro
296 615 392 695 hujus
410 616 512 697 operis
520 617 622 696 primo
636 613 830 695 eognosees¹,
882 614 1057 692 debat,non
1066 616 1311 692 Rez'ot'rilem3eo
1321 617 1403 697 quod
1413 616 1485 678 talis
1502 633 1595 688 svor,
1604 614 1648 675 ait
1681 637 1818 687 sanasse.

1683 692 1705 731 st
1715 688 1768 784 qplid
1782 690 1811 732 de

3 704 5 779 J
86 705 413 769 ubillonotheletarum
431 708 576 770 heresim
589 708 742 788 copiosius
756 709 833 771 edis·
881 706 1045 777 Martinus,
1066 709 1141 769 duas
1164 709 1315 789 signifieat
1329 708 1537 789 operationes,
1557 707 1589 766 id
1603 711 1649 766 est
1722 753 1777 785 ,Η

3 798 4 801 '
84 796 227 860 aermmus.
881 796 1038 876 divinam,
1055 800 1278 862 ethumanam.
1293 801 1356 862 Neo
1369 801 1454 862 euim
1470 816 1567 861 unam
1582 804 1650 858 tan·
1677 794 1819 902 {gffffl

117 890 173 953 Vll.
185 890 285 970 Atque
299 898 335 952 ut
347 891 474 953 haeresis
486 890 571 952 illius
583 908 707 965 aroana,
723 895 832 951 ettam
880 891 1043 952 tummodo
1068 893 1282 972 operationem
1302 893 1472 954 seeundum
1489 891 1650 952 Themista

1708 905 1783 944 tarum

1680 953 1778 998 colluthi
1789 960 1812 996 st

84 982 197 1045 dinone
216 982 373 1046 varietatis
394 1001 518 1045 eausam
546 983 657 1044 melius
681 981 833 1058 intelligas
881 981 1132 1045 deliramentum.
1149 984 1271 1047 Etideo
1285 990 1476 1047 memoratus
1490 983 1650 1045 Colluthus
1686 1006 1808 1052 mennas.

87 1072 166 1155 [qnod
177 1074 352 1137 adsensum
363 1081 505 1137 veterum
524 1076 667 1149 Petrum,
686 1079 717 1136 et
730 1073 833 1135 eutho-
880 1079 1004 1135 tantum
1018 1074 1239 1147 Deodecibilem,
1251 1077 1285 1138 in
1298 1078 1358 1139 hoo
1370 1078 1429 1139 sibi
1443 1075 1647 1153 consentiens,

84 1166 165 1228 lirum
184 1167 297 1247 dogma
320 1173 402 1230 reete
426 1167 611 1247 sapiendum
620 1166 760 1247 apprime
787 1172 834 1227 est
882 1170 912 1225 et
925 1184 990 1227 non
1012 1166 1190 1230 deivirilem
1213 1170 1436 1249 operationem,
1450 1169 1523 1231 boet
1542 1168 1651 1229 incon-

85 1258 157 1339 utile)
169 1257 332 1337 hitsapud
344 1266 502 1339 utrosque,
515 1265 581 1320 tam
590 1265 722 1335 nostros,
737 1274 832 1338 quem
882 1258 1013 1320 veniens
1022 1265 1089 1321 erat
1101 1261 1235 1335 variati,
1244 1261 1407 1337 asserebat,
1421 1266 1529 1341 utpote
1541 1279 1648 1338 unam,

85 1350 235 1425 bmetiros,
259 1351 315 1413 sed
335 1350 524 1413 dissimiliter
550 1355 686 1430 aooepta,
708 1368 770 1411 vox
787 1355 833 1410 est
882 1365 947 1410 uon
962 1351 1048 1412 enim
1058 1351 1146 1427 duas,
1162 1353 1357 1434 professus.»
1375 1353 1473 1433 Igitur
1488 1353 1652 1415 colluthus

84 1442 276 1516 memoranda,
299 1461 362 1521 qus
374 1442 487 1503 Christi
500 1442 714 1521 operationom
736 1440 831 1520 signi-
883 1439 936 1502 ille
955 1444 1183 1524 Menophysita,
1200 1451 1241 1520 et,
1257 1452 1293 1507 ut
1306 1445 1451 1524 arbitror,
1466 1446 1651 1507 Severianus

83 1533 208 1597 fiuant.
223 1537 268 1596 Fa
281 1539 328 1596 est
338 1543 463 1614 θεανδρννὴ
476 1539 605 1615 1νέρριιρι
624 1534 712 1614 orrjus
724 1540 833 1594 anoton
883 1533 1015 1612 exstitit,
1030 1535 1085 1613 qui
1098 1542 1133 1596 ut
1146 1555 1244 1597 unam
1259 1539 1292 1598 in
1307 1537 1425 1599 Christo
1439 1542 1594 1613 naturam,
1606 1538 1650 1598 sio

83 1625 131 1687 ioit
142 1626 302 1707 Dionysius
321 1627 354 1688 in
372 1626 501 1707 epistola
519 1626 690 1706 quartaod
710 1624 829 1687 Caium.
883 1627 1098 1705 operationem
1122 1628 1257 1708 ponebat
1283 1647 1403 1706 unam,
1423 1647 1555 1708 eamque
1570 1628 1649 1690 divi-

84 1718 156 1781 Hune
165 1719 273 1780 Latine
285 1723 441 1780 vertentes
456 1719 623 1795 dixenrnt,
646 1716 830 1794 Beios'rilern,
881 1734 968 1796 nam,
983 1736 1049 1779 non
1062 1718 1252 1797 deioirs‘lm,
1266 1721 1299 1782 id
1317 1726 1364 1783 est
1376 1731 1528 1803 θεανδρινιὴν.
1544 1722 1650 1799 ltaque

83 1809 180 1889 dequo
197 1810 337 1883 nomine,
361 1816 392 1871 et
408 1828 478 1890 quae
492 1828 642 1890 germana
655 1810 695 1870 sit
709 1809 775 1888 ejus
794 1826 833 1870 ex
882 1826 992 1871 vocem
1004 1810 1085 1872 hano
1101 1811 1277 1891 improbat,
1290 1819 1398 1893 utpote
1411 1813 1564 1893 qusduas
1578 1831 1651 1874 eon·
1740 1816 1744 1821 ’

83 1908 172 1965 ruente
191 1901 335 1983 Dionysii
352 1902 452 1979 notio,
470 1907 578 1981 postea
594 1901 829 1982 disputabimus.
881 1900 975 1962 tineri
995 1902 1190 1981 operationes
1209 1904 1339 1984 putabat
1354 1923 1362 1963 ι
1380 1905 1552 1985 etquidem
1564 1923 1648 1966 rere.

84 1994 160 2071 llodo
171 2013 243 2056 vero
259 1995 323 2056 ida
340 1993 430 2055 nobis
448 1993 562 2072 agitur,
582 2002 619 2055 ut
628 1993 832 2073 quemadmo-
883 1991 970 2054 ldem
983 1994 1134 2055 Martinus
1147 2013 1228 2074 papa
1244 1995 1288 2057 ait
1305 1996 1396 2057 illum
1409 1997 1509 2077 magis
1521 2015 1650 2059 eonsen-

83 2085 148 2148 tum
160 2086 197 2149 ab
209 2086 363 2149 haeretieis
381 2085 536 2147 intellecta
554 2086 605 2162 sit,
620 2085 829 2165 exquiramus.
883 2086 973 2145 tenes
993 2084 1104 2147 haeresi
1126 2104 1190 2147 sues
1209 2086 1349 2149 loentum
1365 2106 1449 2163 esse,
1462 2107 1557 2169 quem
1572 2090 1651 2168 ejus

114 2186 240 2260 θιινῑριὴ
263 2185 384 2259 hippus,
409 2177 435 2239 si
454 2176 595 2239 vocabuli
613 2178 832 2258 proprietatem
883 2176 1507 2261 demsextrereliquosquiteavtpaloillam
1515 2187 1647 2262 1νέργειαν,

84 2269 388 2350 potentialius
404 2270 562 2332 continere
577 2269 710 2347 videtur,
721 2274 834 2350 preter
881 2272 1032 2347 tanquam
1041 2270 1290 2349 aroemperlidioe
1300 2271 1567 2350 suaedelegerant3
1576 2290 1649 2335 oum

85 2362 220 2423 sobonem
246 2361 287 2423 ab
312 2380 350 2423 eo
369 2362 500 2439 editam,
515 2361 571 2441 qui
595 2361 680 2422 Deus
699 2361 784 2423 idem
803 2366 834 2423 et
881 2359 916 2420 in
929 2359 983 2421 illo
996 2360 1063 2440 ipso
1075 2361 1243 2437 vocabulo,
1263 2364 1350 2425 velut
1362 2365 1396 2426 in
1414 2365 1560 2426 columna
1572 2383 1649 2445 qua-

84 2455 165 2516 bomo
175 2454 223 2516 sit.
240 2454 301 2518 Sed
320 2460 427 2515 atrum
441 2454 511 2515 duee
527 2454 600 2526 sint,
616 2471 654 2514 ae
665 2452 831 2531 monem,
883 2451 1115 2526 dam,inoisa1n
1134 2454 1249 2517 erroris
1268 2453 1317 2516 sui
1338 2455 1571 2520 damnationem
1592 2457 1650 2519 oir-

84 2564 118 2608 sn
134 2565 191 2608 uns
211 2552 339 2610 tantum
362 2545 571 2621 numeranda,
585 2543 617 2605 id
631 2544 710 2607 inter
726 2544 836 2606 Catho-
882 2544 1083 2607 eumferrent.

85 2638 168 2715 boos,
193 2644 223 2701 et
246 2637 409 2701 hereticos
433 2636 674 2699 controversiam
699 2637 831 2716 peperit.
924 2634 1024 2715 Hujus
1041 2636 1202 2698 Themistii
1217 2639 1386 2700 sententias
1408 2638 1536 2720 aliquot,
1554 2640 1648 2721 paulo

87 2730 212 2793 ileredoi
236 2732 293 2810 qni
316 2730 444 2810 quidem
462 2729 545 2790 bona
565 2728 642 2799 fide,
666 2733 698 2790 et
715 2729 834 2791 sineere
882 2734 955 2789 ante
972 2727 1142 2802 rerbailla,
1159 2748 1229 2810 quas
1251 2730 1431 2807 retulimus,
1451 2733 1602 2794 Martinus
1615 2736 1649 2795 in

86 2828 191 2903 ἰνερρεῑας
204 2824 358 2886 unitatem
375 2821 510 2902 amplexi
528 2826 612 2896 sunt,
630 2819 736 2900 quales
747 2821 834 2886 fuere
881 2819 1001 2899 synodo
1018 2820 1140 2899 reoitarl
1149 2821 1252 2900 jussit,
1267 2822 1301 2882 in
1314 2822 1427 2902 quibus
1447 2822 1559 2885 Christi
1572 2844 1649 2904 ope·

85 2915 306 2997 ilonophysitae,
320 2919 353 2977 et
371 2932 481 2976 eorum
499 2931 649 2994 propago,
672 2914 833 2977 Monothe·
881 2911 1035 2973 rationem
1049 2912 1157 2973 asserit
1176 2913 1352 2976 Deiririlem
1365 2920 1490 2976 duotore
1510 2914 1651 2998 Dionysio

83 3006 154 3086 loe,
166 3027 260 3071 unam
272 3025 418 3085 numero,
431 3010 462 3068 et
474 3006 664 3085 singularem
677 3024 742 3067 esse
750 3007 834 3070 Chri·
880 3003 1074 3084 Areopopito,
1107 3021 1170 3083 qua
1195 3023 1270 3082 una,
1296 3013 1328 3068 et
1348 3008 1456 3068 eadem
1480 3007 1595 3085 divina,
1619 3015 1651 3070 et

84 3100 118 3161 sti
128 3101 275 3163 sobonem
293 3118 359 3180 pras
376 3116 409 3160 se
429 3098 583 3173 tulerunt;
600 3097 720 3177 quoties
733 3104 831 3177 metu,
881 3095 1021 3157 humans
1034 3101 1228 3175 operabatur.
1235 3094 1317 3172 Quin
1329 3097 1650 3179 ideminlibro,quem

83 3191 126 3253 rel
144 3193 309 3255 ambitione
328 3189 491 3270 paululum
513 3207 647 3251 saeuum
666 3195 773 3269 peetus
792 3190 833 3252 ad
882 3194 993 3249 eontra
1016 3188 1194 3249 Colluthum
1216 3189 1347 3271 urripsit
1364 3196 1476 3252 testem
1495 3191 1650 3271 opinionis

82 3280 198 3347 liberam
219 3283 375 3365 opinionis
396 3299 460 3343 suae
479 3279 700 3362 professionem
712 3282 832 3361 aperire
882 3297 946 3341 suae
966 3278 1106 3340 laudavit
1126 3281 1287 3359 Severum,
1303 3282 1346 3343 ita
1359 3282 1520 3345 scribens:
1541 3303 1556 3340 o
1569 3285 1650 3345 Nam

3 3408 5 3461 i
80 3382 146 3437 arnt
156 3376 231 3439 ausi.
246 3377 328 3438 Nam
336 3374 375 3437 de
387 3372 537 3448 Nestorio,
549 3372 603 3452 qui
615 3378 646 3433 et
658 3372 724 3453 ipse
736 3390 832 3435 unam
881 3371 1064 3452 quiabeatoe
1078 3374 1237 3434 memorie
1250 3392 1375 3454 quoque
1385 3375 1528 3446 Severus,
1544 3375 1651 3435 simili-

3 3464 5 3533 ξ
79 3484 138 3529 esse
161 3467 273 3531 Christi
295 3466 375 3528 dixit
396 3465 561 3540 astionem,
576 3463 647 3526 ideo
664 3465 832 3526 tacendum
881 3469 928 3525 ter
942 3462 1024 3525 etde
1042 3463 1162 3524 Christo
1176 3463 1291 3541 disens,
1307 3465 1390 3544 quod
1404 3466 1650 3545 aliquaquidem

3 3544 5 3583 l
78 3556 213 3623 borloso
232 3566 295 3637 est,
320 3557 404 3639 quod
427 3556 589 3620 manifesta
616 3555 700 3617 illius
726 3557 833 3618 estin
881 3554 996 3630 divine,
1010 3555 1155 3616 aliavero
1169 3554 1306 3618 humane
1324 3557 1408 3618 idem
1421 3562 1648 3638 operatusest:

78 3667 161 3713 eausa
179 3671 234 3714 sua
249 3649 474 3732 prevaricatio,
488 3655 519 3711 et
531 3648 572 3710 ed
589 3648 698 3709 lusum
713 3647 832 3709 feoien·
881 3646 1059 3708 Deivirilem
1081 3648 1293 3727 operationem
1317 3650 1483 3730 approbari
1513 3650 1648 3712 volebat.

76 3740 146 3804 dum
170 3744 276 3807 oollide
303 3743 474 3822 composita
505 3738 641 3802 nominis
666 3737 828 3801 cavillatio.
883 3739 944 3800 Sed
962 3757 1028 3800 non
1049 3739 1142 3801 modo
1161 3742 1225 3802 Deo
1248 3741 1430 3817 deeibiliter,
1456 3742 1578 3805 facilius
1604 3748 1651 3805 est

76 3832 155 3896 Inter
165 3836 281 3916 priores
294 3835 411 3914 itaque,
426 3831 583 3912 qrriunam
598 3830 710 3892 Christi
722 3849 831 3910 opere·
880 3831 1024 3893 videri.»
1051 3832 1145 3892 Porro
1170 3832 1305 3893 Colluthi
1325 3834 1465 3914 opinioni
1487 3835 1649 3915 suffragari

74 3925 204 4003 tionem
232 3935 265 3991 et
283 3927 478 3989 voluntatem
504 3924 571 3985 sine
588 3922 831 3989 dissimulatione
879 3923 1106 4003 videtur,quod
1115 3925 1253 4004 operatio
1263 3925 1553 4008 illaChristiteoopqta
1561 3946 1649 3990 voea-

75 4018 196 4083 wniessi
208 4026 301 4096 sunt,
322 4038 388 4081 non
405 4023 511 4080 tamen
524 4032 607 4096 pax,
624 4020 656 4076 et
669 4015 831 4077 oonoordia
879 4021 932 4076 tur
944 4015 984 4076 ab
993 4015 1154 4095 Dionysio,
1168 4016 1207 4077 de
1222 4035 1284 4096 quo
1298 4023 1405 4097 postea
1415 4017 1650 4081 viderimuslta

73 4106 134 4188 un,
148 4112 199 4174 sed
212 4130 253 4174 ex
265 4111 386 4173 diversa
401 4108 488 4172 unios
500 4108 753 4187 interpretatione
766 4125 831 4168 non
880 4112 962 4168 oerte
971 4106 1152 4167 Tbeodorue
1166 4107 1345 4170 Pharanites
1361 4108 1558 4185 existimavit,
1573 4110 1649 4171 eita-

73 4204 225 4266 mdioeris
247 4203 410 4266 &musio
431 4201 551 4281 Quippe
575 4199 628 4261 alii
647 4218 738 4262 onom
755 4199 831 4261 sim·
879 4204 930 4260 tus
943 4216 962 4259 a
975 4197 1113 4259 nobisin
1126 4197 1206 4260 libro
1219 4200 1332 4280 primo,
1348 4201 1447 4280 eapite
1460 4219 1520 4262 xx.

72 4293 184 4372 plinta
203 4313 269 4359 esse
295 4295 480 4369 voluerunt,
512 4310 643 4371 eamque
666 4291 829 4369 divinam,
919 4290 978 4351 IX.
1000 4290 1062 4350 Alii
1075 4308 1139 4351 non
1152 4290 1342 4368 simplicem,
1356 4310 1490 4356 uomere
1511 4293 1648 4355 divinam

72 4402 159 4463 quam
171 4399 292 4469 uespera
303 4390 472 4461 nonerunt,
487 4384 520 4444 id
533 4390 581 4445 est
593 4383 654 4444 llso
666 4401 830 4464 conproen-
881 4388 1000 4462 ἐνέργειαν
1016 4381 1154 4442 arbitrati
1168 4388 1257 4460 sunt,
1282 4384 1335 4445 sed
1350 4390 1446 4463 ἐνώρα,
1463 4384 1495 4446 id
1514 4392 1560 4448 est
1578 4390 1647 4448 oni·

69 4484 132 4554 tem,
145 4480 249 4541 Latini
261 4480 445 4560 interpretes
460 4474 707 4557 woborepassim
721 4474 832 4539 Deode·
880 4472 970 4549 tone,
997 4490 1094 4535 unam
1120 4491 1186 4536 esse
1213 4473 1336 4537 iseum
1368 4476 1418 4537 Ila
1447 4477 1587 4557 Pyrrhus
1614 4477 1649 4538 in

68 4567 178 4633 eiiilem
192 4577 328 4635 vertunt.
878 4562 1097 4645 Disputatione,
1126 4584 1223 4646 quam
1248 4585 1316 4628 nem
1343 4566 1476 4631 Massiua
1503 4568 1647 4647 instituit,

103 4662 187 4724 Vlll.
208 4665 247 4724 In
259 4659 459 4724 lateranensi
471 4658 601 4723 concilio
619 4658 676 4720 sub
696 4656 830 4723 Martino
883 4675 1009 4718 «unam
1025 4657 1116 4720 docet
1136 4659 1350 4738 operationem
1370 4672 1436 4722 esse
1452 4665 1517 4722 tarn
1530 4659 1649 4723 Divini-

69 4749 262 4832 PspsRomoe
270 4750 830 4831 celebrato',blonophysitarumduo·
879 4749 952 4810 tatis
961 4746 1086 4827 Christi,
1101 4750 1357 4830 quamejus,quse
1365 4750 1650 4833 inestipsi‚hnma-

67 4846 303 4908 romeonllistns
312 4845 489 4925 exponitis,
504 4842 652 4920 colluthi,
668 4847 699 4905 et
707 4840 831 4903 Themi·
880 4840 1000 4916 nitatis,
1017 4858 1073 4902 nee
1094 4842 1214 4902 ratione
1236 4848 1358 4904 nature
1377 4843 1544 4908 convenire
1563 4844 1650 4908 illam

67 4934 122 5011 stii,
133 4954 228 5017 super
239 4937 358 5014 unioae,
381 4936 415 4997 in
434 4952 530 5016 quam
551 4933 643 4995 ambo
661 4932 832 4995 eonsentie-
881 4932 942 5014 ipsi
950 4931 1092 5010 dicimus,
1107 4932 1162 4994 sed
1175 4931 1324 4995 unitionis
1337 4936 1431 4998 modo
1440 4946 1465 5001 ⁶.
1480 4958 1497 4997 s

68 5022 149 5101 bant,
164 5027 356 5111 operationis
370 5028 475 5090 modo.
499 5027 621 5088 Horum
635 5025 721 5106 prior
735 5041 833 5087 unam
922 5026 961 5087 Et
987 5024 1070 5086 idem
1095 5023 1247 5088 Maximus
1275 5026 1316 5089 ed
1342 5027 1529 5111 discipulum
1557 5047 1652 5095 suum

99 5246 120 5287 a
137 5230 172 5288 ln
187 5230 263 5302 Disp-
288 5230 361 5288 ilex.
380 5228 446 5283 Mla
462 5229 574 5301 λέγοντες
590 5224 710 5300 ἐνέργειαν
724 5226 833 5294 ricbod-
881 5226 951 5300 λόγῳ
973 5225 1066 5298 ρόριως
1086 5226 1175 5297 πρώτην
1195 5230 1323 5302 amm(
1346 5249 1437 5305 er
1456 5230 1513 5289 mr
1541 5230 1653 5296 qm

67 5333 136 5382 ητος
147 5315 319 5387 mipene,
333 5310 374 5367 sal
385 5315 429 5381 τῆς
441 5312 495 5366 κατ’
509 5309 582 5366 torto
597 5310 792 5383 ἀνθρωπότητος,
804 5306 834 5362 οὗ
883 5311 978 5382 τρόπῳ.

92 5484 927 5551 Ι0111ωη,ο1ω.-11ιω1ω.ωω11νεω1.ιιι.1οω.11ω1111.

1685 4315 1730 4363 Atii
1741 4327 1809 4361 unam

1724 4382 1771 4414 esse

1695 4425 1799 4468 unitione

1693 4477 1805 4522 dixerunt.
