3990 6130
325 288 383 350 aaa
834 281 1157 347 rasomonorum
1177 282 1394 347 mousson

324 450 516 532 argumentis
528 468 634 515 veram
662 454 692 512 et
704 448 887 512 catholicam
908 450 1000 512 unius
1026 449 1092 511 veri
1144 449 1211 524 Dei,
1233 455 1264 512 et
1282 446 1447 528 redempti,
1466 452 1498 509 et
1516 445 1623 508 solumi
1643 448 1728 507 recte
1747 459 1899 505 vocamur.

325 543 382 604 filii
396 542 460 612 liei,
475 561 533 605 nec
546 541 682 622 adoptivi
702 540 924 622 professionem
937 542 1091 604 adstruxi·
1142 542 1187 601 Ita
1198 541 1337 602 Christus
1357 557 1480 620 queque
1491 542 1717 600 sacramentum
1725 533 1902 615 adoptionis,
1985 542 1986 591 t

327 649 397 694 mrrs
413 654 420 695 :
437 636 480 696 sic
500 635 534 695 in
553 634 706 696 contraria
728 633 949 711 labefactanda,
970 641 1002 695 et
1022 652 1093 695 con·
1142 650 1209 693 non
1224 632 1263 693 ad
1278 632 1442 693 utilitatem
1462 648 1570 704 suam,
1587 629 1641 692 sed
1652 629 1691 691 ad
1703 628 1798 708 ipsius
1811 643 1904 687 sacra

326 726 480 788 vincenda
489 727 611 805 haeresi,
625 727 785 806 utriusque
795 726 991 788 esthabenda
999 727 1089 801 ratio,
1148 723 1248 785 menti
1261 723 1540 797 confirmationem,
1563 723 1597 784 in
1616 719 1858 794 circumcisione,
1875 721 1905 779 ct
1985 742 1986 809 p

327 824 364 879 ut
377 837 447 898 quae
462 838 519 899 pro
533 818 842 897 illatestimonia,uel
855 837 893 880 ex
912 817 1089 898 Scripturis,
1140 814 1292 894 baptismo
1306 815 1486 896 suscipiens,
1501 813 1751 894 sicutApostolus
1762 812 1818 873 ait
1834 810 1902 872 Dico
1985 818 1986 897 l

327 909 378 972 vel
403 911 528 974 aliunde
552 912 672 992 prolata
693 915 780 985 sunt,
810 917 877 972 tum
898 928 972 971 vero
999 928 1092 989 argu-
1140 908 1217 969 erim
1231 907 1386 969 Christum
1407 906 1691 988 minr‘strum'firtsse
1709 902 1903 966 aemerio

328 1009 446 1081 menta,
467 1003 662 1083 explicando,
677 1023 713 1066 ac
727 1003 873 1065 diluendo
894 1002 1090 1083 repellamus.
1141 1002 1188 1060 ais
1210 1008 1336 1080 propter
1358 988 1515 1062 'teutatem
1540 998 1612 1073 Det,
1636 995 1677 1059 od
1696 993 1905 1081 coadunandos
1985 990 1986 1083 l

329 1097 447 1176 laquo
465 1096 591 1176 quidem
604 1114 670 1157 non
683 1095 768 1172 longi
787 1097 922 1170 erimus3
937 1112 977 1156 ne
997 1094 1095 1155 odiosi
1138 1091 1345 1172 promissiones
1364 1091 1504 1168 Putrem,
1520 1091 1623 1172 potuit
1640 1089 1680 1151 ab
1693 1088 1830 1169 antiquis
1850 1089 1904 1150 Ec·

330 1206 365 1249 ao
378 1187 500 1251 molesti
513 1188 620 1249 simus.
644 1188 725 1249 Sunt
746 1188 831 1249 enim
850 1187 976 1249 illorum
991 1186 1094 1267 plera·
1142 1182 1242 1244 clesiae
1264 1182 1442 1244 doctoribus
1463 1189 1547 1245 recte
1568 1182 1638 1264 dici,
1663 1181 1745 1262 quod
1769 1180 1905 1260 adoptio·
1985 1206 1986 1243 4

330 1297 391 1359 que
401 1279 498 1355 levia;
518 1279 632 1360 quibus
645 1279 775 1357 omissis,
791 1279 956 1359 praecipua,
974 1284 1005 1339 et
1020 1277 1093 1338 voli-
1143 1292 1217 1336 nem
1230 1276 1397 1355 susceperit
1409 1275 1557 1337 filiorum.
1572 1300 1587 1330 a

330 1367 416 1429 diora
430 1367 586 1446 seligenda
595 1374 669 1430 sunt
682 1374 884 1448 argumenta3
901 1384 970 1447 quse
983 1367 1095 1445 partim
1186 1367 1271 1428 ldem
1282 1368 1376 1429 etiam
1386 1368 1479 1448 paulo
1490 1374 1558 1447 post
1574 1388 1582 1429 ι
1603 1388 1618 1426 u
1632 1367 1710 1429 lllud
1723 1372 1830 1429 sutem
1840 1366 1907 1447 quis
1985 1382 1986 1431 i

330 1478 369 1520 ex
382 1460 574 1533 auctoritate,
590 1461 706 1541 partim
725 1459 937 1521 ratiocinando
959 1459 1096 1521 confecta
1143 1457 1231 1534 ierat,
1247 1460 1331 1538 quod
1345 1459 1441 1537 aliqui
1458 1460 1594 1523 ditantes
1608 1460 1731 1523 credere
1752 1478 1785 1521 se
1807 1458 1907 1521 nobis·
1985 1508 1986 1539 ,

330 1558 420 1628 sunt;
435 1553 675 1614 hacenimnon
689 1554 865 1634 separatim,
882 1552 982 1615 sedin
997 1569 1096 1613 unum
1144 1569 1216 1612 cum
1229 1552 1306 1613 duas
1320 1552 1435 1613 Christi
1458 1570 1524 1615 esse
1546 1558 1684 1627 naturas,
1709 1558 1741 1615 et
1765 1550 1909 1614 Deumil·
1985 1558 1986 1613 3

330 1648 487 1706 eontracta
499 1645 631 1725 proponi
651 1645 747 1706 satius
761 1651 817 1706 est.
1145 1641 1223 1719 lum,
1238 1652 1330 1723 atque
1342 1644 1502 1706 bominem
1516 1664 1581 1706 non
1592 1650 1751 1721 negantes,
1766 1645 1793 1705 si
1806 1644 1908 1705 audie·
1985 1698 1986 1701 ,

188 1755 285 1819 ειιιιηιΙ
371 1736 409 1796 V.
426 1738 473 1797 Ex
490 1737 551 1797 illis
563 1754 637 1797 vero
653 1737 799 1798 omnibus
814 1755 915 1799 unum
933 1743 979 1798 est
996 1738 1096 1817 primo
1144 1735 1208 1796 rint
1221 1735 1305 1815 quod
1318 1735 1417 1814 gratia
1430 1735 1470 1797 sit
1483 1736 1577 1798 Filius
1585 1737 1651 1813 Dei,
1667 1737 1710 1798 sie
1722 1737 1911 1798 detestantur
1985 1756 1986 1789 1

160 1817 299 1909 ’ξᾞῗξζῗ
330 1828 399 1890 loco
414 1829 721 1890 commemorandum
734 1849 742 1905 ;
759 1830 842 1909 quod
859 1828 1037 1909 Augustini,
1061 1846 1098 1889 ac
1145 1825 1204 1888 hoc
1217 1827 1355 1889 Verbum
1368 1849 1377 1900 ς
1392 1834 1542 1908 tanquam
1554 1829 1580 1889 si
1591 1830 1630 1890 de
1646 1828 1700 1890 illo
1714 1829 1845 1903 dicatur,
1859 1828 1910 1908 qui

193 1918 280 1974 ptrue.
332 1925 515 1983 caeterorum
537 1922 681 1998 Petrum,
712 1922 914 2002 omniumque
939 1920 1097 1998 theologo·
1147 1920 1230 1981 Deus
1239 1923 1374 1997 tantum,
1387 1938 1452 1982 non
1466 1921 1562 1982 etiam
1575 1923 1670 1983 homo
1683 1920 1749 1983 sit?
1762 1922 1911 1983 Sicutau·

334 2012 576 2075 rumcommuni
588 2013 742 2075 sententia
755 2014 866 2075 nititur
883 2012 1097 2093 :cujusetiam
1147 2016 1211 2072 tem
1224 2018 1256 2073 et
1269 2019 1382 2073 natura
1399 2018 1445 2074 est
1456 2012 1540 2075 filius
1556 2013 1692 2075 hominis
1712 2019 1839 2093 propter
1859 2030 1909 2075 re·
1985 2074 1986 2079 ,

331 2104 424 2166 nobis
435 2104 669 2184 explicatiotum
677 2106 894 2185 adpleniorem
902 2105 1096 2186 superiorum
1146 2122 1215 2164 ram
1239 2103 1476 2182 humanitatem,
1502 2105 1735 2185 etdignatione
1759 2104 1844 2166 lilius
1869 2110 1912 2167 est
1985 2178 1986 2185 ἵ

333 2197 581 2277 intelligentiam,
610 2202 680 2258 tum
702 2198 741 2258 ad
763 2198 905 2278 mysterii
925 2197 1033 2275 hujus,
1067 2201 1098 2258 et
1147 2194 1292 2273 hominis,
1314 2202 1441 2276 propter
1458 2215 1566 2258 veram
1579 2196 1735 2269 deitatem,
1757 2196 1802 2258 ita
1819 2197 1911 2259 etiam

330 2291 505 2369 questionis
524 2290 771 2351 constituendam
790 2291 945 2351 rationem
958 2289 1096 2371 apprime
1146 2294 1177 2348 et
1192 2293 1304 2350 natura
1318 2288 1413 2349 Filius
1430 2289 1485 2351 Dei
1500 2294 1556 2366 est,
1580 2296 1707 2370 propter
1718 2307 1827 2351 veram
1849 2289 1912 2351 dei·

331 2381 477 2443 conteret.
489 2384 543 2442 Est
553 2390 658 2443 autem
668 2381 821 2459 ejusmodi
838 2402 845 2443 ε
863 2384 941 2443 Cum
952 2382 1034 2442 idem
1044 2381 1094 2456 sit,
1146 2384 1253 2457 tatem,
1269 2386 1301 2441 et
1318 2381 1418 2459 gratia
1432 2379 1529 2442 Filius
1542 2382 1598 2442 bei
1610 2387 1657 2443 est
1666 2386 1793 2462 propter
1804 2400 1910 2444 veram
1985 2454 1986 2457 Ἴ

331 2477 368 2534 ut
389 2472 478 2533 initio
498 2471 570 2532 libri
583 2472 678 2551 hiq'us
691 2473 835 2546 diximus,
859 2471 1022 2553 adoptione,
1046 2471 1097 2532 vel
1146 2469 1384 2534 humanitatem.
1401 2472 1434 2532 Si
1448 2490 1521 2534 vero
1536 2479 1567 2535 et
1579 2474 1752 2535 mcundurn
1764 2473 1910 2535 humani·

330 2573 394 2626 θέσει
427 2582 492 2625 esse
518 2564 634 2643 filium,
664 2570 757 2644 alque
781 2583 846 2626 esse
869 2575 962 2646 χάριτι,
989 2564 1022 2624 id
1051 2569 1098 2624 est
1146 2567 1243 2624 tatem
1270 2569 1382 2627 natura
1409 2564 1505 2626 Filius
1531 2565 1586 2627 Dei
1613 2565 1743 2641 dicatur,
1766 2567 1801 2627 in
1833 2565 1911 2627 illud
1985 2642 1986 2647 ἵ

330 2660 453 2737 pratia:
468 2656 606 2718 Christus
631 2662 735 2718 autem
755 2676 818 2736 qua
839 2657 945 2730 homo,
965 2657 1028 2719 sive
1047 2656 1097 2718 hic
1150 2654 1334 2734 ApollinarIs
1361 2655 1516 2725 inciditur,
1546 2658 1631 2737 quod
1661 2657 1790 2719 eredidit
1812 2658 1911 2719 Deum
1985 2722 1986 2727 ,

330 2747 436 2822 homo,
451 2747 551 2827 gratia
564 2748 604 2808 sit
616 2749 674 2809 Dei
687 2748 783 2824 filius3
799 2749 960 2830 adoptivus
974 2766 1096 2828 quoque
1146 2745 1285 2806 Verbum
1298 2764 1338 2808 ex
1351 2753 1437 2828 parte
1458 2765 1521 2809 susa
1542 2748 1732 2823 substantiae,
1753 2767 1826 2829 quae
1848 2754 1912 2811 tota

174 2876 209 2919 A,
242 2874 295 2921 ,Μ
332 2840 444 2901 merito
455 2840 628 2925 censendus
639 2841 768 2902 videtur.
783 2842 887 2902 Gratia
895 2859 987 2921 porro
997 2840 1096 2902 lilium
1146 2837 1262 2917 ubique
1275 2845 1332 2915 est,
1348 2845 1379 2900 et
1393 2840 1500 2920 partiri
1512 2858 1578 2900 non
1590 2844 1698 2918 potest,
1714 2858 1842 2902 carnem
1854 2841 1913 2902 sibi
1985 2836 1986 2909 ζ

161 2935 183 2972 ⁰³
225 2929 305 2974 aeonas
333 2933 475 3006 esseDci,
500 2950 539 2993 ex
560 2933 732 3011 Augustino
754 2932 879 3011 probari
901 2938 1025 3013 potest:
1043 2932 1097 3012 qui
1146 2929 1261 2991 fecisse.
1282 2932 1369 3004 Quod
1393 2933 1420 2992 si
1443 2933 1593 2994 veraciter
1615 2933 1693 2994 duas
1712 2932 1821 2995 dieunt
1847 2934 1913 3013 ejus

161 2990 306 3084 ww*
332 3023 411 3085 libro
421 3022 728 3087 deProedestinotione
736 3024 924 3100 Sanctorum,
936 3025 1095 3105 eapitexv.
1146 3027 1284 3099 naturas,
1300 3028 1331 3085 et
1344 3023 1446 3084 ambre
1462 3024 1576 3086 divina
1596 3043 1661 3086 esse
1684 3043 1747 3086 non
1770 3033 1911 3106 possunt,

336 3117 402 3176 «111
430 3116 599 3177 mediatore
632 3116 688 3177 Dei
718 3123 749 3177 et
776 3116 940 3178 hominum
971 3116 1098 3178 homine
1146 3113 1221 3192 quia
1245 3113 1446 3175 humanitatis
1471 3134 1536 3176 una
1570 3122 1683 3179 natum
1708 3123 1773 3193 esi3
1803 3117 1915 3198 procul

333 3208 454 3268 Christo
477 3209 568 3284 iesu,
594 3213 629 3268 ut
649 3207 710 3269 hoc
735 3215 825 3285 esset,
848 3209 943 3294 nubis
962 3208 1025 3268 suis
1047 3208 1098 3269 vel
1146 3204 1242 3267 dubio
1256 3225 1320 3267 non
1335 3207 1599 3286 quemadmodum
1612 3210 1783 3271 seeundum
1801 3209 1914 3272 divini·
1985 3208 1986 3287 j

332 3317 473 3379 operum,
486 3299 537 3361 vel
548 3300 619 3361 fidei
633 3299 880 3380 praecedentibus
897 3299 1024 3370 meritis,
1040 3319 1096 3361 na·
1142 3292 1243 3360 'tatem
1257 3307 1369 3359 natura
1382 3299 1476 3360 Filius
1490 3299 1544 3361 Dei
1558 3307 1615 3372 est,
1629 3301 1790 3363 ita'etiam
1801 3320 1914 3365 secun·
1985 3306 1986 3309 ’

330 3396 436 3452 turam
456 3390 642 3467 humanam,
666 3410 737 3471 quae
760 3392 793 3452 in
815 3392 869 3452 illo
892 3398 947 3466 est,
971 3410 1097 3473 compa·
1146 3389 1223 3450 dum
1244 3390 1471 3452 humanitatem
1484 3397 1596 3454 natura
1608 3393 1704 3455 Filius
1718 3395 1774 3456 Dei
1796 3400 1856 3456 est.
1880 3395 1914 3457 Si

331 3502 438 3546 rasse»
458 3483 575 3545 seribit.
590 3485 637 3561 Et,
656 3504 672 3543 a
685 3486 730 3545 Ea
742 3485 842 3564 gratia
859 3483 905 3562 fit,
925 3485 1037 3564 inquit,
1058 3487 1097 3545 ab
1147 3488 1252 3544 autem
1261 3484 1430 3545 secundum
1437 3483 1663 3547 humanitatem
1672 3492 1916 3549 nonestnatura

331 3575 419 3637 initio
432 3576 504 3637 fidei
515 3595 578 3637 suae
588 3578 682 3637 homo
691 3576 879 3656 quicumque
892 3577 1095 3654 Christianus,
1148 3574 1245 3635 Filius
1259 3576 1327 3649 Dei,
1341 3576 1512 3638 necessario
1526 3578 1675 3657 sequitur.
1697 3584 1734 3640 ut
1752 3583 1807 3640 aut
1819 3579 1915 3641 meri·

331 3686 395 3746 qna
414 3668 513 3742 gratia
524 3669 620 3729 homo
634 3668 687 3729 ille
701 3667 740 3728 ab
755 3669 843 3729 initio
864 3687 921 3729 suo
935 3668 1034 3731 batus
1053 3675 1099 3731 est
1147 3666 1205 3744 tis,
1221 3672 1277 3728 aut
1289 3668 1388 3747 gratia
1402 3670 1441 3730 sit
1454 3669 1549 3731 Filius
1560 3669 1627 3746 Dei,
1642 3670 1697 3750 qui
1708 3688 1747 3733 ex
1760 3690 1823 3752 quo
1849 3689 1916 3734 esse

331 3757 517 3819 Christus.»
541 3758 662 3819 Ibidem
688 3759 780 3820 etiam
805 3780 821 3819 c
844 3761 1099 3837 predestinatum
1148 3759 1259 3840 coepit,
1273 3760 1408 3822 nonfuit
1420 3761 1711 3842 aliudquamFilius
1726 3764 1789 3826 liei.
1805 3766 1918 3827 Remat

333 3866 399 3909 esse
412 3849 519 3910 lesum
541 3849 596 3923 ait,
611 3851 660 3909 uti
681 3850 734 3930 qui
754 3851 879 3912 futurus
901 3858 967 3913 erat
989 3870 1098 3915 secun-
1148 3869 1233 3931 ergo,
1255 3858 1291 3913 ut
1311 3854 1482 3916 secundum
1501 3853 1730 3917 humanitatem
1754 3857 1856 3936 mutia
1876 3856 1918 3918 sit

333 3940 410 4001 dum
425 3958 550 4002 carnem
564 3940 647 4002 filius
663 3942 769 4021 David,
783 3949 864 4004 esset
876 3949 979 4005 tamen
992 3945 1027 4006 in
1040 3946 1100 4007 vir·
1148 3943 1242 4004 Filius
1255 3945 1322 4018 Dei,
1337 3965 1353 4005 a

332 4037 399 4094 tute
413 4032 495 4093 filius
509 4032 576 4094 Dei.
592 4054 608 4092 t>
626 4035 726 4107 Quam
743 4053 809 4097 esse
822 4036 895 4096 dicit
903 4037 1099 4117 proedestino-
1187 4037 1239 4098 Vl.
1255 4038 1328 4100 llaec
1347 4038 1523 4118 Augustini,
1537 4057 1576 4103 ex
1589 4057 1688 4121 eoque
1707 4040 1844 4104 Facundi
1865 4058 1918 4104 ra·

334 4124 441 4186 tionem
457 4125 631 4188 Sanctorum
642 4146 654 4196 ,·
666 4132 696 4188 et
707 4127 884 4207 exemplum
895 4147 931 4190 ao
943 4129 1100 4209 specimen
1147 4126 1204 4206 tio,
1219 4129 1347 4192 suadere
1359 4137 1470 4210 posset,
1487 4132 1652 4209 Christum,
1672 4151 1735 4213 qua
1746 4133 1844 4197 homo
1857 4140 1918 4211 est,

333 4217 490 4296 singulare
503 4218 623 4297 gratiae,
642 4237 712 4299 quae
726 4219 760 4281 in
773 4221 871 4301 capite
891 4222 957 4301 ipso
972 4240 1100 4301 praeser—
1148 4221 1197 4281 uti
1209 4222 1309 4300 gratia
1322 4227 1379 4298 est,
1394 4225 1438 4285 sic
1457 4224 1623 4306 adoptione
1645 4243 1710 4287 esse
1732 4226 1789 4286 Dei
1800 4225 1916 4288 filiurn.

335 4308 392 4370 tim
406 4310 527 4371 enituit.
1149 4314 1269 4374 Verum
1283 4314 1309 4375 si
1320 4314 1354 4375 in
1367 4315 1436 4393 ista,
1450 4316 1534 4395 quod
1551 4332 1675 4379 neeesse
1693 4323 1749 4387 est,
1771 4317 1922 4380 subtilius

375 4402 466 4464 Hunc
479 4402 582 4464 locum
602 4401 776 4482 insigniter,
791 4408 822 4466 et
841 4404 963 4486 copiose
977 4405 1099 4469 Facun·
1150 4403 1354 4484 inquiramus,
1383 4408 1544 4488 perspicue
1571 4408 1740 4486 constabit,
1768 4410 1922 4489 quemad·

336 4494 394 4557 dus
408 4493 466 4555 sub'
476 4493 573 4555 linem
584 4495 661 4555 noni
671 4494 741 4556 libri
753 4498 905 4558 mactavit,
921 4498 1026 4578 lbique
1039 4499 1101 4579 pri·
1149 4497 1280 4558 modum
1293 4499 1349 4559 etsi
1358 4498 1458 4577 gratia
1468 4499 1553 4560 estid
1563 4499 1646 4580 quod
1660 4507 1716 4574 est,
1732 4518 1798 4561 non
1811 4506 1922 4563 tamen

335 4604 425 4648 mum
439 4586 555 4662 asserit,
574 4585 732 4649 Christum
751 4606 840 4669 posse
853 4588 912 4669 diei
930 4590 1099 4671 oadoptio-
1149 4588 1315 4667 adoptione
1342 4590 1461 4651 censeri
1492 4590 1547 4652 Dei
1572 4591 1666 4666 lilius,
1706 4591 1923 4673 appellarique

336 4696 410 4739 nem
424 4676 561 4739 filiorum
582 4679 758 4760 suscepisse,
781 4680 855 4760 quia
874 4688 1101 4744 sacramentum
1150 4678 1271 4756 debeat,
1285 4682 1428 4759 proxime
1442 4682 1579 4761 quidem,
1595 4688 1626 4744 et
1640 4690 1748 4764 tpteoe.
1764 4683 1844 4745 Nam
1865 4683 1924 4746 illo

337 4768 511 4848 adoptionis
530 4770 683 4850 suscipere
697 4771 840 4851 dignatus
867 4791 909 4841 es,
933 4779 964 4835 et
977 4772 1101 4853 quando
1149 4771 1255 4849 modo,
1270 4791 1365 4852 quem
1372 4773 1535 4836 Facundus
1543 4781 1730 4855 propugnat,
1745 4774 1925 4857 longinquo

337 4859 533 4921 chaumeisus
554 4867 611 4939 est,
627 4868 658 4924 et
677 4863 801 4942 quando
815 4864 986 4943 baptizatus
999 4870 1054 4942 est,
1071 4869 1102 4927 et
1150 4882 1186 4926 ac
1197 4877 1328 4944 remoto,
1344 4867 1443 4945 gratia
1462 4866 1570 4946 utique
1592 4866 1675 4928 filius
1695 4874 1751 4929 est.
1772 4868 1863 4943 Quod
1885 4874 1926 4931 ut

337 4957 440 5033 potest
480 4960 708 5016 sacramentum
750 4955 924 5035 adoptionis
976 4956 1101 5034 adoptio
1151 4957 1217 5038 capi
1231 4957 1467 5037 faciliusposait,
1482 4958 1561 5020 seire
1574 4959 1695 5037 attinet,
1708 4959 1762 5021 filii
1777 4960 1925 5041 proprie·

338 5042 554 5122 nuncupari.»
576 5044 703 5122 Deinde,
723 5046 841 5108 «Sicut
859 5065 945 5127 ergo,
960 5047 1102 5128 quemvis
1151 5054 1245 5111 tatem
1259 5055 1412 5129 quatenus
1430 5049 1610 5112 hominibus
1630 5052 1785 5130 convenit,
1806 5058 1928 5115 natura

338 5136 441 5197 adbuc
476 5135 647 5196 secundum
685 5139 869 5217 Apostolum
906 5146 1103 5221 expectemus
1151 5157 1216 5201 esse
1239 5141 1443 5221 posteriorem
1468 5143 1607 5222 origine,
1635 5161 1672 5204 ac
1699 5145 1924 5223 generatione,

338 5225 547 5308 adoptionem,
572 5234 604 5288 et
621 5227 876 5309 redemptionem,
901 5238 932 5292 et
952 5233 1099 5309 salutem;
1152 5250 1215 5311 qua
1238 5233 1333 5294 homo
1354 5232 1469 5295 existit.
1493 5233 1580 5294 Prius
1602 5235 1687 5296 enim
1714 5236 1876 5297 Socratem
1905 5256 1927 5300 a

338 5330 446 5380 tamen
459 5319 532 5398 quia
549 5318 616 5398 jam
630 5321 856 5383 sacramentum
871 5323 1056 5404 adoptionis,
1071 5329 1103 5386 et
1151 5325 1242 5386 Patre
1269 5325 1458 5404 Sophonisco
1486 5325 1672 5406 productum
1695 5327 1923 5407 intelligimus,

340 5409 572 5490 redemptionis,
598 5415 630 5472 et
649 5410 754 5472 salutis
772 5413 957 5494 accipimus3
981 5422 1013 5477 et
1034 5415 1101 5476 Filii
1150 5416 1322 5497 qriamejus
1330 5417 1924 5497 diramusessefllium3tametsieodem
