3990 6130
491 219 543 280 DE
562 217 858 293 INCAIINATIDNE,
878 218 953 280 LIB.
977 220 1043 296 Vll,
1064 220 1150 283 CAP.
1173 222 1240 284 XII.
1603 233 1661 294 189

84 380 152 442 lacit
172 379 360 444 Domim'cum
380 401 492 465 eorpus
515 383 639 460 Christi,
655 384 730 446 eitra
753 402 842 446 men·
892 381 1051 445 indicium.
1081 386 1143 447 Sed
1169 387 1317 467 quoniam
1343 386 1389 471 (ut
1412 388 1527 455 iterum
1550 395 1658 459 eadem

83 474 367 555 temperaremus
376 477 843 556 auimscrssgatatum,tanquam
890 474 1000 557 dicam)
1015 477 1133 539 viventi
1143 479 1219 557 ⁸bano
1231 479 1312 542 Nota
1329 487 1401 543 sunt
1413 483 1573 561 avivente,
1584 507 1658 551 eon-

84 565 136 628 hac
148 575 217 629 nota
230 568 398 648 insignem,
413 575 444 632 et
466 570 658 649 singularem
679 589 716 631 ac
736 569 842 631 Domi·
889 566 979 628 tinuo
993 568 1057 648 egit
1077 570 1196 644 omnia,
1215 578 1251 633 ut
1270 572 1354 635 trans
1374 576 1528 637 commissi
1539 579 1662 643 sceleris

85 659 180 720 nieum
190 659 258 720 ideo
270 661 409 724 dietum?
418 663 458 723 At
468 663 635 742 Gregorius
646 660 773 743 perinde
782 661 842 722 hoe
889 658 1072 737 nudaretur,
1084 680 1121 722 ac
1136 662 1284 742 nequitiae
1297 666 1418 727 macula
1427 685 1493 728 nou
1502 668 1661 734 innocenti

85 750 191 812 dierum
212 752 295 813 illius
308 755 445 835 accepit,
463 760 614 835 tanquam
636 753 838 831 Samosatam,
890 748 970 825 uiro,
986 752 1040 830 qui
1051 752 1130 814 nihil
1152 755 1214 816 tale
1232 764 1385 835 gesserat,
1401 759 1589 839 adhaereret3
1605 765 1659 826 sed

87 860 170 923 quam
195 844 305 907 asciut
336 853 443 926 postea
475 847 656 923 Nestorius,
686 846 842 907 insaniam
889 840 924 901 in
943 848 1102 905 auctorem
1121 844 1203 921 faeti,
1221 854 1314 927 atque
1338 849 1372 909 in
1391 849 1569 913 uberiorem
1594 855 1661 934 ejus

26 944 31 951 “
88 935 320 1014 amplecteretur.
357 940 447 1002 Certe
480 939 539 1001 hac
582 939 779 1021 potissimum
802 939 841 1000 de
889 932 1054 997 infamiam
1068 937 1266 1001 redundaret.
1282 962 1313 1001 ο.

88 1045 176 1095 masa.
202 1035 238 1090 ut
264 1030 451 1112 paulopost
477 1032 725 1107 observabimus,
754 1031 841 1092 illam
931 1026 1018 1088 VIII.
1042 1029 1660 1119 Hleronymusinlibrosecundorlpolo-

89 1118 225 1181 Mirati
236 1119 366 1185 tamena
383 1124 621 1206 appellationem
641 1125 840 1204 defugerent,
889 1120 949 1197 piae
962 1123 1064 1182 contre
1074 1120 1241 1203 liaffieam,
1255 1125 1467 1188 narrationem
1482 1128 1572 1190 istam
1581 1131 1661 1192 deri·

89 1212 267 1291 quieseunt
280 1215 401 1278 offensi,
890 1209 992 1271 dendo
1020 1211 1129 1274 elevat.
1156 1215 1199 1276 De
1226 1234 1364 1295 quonam
1397 1237 1471 1281 vero
1499 1220 1661 1286 Athanasii

122 1305 185 1366 Vll.
204 1307 414 1370 Memorabilis
446 1314 492 1370 est
515 1310 554 1371 de
586 1308 645 1370 hae
677 1305 842 1369 locutionis
890 1298 969 1363 libro
982 1302 1017 1362 in
1030 1321 1067 1365 ea
1080 1323 1182 1367 sermo
1198 1308 1246 1383 sit,
1260 1316 1369 1371 neuter
1384 1310 1546 1390 siguificat.
1559 1315 1662 1395 Appa-

90 1395 220 1473 iormnla,
233 1399 842 1481 aaApollinaristarumdeeasensuloeus
890 1400 939 1454 rot
954 1401 1057 1457 lamen
1072 1397 1110 1457 ab
1120 1398 1288 1462 Athanasio
1297 1419 1361 1462 non
1371 1403 1465 1465 semel
1479 1413 1660 1485 usurpatam

90 1490 161 1569 apud
180 1492 344 1554 Ruitinum
362 1493 396 1554 in
419 1492 587 1574 appendice
610 1491 765 1572 Apolopice
783 1509 841 1572 pro
889 1485 981 1548 luisse
994 1505 1104 1550 vocem
1130 1490 1221 1552 istam
1244 1492 1374 1554 dominia
1400 1494 1565 1559 Dominici.
1591 1501 1660 1562 Non

92 1580 308 1665 Oripeuequam
322 1585 449 1646 nornine
462 1584 614 1663 Pamphili
625 1584 770 1663 martyris
779 1583 843 1644 edi-
890 1580 974 1641 cuim
997 1580 1098 1642 solum
1124 1581 1232 1644 inille
1257 1584 1456 1666 Eaposr'tioue
1478 1586 1562 1668 fidei,
1588 1611 1659 1671 queo

90 1672 129 1734 dit
141 1694 149 1735 ε
161 1695 219 1756 qua
246 1678 279 1739 in
302 1678 470 1757 appendice
495 1677 667 1738 multorum
696 1675 841 1754 exemplo
889 1672 1090 1734 exstathodie
1105 1674 1162 1749 bis,
1178 1680 1264 1738 terve
1277 1679 1442 1757 repetitur:
1458 1681 1511 1742 sed
1525 1682 1660 1748 etiamin

90 1772 215 1830 rueram
230 1770 356 1831 Petrum
368 1770 508 1849 Origenis
523 1768 635 1848 scripta
653 1767 761 1830 fraude
773 1766 840 1829 hae·
888 1762 949 1825 alia
962 1764 1079 1843 majore
1094 1766 1159 1827 :uti
1172 1769 1384 1831 Theodoretus
1395 1773 1552 1844 testatur¹,
1564 1795 1660 1855 quam

88 1861 241 1924 salicorum
248 1860 836 1943 adulteratasrsseprobatflunclooum,
889 1874 961 1917 cum
974 1858 1126 1937 majorem
1138 1866 1237 1937 vocat,
1253 1866 1539 1945 respectumutique
1549 1867 1660 1931 habuit

89 1952 137 2014 etsi
150 1955 246 2034 paulo,
262 1961 309 2017 est
322 1952 748 2034 longior,utileeritbiclegi.
760 1953 840 2013 Nam
888 1948 929 2009 ad
947 1949 1099 2012 minorem
1125 1952 1265 2014 alteram.
1291 1955 1443 2020 Quanam
1466 1964 1569 2020 autem
1590 1959 1657 2025 lraeo

87 2047 222 2109 nonnulla
246 2048 386 2109 eontinet
404 2046 588 2127 quastione,
609 2045 838 2106 observatione·
888 2044 944 2117 est,
951 2040 1056 2103 nister
1069 2061 1131 2122 qua
1142 2044 1657 2134 Facundustestimoniumexcerp

87 2140 355 2220 quenouindigna.
375 2141 563 2213 «Damasus,
577 2135 840 2218 inquit¹,episco-
887 2132 937 2205 sit,
966 2139 1002 2194 ut
1026 2134 1066 2195 ab
1093 2136 1258 2197 Athanasio
1286 2138 1484 2202 nominatum
1512 2144 1657 2222 probaret

86 2247 148 2309 pus,
157 2249 224 2293 eum
232 2232 272 2294 de
282 2231 467 2312 recipiendis
479 2227 717 2311 Apollinariauis
726 2228 840 2291 delibe·
888 2222 1030 2286 lromr'rem
1043 2225 1381 2309 caesareamque
1394 2232 1487 2294 hodie
1496 2237 1656 2315 superest?

85 2324 155 2383 ratio
167 2324 342 2401 haberetur,
353 2324 519 2386 editionem
532 2321 744 2385 ecclesiastieae
753 2321 836 2396 fidei,
928 2317 1046 2379 Insulae
1074 2319 1177 2399 itaque
1199 2320 1386 2403 Anonymus
1419 2324 1528 2405 Cyrilli
1542 2336 1656 2400 διάοολος

85 2416 128 2478 cai
152 2416 240 2478 fidem
267 2416 423 2491 editioni,
447 2417 473 2477 si
496 2414 633 2478 Ecclesiae
664 2414 757 2495 jungi
788 2434 838 2477 ve·
887 2408 1113 2491 depositionem
1132 2412 1222 2474 istam
1242 2422 1337 2495 negat
1350 2434 1415 2479 esse
1429 2419 1655 2498 Athanasii,eo

84 2507 144 2575 lint.
171 2509 359 2572 subscribere
395 2509 553 2581 deberent,
584 2508 837 2570 conscribendam
887 2502 970 2581 quod
987 2502 1176 2565 Dorcint'cum
1197 2504 1342 2569 homiaem-
1365 2511 1542 2590 appellavit.
1563 2514 1656 2588 Quasi

84 2603 227 2663 mandarit
249 2602 377 2665 cuidam
389 2601 489 2663 amico
507 2600 751 2681 suopresbytero
768 2600 836 2662 uiro
884 2612 950 2655 non
964 2613 1003 2655 cx
1014 2595 1150 2658 aliisiide
1167 2597 1367 2678 dIgnissImis,
1383 2620 1461 2681 quos
1475 2621 1572 2683 supra
1586 2606 1656 2668 lau-

83 2692 280 2770 disertissimo,
296 2694 352 2775 qni
375 2694 435 2756 hoc
453 2694 499 2754 illi
512 2712 551 2755 ex
570 2711 658 2754 more
676 2695 837 2773 negotium
885 2688 1039 2764 desimus,
1068 2694 1186 2750 constet
1207 2691 1411 2754 Athanasium
1434 2695 1478 2756 sie
1496 2696 1655 2761 interdum

84 2788 264 2865 procurabat.
286 2786 499 2849 Necessarium
517 2785 619 2847 risum
641 2791 687 2846 est
709 2786 836 2847 dictanti
885 2778 1024 2842 locutum
1037 2781 1218 2843 luissedlio
1233 2784 1653 2868 bellarminus³argumento

82 2878 112 2939 in
135 2880 194 2958 ipsa
218 2880 354 2943 editione
380 2879 419 2942 de
448 2877 666 2940 incarnatione
693 2877 834 2955 Domini,
885 2878 1058 2952 suspectam
1071 2872 1143 2933 iacit
1157 2872 1380 2954 Expositiooem
1396 2880 1555 2958 eamdem,
1571 2883 1654 2962 quod

82 2969 228 3034 hominem
240 2972 436 3035 Dominicum
450 2969 837 3033 dici.Oliensisuntinhoe
887 2962 921 3024 in
940 2984 977 3027 ca
1001 2966 1150 3046 scriptum
1178 2966 1228 3043 sit,
1250 2992 1264 3020 σ
1277 2973 1341 3031 tres
1364 2988 1512 3051 personas
1534 2974 1655 3037 divinas

82 3080 209 3128 sermone
235 3064 479 3145 apollinaristae,
496 3063 666 3125 nouitatem
685 3062 836 3124 sermonis
886 3075 951 3117 non
974 3076 1039 3120 esse
1061 3065 1124 3120 tres
1140 3069 1297 3137 sacerdota,
1320 3063 1353 3124 id
1378 3068 1424 3125 est
1443 3065 1655 3129 subsistentias

80 3158 208 3220 inorme
228 3163 391 3240 caeperunt
414 3174 421 3217 :
441 3156 547 3217 adesse
570 3153 628 3216 sibi
652 3156 755 3235 coepit,
781 3154 836 3235 qui
885 3150 1194 3228 seorsim-distinctas,
1211 3175 1227 3213 a
1245 3156 1329 3236 quod
1348 3155 1437 3218 valde
1450 3158 1559 3219 miror.
1575 3160 1656 3221 Nam

81 3250 246 3326 debuerat,
263 3257 343 3312 etex
360 3248 542 3311 auctoritate
559 3265 633 3309 vera
650 3247 836 3327 scriptorum
885 3241 1036 3320 ejusmodi
1052 3251 1097 3306 est
1108 3245 1160 3306 illa
1179 3246 1269 3321 ratio,
1286 3253 1320 3309 ut
1343 3249 1533 3311 corbanum
1550 3252 1656 3331 potius

81 3344 291 3406 catholicorum
304 3343 444 3405 virorum
458 3339 617 3403 confutare
630 3340 760 3418 eosqui
774 3340 834 3401 im·
885 3334 1013 3395 suadere
1041 3335 1160 3399 debeat.
1192 3338 1225 3398 Si
1257 3339 1343 3401 enim
1378 3347 1439 3401 tres
1473 3341 1656 3421 hypostases

79 3434 258 3514 pugnabant.
283 3432 413 3509 Accidit,
433 3435 516 3491 utet
535 3429 591 3489 uni
614 3447 651 3490 ex
673 3428 756 3509 ipsis,
780 3428 835 3508 qui
885 3425 1021 3502 dirisset,
1036 3444 1073 3487 eo
1086 3427 1153 3507 ipso
1173 3429 1380 3491 dubitandum
1396 3436 1485 3506 esset,
1503 3450 1544 3492 an
1557 3434 1655 3495 Atha·

79 3530 234 3589 novitatem
257 3524 409 3589 sermonis
430 3521 647 3597 causabantur,
660 3519 836 3583 emendaret
885 3517 961 3578 nasii
971 3536 1120 3597 germana
1133 3519 1212 3581 toret
1229 3540 1237 3583 :
1254 3539 1349 3601 quem
1369 3522 1443 3583 alibi
1458 3522 1655 3587 demonstra·

79 3616 225 3680 inlibeNo
247 3615 409 3680 Athanasii
433 3613 569 3696 episcopi
592 3614 742 3693 seriptum
769 3630 834 3675 esse
884 3610 1249 3692 vimushypostasimpro
1264 3620 1336 3693 οὐσίᾳ
1349 3617 1524 3696 sumpsisse.
1537 3617 1655 3681 Deinde

79 3726 254 3788 sermonem,
267 3711 306 3773 de
320 3727 383 3791 quo
397 3707 526 3788 questio
536 3705 711 3769 habebatur
727 3705 834 3785 :quasi
884 3707 920 3764 ut
933 3712 1078 3774 ὑποστάσεις
1101 3704 1210 3766 demus
1225 3706 1285 3767 illie
1304 3706 1478 3786 significare
1499 3727 1652 3790 parmasu

78 3805 250 3884 suasusjam
261 3803 324 3877 ille,
335 3802 387 3864 oui
405 3800 572 3882 probatum
589 3798 701 3875 luerat,
715 3798 836 3877 rogavit
884 3796 1087 3859 nibilominus
1101 3804 1186 3859 recte
1206 3798 1250 3858 ibi
1267 3798 1493 3877 scriptumest,
1508 3820 1654 3867 nonesse

78 3894 137 3957 dari
152 3896 208 3957 sibi
223 3894 373 3967 codicem,
397 3912 459 3973 quo
473 3898 504 3954 et
525 3891 593 3952 aliis
608 3890 833 3971 ignorantibus,
883 3894 947 3951 tres
955 3889 1147 3970 hypostases,
1156 3908 1193 3952 eo
1208 3891 1536 3974 seilicetmodo,quem
1550 3897 1654 3959 statim

78 3991 106 4046 et
142 3985 422 4049 contradicentibus
465 3983 658 4045 satisfaceret.
703 3985 835 4063 Accepto
884 3981 1055 4060 subjunxit.
1073 3983 1123 4044 Sic
1146 3983 1233 4044 enim
1253 3983 1415 4064 loquitur:
1435 4007 1452 4044 a
1471 3988 1577 4067 Neque
1591 3995 1655 4052 tres

79 4079 188 4157 rudos,
203 4080 380 4143 inauditum
400 4075 584 4157 excogitavit
602 4074 835 4137 adulterationis
885 4073 1064 4154 hypostases
1083 4074 1204 4154 diruas,
1224 4095 1260 4138 ao
1276 4078 1406 4139 seorsim
1428 4080 1652 4159 oonsbtentes3

79 4187 175 4249 genus.
189 4175 307 4235 Locum
321 4171 476 4253 ipsum,in
487 4186 550 4250 qrro
563 4185 665 4230 sermo
674 4167 731 4229 iste
740 4167 835 4248 scrip·
883 4171 919 4227 ut
936 4185 1102 4247 corporum
1115 4185 1204 4231 more
1215 4169 1285 4231 fieri
1298 4170 1332 4230 in
1345 4170 1525 4232 hominibus
1537 4172 1652 4235 intelli-

79 4268 121 4324 ius
140 4270 214 4341 erat,
235 4265 322 4342 rasit,
342 4268 374 4325 et
386 4263 489 4342 ipsum
509 4277 685 4322 sermonem
707 4276 834 4320 rursum
882 4257 986 4334 gimus
1004 4278 1012 4321 ε
1027 4278 1078 4334 ne,
1095 4260 1142 4321 nli
1152 4261 1284 4340 gentiles
1298 4260 1411 4339 solent,
1429 4263 1654 4328 alearummul·

77 4358 231 4438 rasuipsit,
245 4373 342 4437 quem
354 4360 481 4417 raserat.
499 4352 601 4415 Codex
613 4351 751 4414 redditus
762 4352 833 4413 sim·
881 4350 1048 4412 titudinem
1059 4369 1124 4413 esse
1140 4352 1341 4414 sentiamus&
1355 4374 1371 4411 ο
1385 4354 1465 4428 Quid
1479 4361 1526 4417 est
1538 4357 1573 4417 in
1588 4357 1653 4420 istis

78 4447 185 4526 pliciter
216 4454 361 4528 receptus
389 4452 445 4508 est.
472 4447 613 4508 Moretur
636 4445 751 4506 Iterum
775 4460 832 4524 pro
881 4443 983 4504 verbis
996 4443 1231 4514 noneatholiee‚
1245 4447 1653 4526 rerequedlctum,tametsi

78 4542 174 4604 eodem
204 4559 349 4605 sermone
382 4538 532 4621 quaesti03
556 4536 832 4617 adprobationem
881 4535 1062 4616 hypostases
1087 4554 1144 4616 pro
1173 4538 1313 4618 personis
1347 4539 1499 4619 accipias?
1529 4542 1653 4603 Etenim

78 4630 834 4717 codexproiertur:invenitursermo,dequoerat
880 4645 1020 4708 personae
1043 4634 1105 4690 tres
1126 4628 1259 4707 divina,
1282 4630 1354 4692 licet
1377 4632 1479 4713 reipsa
1502 4633 1652 4698 distinctu
1683 4670 1688 4675 -

78 4728 205 4804 qemun,
221 4745 260 4790 ex
282 4725 378 4787 litura
398 4725 432 4786 in
458 4723 563 4786 codiee
588 4721 707 4802 positus
728 4740 735 4782 ε
758 4719 833 4781 lldes
882 4719 953 4789 sint,
968 4738 1031 4781 non
1047 4727 1152 4783 tamen
1166 4721 1283 4796 divisae,
1301 4724 1360 4785 hoc
1374 4729 1420 4786 est
1433 4743 1452 4785 a
1465 4743 1498 4787 se
1518 4726 1652 4790 invicem

77 4820 231 4895 parram
244 4818 343 4881 talem
353 4817 491 4879 eoffieem
506 4817 684 4895 derogatam,
702 4832 740 4875 eo
749 4810 834 4892 quod
881 4818 1030 4892 separatae
1044 4819 1135 4890 suut,
1146 4813 1312 4877 seorsimve
1326 4815 1500 4879 consistunt
1513 4816 1535 4880 ⁸:
1552 4819 1605 4882 sed
1619 4821 1653 4882 in

76 4908 225 4976 liturailla
241 4909 463 4991 corruptionis,
477 4907 659 4970 etfalsitatis
676 4906 834 4968 videretur
882 4922 915 4966 se
930 4904 1005 4984 ipsis
1028 4904 1288 4969 existuutmutua
1301 4920 1476 4991 σεριχορήσσι.
1492 4911 1652 4992 Siquidem
1690 4937 1818 5037 pm

105 5116 243 5174 situas.
263 5112 327 5173 cta
340 5114 404 5187 τρεῖς
423 5112 567 5177 hamdene
581 5109 757 5187 μεμερισμένας
776 5105 830 5163 καθ’
880 5105 975 5172 turcia·
996 5109 1079 5182 ὥσπερ
1098 5117 1267 5184 supermeat
1281 5109 1320 5168 ἐπ’
1337 5112 1472 5187 ἀνθρώπων
1487 5112 1538 5171 ἐστὶ
1550 5117 1653 5193 λογίσα-

880 5193 946 5246 eller
958 5192 1001 5246 'ira
1016 5192 1188 5267 phaoiudrlas
1200 5195 1235 5259 ὣς
1248 5195 1279 5251 τὰ
1294 5195 1350 5267 itaq
1364 5201 1536 5273 φρονήσομεν.

99 5385 205 5444 tuna.
213 5386 275 5435 Tan.
292 5386 346 5433 l.··
357 5385 373 5430 9
383 5387 452 5442 sopra
466 5396 543 5444 parag.
554 5384 575 5433 t.
590 5406 618 5421 -
628 5385 643 5432 a
655 5383 681 5433 ln
694 5384 735 5433 llb.
746 5385 774 5431 rte
785 5383 892 5442 scriptor.
906 5386 1027 5433 tecta·
1035 5385 1050 5432 t
1059 5385 1170 5446 tuear.
1184 5396 1233 5445 cap.
1246 5398 1277 5437 rr.
