3936 6152
493 322 543 381 DE
563 317 868 391 lNCARNATIONEl,
890 319 965 381 LIB.
987 321 1039 394 Xl,
1062 321 1145 382 CAP.
1168 323 1227 382 XI.
1585 322 1646 381 tte

81 486 281 566 comatumque
303 491 425 564 peccato
441 504 506 547 non
522 502 597 546 esse.
624 484 712 558 Quod
735 482 823 543 simi·
879 486 975 545 «Non
994 486 1079 546 enim
1099 486 1132 546 in
1146 486 1308 564 iniquitate
1330 491 1497 565 conceptus
1521 490 1577 556 est,
1602 484 1646 545 ait

81 578 139 639 liter
149 579 234 638 tradit
244 578 428 639 Athanasius
439 577 459 654 ¹,
475 597 547 639 cum
565 578 711 638 adversus
728 574 822 653 Apol·
874 575 1647 655 Augustinus,quianondemoratirmcconceptus

80 670 663 751 linsmmprohatnoniuissctpapmeuotg
674 678 820 748 λογισμοὺς,
875 675 930 729 est.
946 671 1008 730 Nec
1019 687 1092 730 erim
1105 670 1138 728 in
1154 669 1285 748 peccatis
1306 676 1405 730 mater
1418 670 1485 748 ejus
1498 668 1532 729 in
1557 673 1645 729 utero

79 763 166 822 idest
187 761 375 842 crepitationes
398 763 510 835 meles,
537 766 570 823 et
589 763 630 823 ad
664 767 824 837 peccatum
875 762 972 821 alirit:
990 779 1083 840 quem
1103 762 1192 840 virge
1214 762 1364 840 concepit,
1386 762 1474 840 virgo
1496 761 1644 840 peperit:
1716 813 1718 817 ,

79 852 262 932 impellentes,
279 855 517 927 inhumanitate
530 854 640 916 Christi
659 872 666 914 τ
682 852 823 932 quande·
876 855 947 932 quia
969 853 1030 914 fide
1054 853 1204 934 concepit,
1219 854 1281 915 fide
1302 854 1447 933 suscepit.
1475 855 1557 931 Ergo
1578 869 1647 913 ecce

79 946 185 1024 quidem
196 965 251 1007 nec
264 946 298 1007 in
310 948 428 1009 Adamo
437 948 538 1009 adhuc
547 947 710 1007 innocente
719 945 826 1023 hujus-
875 963 974 1024 agnas
984 947 1047 1007 Dei.
1059 946 1128 1006 Non
1139 946 1299 1006 hahetiste
1312 946 1472 1007 traducem
1485 946 1523 1005 ds
1532 945 1643 1005 Adam:
1683 971 1686 976 ’

78 1036 149 1099 modi
157 1037 288 1101 dierunt.
306 1039 368 1100 Sed
389 1040 423 1101 in
444 1039 498 1100 ille
521 1039 655 1118 perfecta
679 1055 743 1097 non
764 1035 825 1097 luit
875 1043 1132 1098 carnemtantum
1146 1037 1279 1116 sumpsit
1294 1039 1332 1097 de
1354 1038 1468 1112 Adam3
1485 1042 1646 1116 peccatum

14 1174 61 1219 m„
78 1140 250 1212 ἀναμαρτηοῐαε
271 1132 347 1211 quia
367 1131 423 1192 etsi
445 1136 607 1211 peccatum
629 1138 704 1189 tunc
725 1128 825 1188 inerat
875 1148 939 1190 non
952 1132 1127 1210 assumpsit.
1140 1131 1198 1204 Qui
1218 1148 1283 1190 nen
1297 1131 1465 1209 assumpsit
1478 1131 1517 1191 de
1539 1139 1645 1190 nostra

78 1222 192 1300 nullum,
207 1230 389 1286 erattamen
404 1224 551 1302 peccandi
570 1227 714 1300 potestas,
735 1238 773 1280 ex
786 1219 824 1280 li·
875 1240 975 1283 massa
987 1228 1159 1301 peccatum,
1183 1223 1249 1301 ipse
1271 1224 1386 1301 estqui
1408 1222 1485 1283 tollit
1501 1226 1643 1282 nostrum

77 1315 138 1376 hera
156 1316 218 1394 ejus
239 1316 400 1377 voluntate
423 1316 571 1395 pendens.
587 1318 627 1376 Ar
650 1314 683 1389 in
704 1313 824 1373 Christo
874 1320 1078 1393 peecatums

76 1412 190 1486 potestas
200 1408 252 1469 illa
265 1427 332 1471 non
345 1409 404 1469 fuit
420 1408 589 1487 :quoniam
602 1414 689 1486 φυσικὴ
704 1405 738 1464 in
756 1404 822 1478 illo,
915 1408 1015 1480 Quare
1027 1406 1158 1467 Basilius
1183 1411 1401 1485 «compactam
1421 1424 1460 1466 ex
1483 1408 1642 1468 sanctitate

77 1499 123 1560 hoc
132 1505 172 1560 est
184 1500 331 1561 naturalis
354 1506 420 1563 erat
441 1500 654 1578 impeccantia,
671 1503 707 1558 ut
726 1496 824 1575 rapite
875 1517 1001 1559 carnem
1014 1517 1080 1560 esse
1094 1498 1247 1559 Christi⁶s
1271 1505 1435 1560 asseverat.
1461 1500 1498 1560 Et
1522 1499 1641 1580 vivifica

76 1588 212 1668 superiore
224 1590 290 1651 dixi
308 1607 440 1669 :nempe
452 1595 612 1664 οαοοτατιαὴ,
624 1586 823 1648 ctindividuo
876 1590 915 1650 ob
928 1590 958 1650 id
972 1591 1064 1650 fuisse
1084 1610 1102 1652 a
1124 1591 1266 1652 Patribus
1288 1592 1412 1668 dicitnr,
1437 1593 1642 1671 presertima

76 1698 104 1740 ar
124 1682 264 1759 singulari
279 1683 340 1753 ‚illi
363 1682 493 1756 homini,
514 1681 603 1759 cujus
629 1679 733 1739 divina
757 1682 825 1738 erat
876 1683 988 1761 Cyrillo
1003 1683 1209 1745 Alexandrino
1226 1704 1233 1742 ι
1250 1689 1286 1743 ut
1299 1684 1371 1744 alibi
1388 1682 1547 1752 memirri⁸.

76 1770 237 1833 subsistendi
250 1774 434 1853 proprietas,
448 1773 551 1835 insita.
567 1775 825 1850 ltaqueuaruram
915 1777 985 1835 Non
997 1792 1124 1854 pessum
1136 1775 1197 1835 hoc
1215 1775 1285 1836 loco
1308 1776 1462 1853 insignem
1482 1776 1641 1856 praeterire

78 1864 226 1943 simplicem
238 1872 270 1926 et
280 1867 437 1944 integram
448 1866 613 1943 assumpsit
629 1863 779 1937 Verbum,
795 1866 826 1922 et
876 1867 981 1928 locum
995 1867 1127 1928 auctoris
1140 1866 1255 1946 alioqui
1276 1867 1428 1928 nonsatis
1457 1868 1573 1928 sincere
1592 1885 1642 1928 ca·
1682 1893 1810 1937 praelarus

79 1966 224 2033 pravarum
238 1957 466 2037 cogitationum
489 1976 525 2021 ac
545 1956 691 2031 lihidinis,
707 1960 738 2015 et
750 1972 825 2014 οοιι-
877 1959 994 2035 tholici,
1012 1959 1137 2019 Eusehii
1150 1959 1367 2020 Caesariensis:
1390 1960 1444 2039 qui
1461 1958 1512 2020 vel
1531 1978 1568 2021 eo
1586 1978 1643 2020 no·
1676 1941 1805 2044 Elgfflff

79 2047 252 2126 capisceutiae
266 2050 410 2113 funditus
426 2055 597 2127 expertem.
612 2048 775 2125 Legendus
788 2046 827 2107 de
878 2052 975 2127 mine,
996 2050 1175 2111 referendus
1201 2050 1279 2110 mihi
1304 2051 1438 2125 videtur,
1460 2052 1544 2130 qued
1574 2070 1645 2113 curn
1702 2048 1783 2097 causa

77 2138 202 2207 haeres.
219 2140 825 2222 Epiphaniusinhaeresillimrrrr'terum,
878 2144 1010 2204 Arianos
1031 2141 1153 2219 fucritss,
1181 2142 1368 2204 humanitati
1390 2144 1500 2203 Christi
1523 2145 1647 2225 amplis
1705 2110 1774 2155 ¹⁰⁰⁰*

78 2230 121 2308 qui
132 2237 198 2293 suut
209 2233 463 2313 Apollinaristse¹.
879 2235 957 2295 sima
968 2254 1097 2313 quaeque
1112 2254 1176 2294 non
1189 2235 1340 2295 dubitarit
1355 2233 1493 2296 tribuere
1502 2255 1510 2310 ;
1528 2237 1648 2297 cumdc

109 2324 228 2386 Basilius
240 2345 367 2404 quoque
379 2326 414 2386 in
423 2325 548 2405 epistola
558 2323 637 2400 txv³,
648 2342 717 2402 quse
728 2323 829 2385 estad·
880 2327 1017 2405 ejusdem
1027 2327 1196 2401 divinitate,
1212 2326 1293 2387 infra
1306 2345 1399 2406 quam
1410 2347 1447 2387 ea
1458 2328 1645 2401 merehatur,

14 2451 61 2486 m.
79 2432 167 2477 sersus
178 2418 338 2479 hereticos
357 2417 441 2493 isles,
461 2422 602 2478 accurate
616 2431 665 2480 τῶν
677 2426 760 2478 παθῶν
775 2434 829 2494 gc-
880 2420 1010 2479 senscrit
1022 2439 1057 2480 ac
1081 2419 1245 2496 scripserit.
1262 2420 1312 2480 Sic
1331 2419 1425 2498 igitur
1442 2420 1513 2480 ille:
1534 2442 1549 2478 ι
1571 2420 1648 2496 Quo-

78 2524 140 2568 nera
151 2509 321 2588 distinguit.
343 2511 421 2571 Nam
443 2510 503 2570 alia
527 2509 600 2569 dicit
624 2526 690 2569 csse
704 2507 830 2588 propria
880 2510 960 2571 aium
978 2530 1035 2591 per
1049 2512 1193 2572 lroarr'rrern
1207 2530 1285 2571 mors
1299 2512 1424 2572 intrarit
1440 2513 1473 2573 ia
1496 2511 1647 2589 μανιάκας

79 2601 178 2675 mrnis3
194 2610 228 2662 ut
241 2601 351 2675 serari,
365 2601 476 2674 minui,
490 2601 615 2662 dissolvi
633 2621 639 2660 :
656 2600 716 2661 alia
730 2600 830 2661 carnis
880 2603 968 2679 dum,
984 2609 1019 2663 ut
1030 2605 1074 2663 ait
1096 2600 1287 2682 Apostolus',
1303 2605 1463 2683 oportebat
1476 2605 1583 2684 utique
1594 2623 1650 2685 per

79 2693 201 2754 animatae
215 2695 344 2774 proprie
360 2714 367 2754 :
384 2700 420 2754 ut
443 2694 560 2769 lassari,
580 2693 709 2766 esurire,
733 2694 828 2767 sitire,
882 2695 1027 2755 eumdem
1041 2696 1203 2755 homiaem
1225 2695 1395 2775 dispensari
1415 2697 1453 2756 de
1467 2702 1566 2758 morte
1584 2699 1648 2759 vic·

79 2803 203 2847 mmuum
218 2805 332 2865 repere
349 2806 356 2849 ι
372 2786 433 2846 alia
457 2785 582 2865 propria
606 2804 699 2846 emme
717 2786 831 2847 utentis
881 2787 1005 2858 teriam,
1027 2794 1058 2847 ct
1071 2806 1182 2866 corpus
1204 2789 1312 2847 mortis
1335 2806 1447 2867 corpus
1465 2789 1546 2849 effici
1564 2791 1647 2867 vitae,

78 2877 171 2937 ammas
184 2899 191 2952 ;
206 2885 241 2938 ut
262 2885 339 2939 sunt
362 2879 493 2951 tristitia,
510 2884 622 2953 metus,
646 2877 829 2938 sollicitudo.
883 2897 918 2939 ac
933 2879 1049 2958 peccati
1064 2897 1209 2955 regnum,
1224 2880 1308 2957 quod
1327 2880 1360 2938 in
1381 2880 1504 2941 mortali
1522 2900 1649 2961 corpore

79 2969 227 3049 Erquibus
247 2971 408 3032 matrueles
421 2971 495 3030 alias
509 2976 541 3032 et
560 2970 711 3031 animanti
730 2988 832 3030 nsces-
882 2971 1067 3049 operabatur
1086 2977 1187 3040 antea,
1204 2972 1356 3045 subverti3
1379 2978 1415 3032 ut
1432 2991 1496 3032 non
1516 2974 1650 3053 amplius

78 3062 412 3124 sariasatiectienescsse
426 3062 652 3125 dicittaliasex
666 3062 833 3140 depravata
883 3063 911 3123 ei
925 3069 1097 3141 peceatum,
1117 3063 1170 3123 sed
1188 3063 1306 3141 justitia
1328 3064 1551 3127 dominaretur.
1573 3068 1650 3128 Cum

78 3152 140 3213 oriri
163 3156 332 3217 voluntate.
367 3178 382 3214 ι
408 3157 514 3234 ltaque
538 3156 705 3215 Dominum
726 3155 833 3215 asserit
883 3161 986 3216 ariteur
1003 3173 1057 3234 per
1071 3160 1198 3235 peccata
1210 3156 1311 3217 carnis
1325 3156 1417 3236 lenge
1435 3164 1526 3219 antea
1543 3177 1652 3220 omues

78 3247 214 3308 naturales
226 3249 399 3322 arlmisisse,
416 3253 447 3308 et
469 3247 681 3325 assumpsisse,
699 3246 738 3305 ad
761 3264 833 3306 con·
883 3245 1025 3309 homines
1038 3248 1234 3323 cecidissent3
1250 3250 1361 3309 merito
1376 3267 1431 3328 per
1443 3250 1652 3312 immunema

79 3336 243 3400 firmandam
256 3358 352 3412 verae,
371 3345 474 3400 utnon
487 3338 677 3417 imaginariae
692 3338 833 3399 lucarna-
884 3346 1021 3418 peccato,
1034 3348 1064 3401 et
1085 3341 1124 3400 ab
1147 3340 1234 3401 omni
1249 3341 1324 3401 vitio
1346 3341 1507 3413 intactum,
1522 3343 1559 3402 de
1580 3344 1650 3402 hes-

79 3427 156 3489 tionis
167 3431 258 3492 fidem
279 3453 287 3491 ε
304 3450 376 3510 ques
391 3436 497 3493 autem
509 3449 548 3491 ex
561 3435 686 3509 peceato
698 3431 834 3490 existunt
883 3430 965 3491 tihus
978 3432 1065 3492 victis
1078 3432 1219 3510 trophaea
1238 3434 1402 3495 constituta
1420 3438 1520 3493 sunit.
1534 3454 1549 3490 ι)
1568 3435 1651 3495 Prm·

78 3524 226 3599 passiones,
241 3525 358 3604 quibus
371 3524 441 3585 vitae
455 3530 569 3585 nostrae
585 3522 744 3600 integritas
762 3522 833 3617 11111-
883 3523 1038 3600 clarehic,
1055 3531 1086 3584 et
1099 3525 1240 3602 religiose
1263 3524 1374 3585 Christi
1397 3525 1567 3585 humanum
1588 3545 1652 3586 car-

80 3613 155 3692 citur,
169 3634 217 3677 eas
229 3622 379 3696 tamquam
398 3616 595 3677 immaculata
613 3615 773 3675 divinitate
787 3615 834 3675 in·
884 3635 956 3677 nem
967 3616 1034 3678 vitre
1043 3635 1147 3697 corpus
1158 3616 1303 3697 appellat,
1313 3617 1494 3679 etcamdem
1506 3624 1649 3680 naturam

79 3704 171 3784 dignas
201 3709 392 3789 repudiasse.
430 3709 501 3768 ideo
534 3709 684 3787 scriptum
706 3726 770 3768 esse
792 3707 832 3768 ah
884 3715 1055 3789 ἀναμάρτητον
1076 3709 1106 3769 id
1132 3716 1177 3770 est
1192 3718 1307 3789 percute
1325 3711 1444 3790 pertitus
1469 3710 1648 3787 inaccessam,

79 3798 232 3877 Apostolos
254 3804 293 3862 In
313 3800 517 3863 similitudine
535 3799 635 3861 carnis
649 3801 765 3879 peccati
780 3818 832 3861 na·
885 3802 967 3879 qued
986 3800 1024 3861 ab
1052 3820 1089 3861 aa
1113 3820 1246 3879 regnum
1269 3803 1386 3881 peccati
1413 3804 1452 3862 sit
1478 3804 1648 3880 exclusum,

79 3896 136 3951 tum
148 3911 208 3954 esse
222 3894 412 3955 Christumt.
428 3913 444 3950 ι)
884 3893 966 3971 quod
981 3893 1076 3970 primi
1090 3892 1225 3953 hominis
1247 3894 1280 3953 in
1301 3900 1439 3973 posteros
1453 3896 1544 3975 eulpa
1557 3896 1650 3956 diffu-

14 4012 61 4061 ςη,
111 3983 145 4043 1.
164 3985 287 4047 Etenim
312 3983 415 4045 merhi
442 3983 503 4057 illi,
530 4001 566 4044 ae
585 3982 832 4062 perturbationes
883 3985 980 4046 derat.

14 4080 62 4164 gg·
79 4075 241 4137 animorum
256 4082 293 4137 ut
308 4081 340 4137 et
353 4075 615 4154 eoncupiscentia3
631 4074 746 4154 peccati
759 4080 833 4135 sumt
922 4076 977 4136 Vl.
1000 4075 1132 4137 Multum
1146 4095 1182 4137 ca
1195 4095 1244 4137 res
1267 4077 1300 4136 in
1320 4096 1412 4138 causa
1432 4078 1652 4140 Monotlreleta·
1674 4110 1808 4156 mma.

14 4175 46 4235 aa
81 4165 233 4245 omphalis,
248 4187 351 4248 eoque
366 4168 541 4247 depravatae
555 4172 676 4228 naturae
691 4167 829 4228 fruetus:
883 4186 955 4229 rum
975 4168 1090 4247 agitata
1111 4167 1186 4243 fuit;
1212 4187 1283 4230 cum
1305 4170 1343 4230 de
1364 4169 1479 4249 duplici
1493 4171 1650 4232 voluntate
1689 4171 1760 4208 ‘⁸¹⁰³'
1784 4164 1811 4206 ‘¹⁰

14 4236 49 4272 Μ
79 4259 237 4337 cujusmodi
249 4261 331 4323 nihil
353 4261 387 4323 in
412 4260 539 4323 homine
561 4260 679 4321 Christo
702 4260 828 4321 exstitit.
885 4261 997 4321 Christi
1011 4260 1197 4322 contraillos
1210 4262 1650 4341 Catholicidisputarent.Nam
1675 4228 1720 4315 iiii
1733 4217 1818 4314 iiiiii·-

108 4447 224 4502 aBastr..
242 4454 311 4503 lom.
329 4447 363 4502 ll.
388 4444 462 4500 Ὀθεν
476 4445 588 4517 φαίνεται
611 4446 727 4517 θΚθριος
746 4444 832 4516 τὰμὲν
884 4446 980 4516 preivit
996 4445 1155 4512 ’θιτθοτολος
1172 4451 1235 4520 χρῆν
1250 4447 1280 4515 δή
1291 4466 1338 4501 που
1354 4445 1395 4500 διὰ
1408 4453 1451 4501 τοῦ
1468 4446 1543 4501 αὐτοῦ
1556 4447 1652 4520 ἀνθρώ-

79 4529 224 4598 osculatis]
238 4528 446 4602 παραδεξάμενος,
463 4528 495 4590 εἰς
510 4529 637 4601 dricturam
651 4532 694 4599 τῆς
709 4526 832 4597 ἀληθινῆς,
883 4547 930 4581 που
955 4528 998 4597 τὴν
1013 4529 1075 4584 κατὰ
1092 4535 1136 4584 τοῦ
1154 4530 1258 4584 θανάτου
1280 4530 1437 4602 βραθειιθῆναι
1459 4531 1537 4599 ν1κην,
1560 4531 1600 4584 καὶ
1622 4532 1652 4587 τὸ

79 4608 146 4663 etot
155 4613 216 4667 sari
225 4613 361 4685 φαντασίαν
377 4610 589 4684 ἐνανθρωτηοεοις·
606 4612 637 4667 τὰ
653 4612 679 4665 δὲ
693 4611 742 4665 ἀπὸ
750 4611 834 4673 κοικὶοις
884 4617 956 4683 σῶμα
969 4617 1013 4665 τοῦ
1032 4613 1136 4666 θανάτου
1158 4620 1232 4685 σῶμα
1253 4617 1318 4685 ζωῆς
1340 4613 1521 4685 ἀναδειχθῆναι,
1547 4616 1587 4668 καὶ
1608 4619 1651 4683 τῆς

78 4691 143 4761 stip,
156 4696 201 4748 θσοι
210 4696 239 4749 τὸ
247 4694 352 4766 καθαρὸν
365 4698 407 4762 τῆς
416 4696 481 4762 ζωῆς
493 4693 564 4766 ἡμῶν
575 4693 745 4767 ἔκιῤῥνιταίνει,
758 4692 835 4747 ease
885 4694 1005 4768 ἁμαρτίας
1028 4696 1071 4764 τὴν
1097 4697 1218 4768 βασιλείαν
1240 4696 1264 4751 ἐν
1285 4702 1321 4768 τῷ
1341 4696 1421 4770 θνητῷ
1439 4699 1537 4768 σώματι
1551 4698 1580 4751 rh
1594 4700 1650 4771 sepis

79 4771 198 4840 honre
210 4784 254 4846 τῆς
262 4777 386 4850 ἂγμάντοο
395 4778 509 4845 θεότητος
522 4776 689 4851 ἀπωσάμενος.
701 4774 747 4828 hrt
760 4780 833 4829 τοῦτο
886 4777 1030 4853 ἐνεργοῦσαν
1046 4781 1219 4850 καταλυθῆναι,
1243 4782 1328 4854 μηκέτι
1342 4780 1461 4854 ἁμαρτίας
1486 4781 1569 4847 atrei,
1586 4782 1652 4837 ἀλλὰ

80 4853 162 4925 ἄρηται
175 4859 198 4913 ἐν
213 4861 355 4933 ὁμοιώματι
368 4861 511 4933 γεγενῆσθαι
520 4860 607 4931 σαρκθς
619 4859 747 4931 ἁμαρτίας.
885 4863 1036 4933 δικαιοσύνης
1049 4864 1192 4937 κρατούσης·
1208 4865 1249 4918 καὶ
1274 4864 1354 4932 ἐπειδὴ
1378 4865 1419 4919 διὰ
1438 4871 1486 4921 τῶν
1505 4871 1548 4935 τῆς
1562 4868 1651 4939 σαρκὸς

110 4941 222 4999 bilant.
236 4945 314 5001 hom.
331 4960 393 5000 xxv.
418 4943 463 5005 Ἐξ
473 4943 608 5015 ἀγνωσόνης
619 4937 685 5010 οὖνὴ
700 4940 760 5013 σὰρξ
771 4960 833 5013 σιμ·
886 4946 1069 5019 ἁμαρτημάτων
1093 4949 1169 5000 πάλαι
1192 4948 1335 5020 πρότερονὴ
1351 4955 1444 5012 πτῶσις
1461 4947 1554 5022 ἐγίνετο
1577 4953 1650 5004 πᾶσιν

79 5029 172 5095 sursise
184 5026 240 5090 ἀξία
252 5025 283 5096 ἦν
297 5028 432 5100 τῇθοθτητι
443 5032 486 5081 τοῦ
497 5030 644 5098 μονογενοῦς
653 5025 778 5093 {leidrat
886 5029 1031 5102 ἀνθρώποις,
1047 5030 1145 5092 εἰκότως
1165 5031 1238 5084 πάλιν
1261 5030 1293 5084 δι’
1315 5031 1503 5105 sampsaeos,
1519 5034 1560 5087 καὶ
1573 5035 1652 5103 πάσης

110 5109 234 5167 sensas.
255 5110 303 5167 tib.
321 5112 368 5167 Vll
383 5111 420 5167 de
432 5116 575 5167 Demossst.
594 5114 709 5180 Eeanp.
726 5124 786 5179 cap.
801 5122 831 5161 11.
886 5113 1010 5185 θχράντον
1019 5115 1102 5175 κακίας
1110 5112 1142 5168 τθι
1150 5112 1213 5168 κατὰ
1222 5120 1272 5169 τῶν
1286 5112 1378 5188 ἐχθρῶν
1386 5113 1526 5190 ἀνηγιθρετο
1536 5120 1649 5191 τρθιτοιια.

84 5185 174 5260 Ἐπειδὴ
187 5193 219 5247 δι’
233 5193 362 5265 ἀνθρώπου
381 5194 484 5257 θάνατος
503 5193 610 5262 εἰσῆλθεν
625 5192 657 5254 εἰς
675 5192 717 5246 τθν
739 5193 831 5263 κόσμον

103 5356 261 5406 1111.11οιο1.
275 5363 323 5407 eds.
338 5363 410 5408 Chris.
423 5362 475 5407 Vide
484 5372 534 5417 sup.
547 5361 611 5407 llhli
624 5368 673 5415 cap.
689 5372 729 5413 ru,
738 5371 814 5416 parag.
830 5361 875 5404 let
885 5359 976 5405 lihvlil
990 5370 1038 5415 cap.
1048 5370 1090 5403 νιιι
1099 5365 1121 5405 st
1139 5360 1180 5405 us.
1191 5360 1266 5418 Kasp.
1279 5373 1314 5405 ιιι.
1333 5383 1360 5394 -
1375 5362 1478 5418 hltplph.
1494 5364 1547 5409 her.
1569 5376 1647 5414 ιιινιι,

81 5427 145 5472 m.
155 5421 181 5465 ss
192 5424 255 5468 stt'l.
273 5426 322 5469 -s
332 5424 400 5470 Basil.
413 5430 464 5469 tem.
477 5423 565 5468 11,-1
576 5423 749 5478 segusima.
763 5434 793 5473 ιν,
807 5423 833 5466 iu
843 5424 922 5468 Ιοοιιιτ.
943 5428 996 5467 tom.
1008 5423 1032 5466 11.
1046 5442 1062 5456 -
1087 5422 1162 5468 hvide
1174 5423 1213 5468 lili.
1225 5425 1300 5480 Xcsp.
1312 5436 1372 5471 11,-
1384 5424 1398 5469 e
1408 5424 1461 5468 vids
1471 5432 1525 5471 tem.
1542 5426 1572 5477 ll,
1584 5426 1616 5470 lib
1629 5426 1647 5471 1.

80 5480 560 5545 dammucensem-lmen.
