3936 6152
504 329 555 390 DE
574 321 876 398 tholantanus,
898 323 970 386 trs.
992 321 1044 401 xl,
1066 322 1148 386 CAP.
1171 324 1194 386 i.
1584 318 1643 382 til

81 493 216 556 Christum
228 491 398 554 seeundum
416 492 579 555 hominem
591 494 746 572 ignorare.
767 491 825 553 Sed
877 507 983 551 rerum
997 490 1138 551 omnium
1151 487 1320 561 seientiam,
1331 487 1527 566 maximeque
1540 482 1644 545 noris·

80 605 220 647 nuncnon
233 585 520 647 solumdicerenon
535 603 700 666 praesumo.
716 603 827 645 aarum
878 584 949 644 simi
968 584 1118 664 temporis
1140 582 1364 657 detrahebant3
1389 586 1424 640 at
1444 580 1527 641 idem
1550 577 1645 638 refert

80 677 159 738 etiam
172 675 305 755 priorem
318 676 545 737 anathematizo
558 676 708 756 prolatam
723 675 755 734 in
769 675 828 735 hac
878 676 1078 756 Nicephorus.
1094 677 1202 755 Itaque
1223 676 1344 737 Arianis
1357 680 1484 736 eatenus
1504 680 1646 734 accenset

79 774 150 848 parte
160 770 342 829 sententiam
358 788 365 828 :
382 768 455 847 quia
469 768 529 830 diri
551 788 615 830 non
635 768 718 842 lieet,
734 767 828 828 etiam
877 769 1043 848 Agnoetas,
1060 770 1144 848 quod
1155 769 1223 829 illos
1238 768 1350 828 imitati
1367 765 1577 846 ignorantiam
1589 764 1643 824 ad-

79 861 231 922 secundum
262 860 443 939 hominem,
470 861 628 941 ignorasse
659 859 827 920 Dominum
878 870 1057 941 spargerent
1067 861 1188 923 homiui
1203 860 1337 923 Christ0.

81 954 329 1032 Prophetarum.»
917 955 1026 1016 Melius
1047 954 1212 1035 Gregorius
1229 956 1314 1033 Papa
1338 951 1526 1015 Nestorianis
1537 949 1646 1012 aflines

109 1045 157 1106 His
179 1047 293 1108 addere
314 1045 390 1107 libet
403 1052 561 1109 auctorem
577 1043 771 1127 questionum
789 1045 829 1108 ad
877 1045 946 1107 illos
959 1047 1063 1109 iacit&
1083 1050 1172 1110 «Res
1195 1052 1300 1109 antem
1311 1047 1399 1107 valde
1413 1044 1575 1106 manifesta
1587 1048 1643 1115 est,

80 1137 253 1215 Ouhodoeoa,
268 1138 303 1199 in
329 1139 528 1219 responsione
557 1140 596 1200 ad
624 1138 828 1217 questionem
878 1139 950 1217 quia
974 1140 1112 1220 quisquis
1138 1140 1338 1202 Nestorianus
1356 1158 1421 1200 non
1442 1143 1498 1215 est,
1513 1135 1647 1215 Agnoita

78 1231 216 1307 u111‚ubi
240 1249 312 1292 cum
331 1230 374 1292 ita
398 1232 626 1312 proposuisset:
653 1251 664 1287 a
691 1231 829 1309 qnando·
878 1250 942 1293 esse
964 1234 1141 1294 nullatenus
1160 1239 1271 1312 potest.
1287 1233 1366 1294 Nam
1387 1232 1442 1311 qui
1464 1230 1563 1310 ipsam
1590 1227 1646 1289 Dei

77 1325 184 1401 quidem
210 1323 330 1385 Christo
356 1322 564 1403 ignorantiam
611 1323 749 1384 tribuere
783 1329 829 1385 est
877 1325 1059 1404 sapientiam
1089 1327 1202 1409 fatetur
1224 1326 1429 1401 incarnatam,
1459 1341 1520 1402 qua
1542 1326 1647 1383 mente

77 1418 202 1497 inpium,
217 1418 301 1497 quod
315 1416 366 1478 ille
379 1416 483 1478 lutura
496 1416 601 1478 omnia
614 1414 752 1495 presaiat
762 1425 792 1476 ⁶:
808 1436 824 1474 n
877 1419 958 1479 ualet
970 1418 1082 1495 dicere,
1097 1437 1162 1481 esse
1177 1420 1306 1498 aliquid,
1329 1418 1412 1498 quod
1422 1417 1477 1478 Dei
1497 1414 1647 1495 sapientia

77 1528 121 1570 cur
138 1510 226 1570 tude
250 1530 286 1572 aa
312 1510 396 1570 Petri
417 1517 542 1589 peccata
565 1526 629 1569 aon
648 1507 825 1585 probibuit:
877 1511 1019 1590 ignoret:
1035 1533 1051 1571 u
1077 1514 1150 1573 Mox
1171 1513 1223 1573 illo
1245 1511 1375 1573 ioannis
1388 1511 1447 1572 hoc
1468 1506 1646 1570 testimonio

78 1600 123 1661 Cui
147 1602 322 1682 respondet,
347 1619 432 1679 earm,
462 1601 517 1682 qui
543 1600 684 1662 futurum
712 1599 828 1678 aliquid
877 1604 998 1683 probat.
1016 1604 1124 1668 Omnia
1150 1605 1321 1686 peripsum
1346 1606 1428 1685 sactu
1451 1609 1539 1663 sunt:
1562 1600 1647 1661 unde

77 1693 215 1771 presidet,
239 1695 306 1773 ejus
332 1713 396 1756 non
424 1711 490 1755 esse
518 1712 654 1755 reusam.
675 1693 744 1758 ero
767 1710 828 1753 res·
877 1703 1114 1774 argumentatur
1126 1698 1186 1758 sic:
1212 1697 1396 1772 «Siomnia,
1410 1696 1547 1776 prolecto
1563 1694 1647 1754 diem

77 1805 169 1865 maso,
184 1787 347 1849 confirmat
360 1787 403 1862 id,
420 1786 502 1866 quod
529 1786 726 1866 inquirendo,
741 1786 828 1846 velut
872 1788 993 1868 judicii,
1012 1796 1043 1850 et
1063 1791 1183 1853 horam.
1200 1791 1273 1864 Quis
1290 1809 1364 1869 ergo
1382 1788 1425 1850 ita
1445 1787 1585 1868 desipiat,
1612 1790 1647 1846 ut

76 1876 267 1940 indubitatum
285 1885 471 1959 sumpserat,
485 1878 599 1939 uirilius
613 1878 768 1940 inscitiam
782 1876 827 1938 rei
877 1882 978 1944 dicere
996 1889 1174 1962 presumat,
1197 1883 1269 1963 quia
1282 1883 1420 1944 Verbum
1441 1881 1540 1942 Patris
1563 1881 1646 1952 fecit,

76 1968 102 2030 in
112 1970 224 2032 Christo
233 1971 341 2033 fuisse.
877 1974 982 2053 quod
973 1976 1120 2053 rgnorat?
1136 1998 1148 2034 r
1167 1977 1285 2037 Verum
1297 1977 1378 2037 lrarrc
1390 1975 1544 2036 rationem
1557 1974 1645 2035 facile

15 2082 53 2167 ”aa
106 2064 169 2125 XV.
190 2065 310 2125 Harum
324 2064 457 2125 duarum
481 2061 677 2143 opinionum,
693 2078 827 2143 quarum
876 2067 1002 2128 haeresis
1019 2067 1118 2129 hac
1102 2068 1248 2130 eluderet.
1277 2069 1347 2129 Non
1371 2070 1455 2129 enim
1468 2069 1529 2128 Deo
1543 2067 1646 2128 Verbo

15 2136 58 2219 'la
29 2134 197 2218 mauctores
216 2156 466 2238 pencensnimus.
501 2157 653 2236 Posterior
679 2174 738 2216 usu
759 2155 826 2234 jam
876 2158 965 2221 inscit
967 2161 1056 2220 iamt
1043 2160 1162 2221 tribuit.
1187 2160 1344 2222 Efficacius
1371 2167 1416 2221 est
1438 2160 1522 2239 quod
1541 2159 1646 2220 statim

15 2230 47 2327 ξ
74 2255 189 2329 recepta,
211 2268 425 2330 consensuque
448 2248 681 2327 theologorum,
715 2248 826 2308 merito
877 2253 1006 2333 opponit
1018 2271 1056 2314 ex
1069 2253 1178 2315 eodem
1189 2254 1367 2314 JoanmsEa
1369 2250 1528 2332 angebo
1542 2251 1646 2312 Sciens

75 2341 256 2422 anteponitur
270 2342 372 2404 alteri.
395 2342 473 2403 Nam
491 2347 522 2403 et
544 2342 657 2403 Christi
684 2340 827 2419 dignitati
876 2342 970 2421 Jesus,
997 2345 1069 2425 quio
1092 2365 1189 2406 ortatu
1216 2344 1296 2407 dedat
1318 2365 1344 2406 ea
1342 2345 1486 2407 'Pater
1474 2364 1506 2406 aa
1530 2364 1643 2406 rannus.

75 2442 262 2497 musentanea
276 2435 377 2514 magis
390 2433 452 2497 est¹
466 2455 474 2511 3
491 2439 522 2496 et
534 2435 618 2511 huic,
631 2452 726 2513 quam
739 2452 826 2512 gere·
880 2460 896 2497 a
911 2438 942 2500 Si
959 2437 1074 2513 omnia,
1100 2438 1235 2517 prolecto
1250 2438 1332 2499 diem
1340 2437 1460 2516 judicii.
1477 2443 1508 2499 et
1523 2439 1644 2514 horam,

75 2525 125 2601 hat,
139 2547 287 2608 pascum
305 2528 467 2608 officioque
480 2526 666 2602 hlediatoris
683 2533 714 2587 et
736 2528 826 2607 Capi·
878 2530 953 2596 Quis
967 2548 1040 2608 ergo
1064 2529 1106 2589 ita
1120 2530 1231 2590 stultus
1246 2535 1303 2607 est,
1324 2537 1360 2591 nt
1380 2530 1460 2591 dicat
1474 2529 1547 2611 quia
1559 2548 1645 2591 accc-

74 2618 114 2693 tr's,
132 2620 189 2682 boc
201 2628 247 2684 est
261 2620 451 2682 omnimodae
469 2620 591 2699 gratian,
612 2637 648 2680 ac
668 2619 827 2698 sapientie
875 2620 922 2698 pit
940 2619 1037 2679 Filius
1063 2617 1262 2679 in'manibas
1280 2620 1364 2699 qnod
1384 2619 1490 2680 nescit.
1521 2638 1536 2677 n
1564 2621 1646 2698 Ergo

74 2709 163 2787 fontis,
177 2715 287 2794 aptior,
301 2731 359 2774 nec
373 2731 438 2773 non
448 2711 578 2790 judicis:
596 2712 687 2788 cujus
701 2714 828 2771 interest
877 2711 1038 2771 haereticos
1064 2727 1120 2769 suo
1139 2711 1255 2789 jndicio
1282 2713 1464 2791 pronuntiat
1492 2712 1647 2790 Agnoetas

73 2804 829 2882 ametuneuontittiexercuutaprastiruaumrem-
878 2804 1062 2882 Gregorius:
1080 2821 1158 2881 quos
1171 2810 1202 2864 et
1219 2803 1270 2863 alii
1293 2805 1465 2864 initlorum
1477 2822 1646 2865 numerum

73 2913 128 2974 pus.
152 2897 362 2965 Quamobrem
375 2897 462 2978 prior
476 2896 541 2968 itta.
558 2896 678 2958 tametsi
698 2896 827 2957 summis
876 2896 1067 2969 adscribunt,
1085 2901 1121 2955 ut
1141 2897 1277 2956 ioannes
1291 2898 1497 2958 Damascenus
1519 2897 1553 2957 in
1566 2897 1645 2957 libro

72 2987 826 3069 quibasdamririsolimnonfdisplieuit,posteahm-
876 2984 1090 3061 deterrendus,
1111 2984 1165 3063 qui
1194 2986 1317 3046 eosdem
1334 2987 1428 3047 refert
1453 3006 1518 3048 non
1544 2987 1646 3048 solum

71 3082 133 3141 rests
143 3090 188 3143 est
200 3088 326 3157 notata;
344 3100 442 3161 eoque
463 3081 591 3141 nomine
603 3098 660 3160 pro
675 3080 826 3141 haereticis
876 3078 1070 3155 ignorantia,
1081 3077 1238 3138 sedetiam
1258 3079 1643 3159 ‹timiditatisetignariae

70 3171 193 3235 damnati
212 3183 286 3237 sunt
304 3177 454 3254 Agnaetae
476 3192 550 3235 rum
571 3191 680 3233 eoram
700 3177 827 3253 parente
877 3170 1033 3232 Christum
1046 3170 1195 3247 arguisse.
1212 3192 1228 3229 ν

70 3264 226 3329 'themistio
241 3268 384 3328 diacono.
402 3265 653 3345 Quemimperite
673 3264 826 3343 Nicepbo·
917 3264 1039 3323 Horum
1072 3280 1146 3323 raro
1179 3264 1380 3344 impietatem,
1404 3272 1434 3327 et
1474 3266 1645 3328 amentiam

69 3373 113 3417 rus
125 3359 240 3420 Callisti
268 3360 302 3419 F.
319 3359 540 3438 philosophum
560 3357 648 3416 illum
672 3357 826 3435 insignem
878 3354 1014 3415 aemulati
1030 3360 1103 3414 stant
1121 3356 1294 3434 complures
1315 3358 1409 3437 hujus
1429 3359 1528 3419 aetatis
1546 3361 1644 3419 haere-

67 3448 146 3511 laisse
160 3450 275 3531 putat²‚
291 3453 344 3529 qui
355 3450 502 3515 Valentis,
518 3455 548 3510 rt
555 3449 719 3509 Theodosii
734 3448 826 3528 primi
878 3448 929 3509 tici
941 3468 948 3523 ;
960 3448 1134 3527 prasertim
1147 3447 1463 3524 Cmvinus⁵,1recnon
1475 3452 1642 3525 Lutherus‚

67 3544 194 3622 tempore
232 3543 359 3603 floruit:
386 3559 480 3621 quem
516 3542 665 3620 gentilem
706 3546 826 3601 constat
876 3547 907 3602 et
920 3539 1084 3600 amborum
1096 3539 1293 3618 propagines:
1314 3561 1449 3621 quorum
1464 3543 1496 3603 iu
1511 3542 1644 3604 Scholir's

65 3632 157 3696 fuisse.
172 3638 276 3715 Atque
289 3635 356 3701 brec
370 3638 579 3714 agnoetarum
593 3639 685 3706 secta,
702 3632 824 3695 Severi·
876 3632 916 3695 ad
941 3632 1086 3693 Irenaeum
1110 3631 1254 3693 meminit
1275 3635 1453 3698 Franciscus
1471 3636 1643 3698 Favarden-

66 3730 157 3788 tarum
171 3746 297 3808 qnoque
324 3728 406 3788 dieta
424 3732 480 3803 est,
501 3733 536 3788 ut
553 3727 598 3788 ait
620 3727 823 3806 Nicephorus,
876 3723 959 3786 tius⁶
974 3725 1054 3804 pius,
1070 3733 1101 3786 et
1115 3724 1253 3786 eruditus
1267 3728 1408 3809 scriptor.

65 3820 138 3895 qaod
151 3840 190 3882 ex
214 3820 319 3882 Severi
335 3820 439 3880 radica
453 3818 628 3898 pullulavit,
642 3826 673 3880 et
694 3819 778 3898 quod
791 3819 825 3879 in

64 3912 176 3973 mmuh
202 3912 355 3992 discipulo
379 3930 436 3972 suo
450 3911 619 3972 Themistio
644 3912 824 3973 fabricatam

64 4005 237 4083 propensior
254 4010 322 4067 erat
344 4004 476 4066 Severus
492 4023 501 4080 ;
517 4009 624 4084 utpote
646 4003 698 4083 qui
714 4003 826 4065 Christi

64 4113 179 4159 earnem
193 4096 430 4177 comraptibilem
443 4097 538 4159 fuisse
553 4095 742 4158 detenderet.

97 4190 188 4251 Addit
215 4190 409 4270 Nicephorus
438 4188 518 4251 hanc
543 4188 688 4250 haeresim
722 4189 826 4249 rivum

62 4285 221 4359 quemdam
266 4283 387 4344 ,triane
406 4281 485 4343 labis
520 4279 706 4344 exstitisset.
732 4280 826 4360 Atqui

64 4376 183 4438 «Deum
197 4377 339 4438 Verbum
361 4374 516 4436 affirmare
535 4375 689 4454 hgnoetas
702 4374 826 4434 eosdem

61 4468 158 4529 scribit
184 4469 251 4547 ille,
288 4467 395 4530 omnia
421 4485 621 4547 cognoscere:
647 4467 700 4527 sed
727 4466 826 4526 multu

61 4561 171 4624 nescire
184 4561 387 4640 conjunctam
399 4578 471 4621 carm
491 4560 544 4621 illo
557 4558 751 4640 hypostatice
765 4576 824 4618 na-

60 4656 155 4716 turam
168 4653 340 4717 hominist
351 4679 365 4708 ι
385 4652 493 4714 Ariani
505 4670 578 4715 vero
593 4652 659 4712 Filii
669 4649 824 4712 divinitati

91 4870 111 4911 a
126 4856 203 4918 Just.
219 4871 268 4928 qu.
285 4870 351 4912 stru
366 4853 408 4912 acl
426 4853 512 4912 ortt.
533 4854 562 4909 Et
576 4856 606 4910 τὸ
620 4853 770 4927 προσάπτειν
788 4857 825 4926 τῷ
877 4849 954 4917 εἴποι,
969 4848 1091 4922 deditam
1103 4867 1138 4913 τις
1154 4867 1185 4901 κα
1184 4847 1269 4916 ledan
1287 4847 1408 4918 ἥαῖρεσις
1429 4846 1573 4919 Ἀρειανική.
1589 4851 1641 4908 sar.

60 4935 152 5011 Xptert'»
175 4941 279 5013 ἄγνοιάν
303 4937 368 4993 rea
387 4938 482 5005 ἀσιὸἒς,
501 4940 575 5007 δ’λον
600 4941 638 4993 ὅτι
651 4939 749 4992 πάντων
774 4911 825 5011 ἔχει
881 4934 935 5007 ’shp
937 4938 1039 5001 ιανικῆς.

59 5022 148 5075 τελείαν
160 5023 207 5092 τὴν
221 5025 372 5096 πρόγνωσιν.
911 5016 1012 5072 aihta.
1033 5014 1066 5068 Οἵ
1089 5013 1131 5067 καὶ
1152 5014 1254 5086 λέγουσι
1275 5013 1317 5068 τὸν
1342 5014 1395 5068 θεὸν
1416 5016 1491 5088 λόγον
1506 5018 1628 5072 πάντα
1601 5037 1644 5090 μεν

91 5105 242 5165 hh'tctrn.
261 5106 308 5162 lib.
329 5105 426 5172 XVlll,
448 5121 507 5177 cap
526 5121 550 5160 ι.
571 5102 711 5160 '‘Barth'‘
698 5125 731 5166 ως
747 5103 775 5157 aiv
789 5122 826 5164 τις
875 5101 1030 5172 praebetis,
1012 5096 1295 5170 πάμπολλαδὲάγνοεῖν
1312 5098 1540 5173 τὴνῆνωμένην
1515 5092 1645 5156 αυτῶκαο’

875 5183 1008 5237 assatas
1020 5180 1063 5234 ἀνθ
1051 5182 1205 5253 θρωπότητα.

79 5357 159 5466 psall}
175 5366 241 5466 app:
252 5354 268 5412 ς
281 5357 304 5398 ιν
317 5360 339 5399 et
352 5355 386 5401 lt.
397 5373 424 5389 -
435 5351 450 5400 h
460 5350 508 5404 lth.
526 5350 604 5409 Xt'ttt,
616 5365 665 5411 cap.
687 5364 710 5398 ι-
723 5350 771 5399 -t
793 5349 910 5403 tn.t1h,
930 5362 965 5409 ap.
978 5361 1055 5398 ιιιιιι.
1072 5371 1099 5384 ..
1123 5349 1137 5397 t
1154 5349 1233 5398 touch.
1259 5360 1276 5397 ι.
1300 5369 1329 5386 ·-
1348 5352 1362 5396 5
1379 5354 1503 5403 comment.
1514 5355 1540 5399 ta
1556 5354 1608 5400 ilar.
1618 5374 1646 5386 -

118 5452 125 5468 .
159 5451 167 5477 ,
233 5429 369 5475 .eap.1ur.

214 5500 292 5562 Tor.
313 5497 370 5560 v1.
1487 5500 1525 5560 27
