3932 6142
314 237 373 298 tas
821 229 1144 297 ruFoLooioouUm
1164 229 1382 294 ammarum

314 398 579 482 quemadmodum
600 395 738 459 musicus
765 395 875 477 aliquis
902 415 958 477 par
979 395 1081 475 lyram
1132 395 1339 458 instrumento
1353 414 1482 477 corpore
1502 414 1595 459 usam
1617 413 1681 458 esse
1697 394 1827 469 Verbum,
1838 405 1865 460 ut

314 493 458 574 peritiam
474 478 639 553 ostendeus
652 499 777 551 suam.
1132 492 1180 548 est
1205 507 1407 593 consequeus,
1434 489 1579 551 affirmas.
1607 490 1720 550 Varum
1740 489 1866 568 siquiden

355 584 533 647 Eustuthius
548 510 956 644 antiochenus·1n”0ratione
972 579 1011 640 ad
1029 579 1081 640 illa
1132 597 1233 640 uuum
1260 582 1368 642 asseris
1395 580 1509 658 tilium,
1535 589 1566 643 et
1592 598 1687 643 unam
1706 581 1866 660 hypostasim

315 677 426 749 rerba,
455 674 601 737 Dominus
622 675 734 735 creauit
753 691 798 734 me
821 672 941 732 initium
965 671 1081 732 uturum
1132 671 1227 732 Verbi
1240 671 1442 751 incarnatam,
1466 692 1530 735 uon
1551 673 1616 755 ipse
1640 673 1757 735 Deitatis
1774 672 1867 733 iustru-

315 788 437 831 suurum
458 786 472 830 .·
498 767 599 829 «Sed
630 767 708 842 atsi,
739 763 861 845 iuquit,
893 764 932 824 de
954 763 1082 842 Virgine
1132 769 1274 824 mentum
1300 765 1380 841 erit:
1409 766 1462 828 sed
1489 772 1594 827 utetur
1619 767 1719 846 potius
1742 770 1867 844 tanquam

315 866 510 940 assumptum
536 859 710 921 humanum
734 855 864 938 gestarit
890 853 1080 916 iustrumen·
1131 855 1352 931 instrumento,
1375 858 1501 937 proprio
1525 876 1673 939 corpora:
1693 856 1866 938 quemadmo

314 952 450 1014 tumba
1132 948 1514 1011 dumethumanautitur
1527 949 1693 1011 animat.»

231 1056 256 1098 ἰ
356 1047 423 1107 Nor
446 1050 492 1106 est
511 1042 631 1105 diversa
649 1043 728 1104 ratio
751 1038 895 1102 vocabuli
910 1042 1003 1115 σκεῦος,
1018 1057 1081 1118 quo
1172 1040 1263 1102 Recta
1277 1060 1414 1121 prorsus,
1434 1047 1466 1103 ct
1483 1042 1601 1104 erudite
1626 1042 1753 1121 Cyrillus
1773 1040 1823 1101 isto
1841 1037 1867 1099 in
1898 1056 1928 1118 ιιι

316 1156 390 1199 usus
410 1141 456 1198 est
474 1135 662 1216 Epiphanius
684 1135 718 1195 in
741 1132 854 1194 haeresi
878 1131 1079 1193 Ariunorum:
1131 1131 1199 1193 loco
1225 1133 1429 1212 quaestionem
1453 1134 1576 1208 decidit,
1605 1151 1676 1196 cum
1692 1133 1796 1208 docuit,
1815 1148 1867 1192 ιιοιι

320 1252 336 1290 a
349 1230 434 1292 Adeo
444 1234 490 1305 ut,
502 1228 615 1308 inquit,
627 1246 692 1288 nou
701 1224 848 1305 abjecerit
860 1229 1001 1285 sanctum
1014 1241 1079 1300 vas,
1131 1230 1273 1305 oportere
1287 1226 1443 1287 Christum
1459 1226 1562 1306 ipsum
1585 1227 1815 1288 instrumentum
1823 1240 1867 1284 ro·

316 1322 400 1402 qaod
426 1320 561 1400 accepit,
593 1325 625 1382 et
654 1318 821 1400 perlectam
847 1315 1082 1376 inhumanatio·
1132 1317 1195 1377 cari
1207 1317 1386 1393 divinitatis,
1406 1318 1470 1380 sive
1484 1319 1596 1380 Verbi:
1617 1321 1703 1399 quasi
1721 1319 1753 1380 in
1769 1318 1868 1380 Christo

316 1422 453 1477 namt.»
1132 1426 1196 1470 uon
1221 1414 1252 1470 ct
1275 1409 1342 1488 ipsa
1367 1410 1646 1490 comprehendatur
1672 1410 1820 1489 diviuitas,
1842 1429 1870 1473 aa

358 1506 402 1568 lta
428 1506 562 1587 cyrillus
594 1501 877 1566 Alexandrinum«
912 1502 991 1562 Usus
1025 1505 1081 1577 est,
1131 1500 1280 1563 Verbum.
1310 1503 1401 1564 Posse
1428 1509 1533 1565 tamen
1558 1501 1639 1581 diei,
1668 1504 1814 1565 Christum
1834 1502 1870 1564 uti

316 1603 467 1680 tauquam
482 1598 701 1670 instrumento,
717 1594 771 1671 ait,
786 1593 910 1674 propria
923 1611 1027 1667 earne,
1043 1591 1081 1654 ad
1132 1610 1225 1654 carne
1238 1611 1305 1666 sua,
1318 1599 1470 1673 tauquam
1491 1594 1717 1657 instrumento:
1735 1595 1811 1657 uelut
1826 1612 1872 1656 uos

319 1709 414 1772 opera
434 1689 545 1765 carnis,
570 1694 601 1750 et
626 1686 785 1749 naturales
803 1685 1022 1765 egritudines,
1052 1689 1084 1746 et
1133 1684 1264 1746 dicimus
1282 1686 1419 1748 animam
1433 1686 1479 1747 uti
1506 1705 1652 1767 corpore,
1668 1705 1872 1768 quoeumunus

319 1801 389 1864 quse
421 1780 661 1862 reprehensione
692 1779 857 1853 carebant;
885 1781 956 1839 tum
989 1777 1084 1838 etiam
1134 1778 1298 1855 esthemo,
1313 1796 1370 1858 pro
1385 1778 1600 1841 instrumento.
1626 1781 1800 1863 Quanquam
1812 1798 1874 1842 non·

318 1876 424 1938 anima
437 1873 562 1955 propria
575 1872 614 1934 ad
630 1873 794 1945 humanas,
810 1876 841 1931 et
857 1870 925 1931 vitii
945 1875 1085 1951 expertes
1134 1869 1214 1931 nihil
1236 1870 1364 1931 interest
1386 1870 1469 1932 inter
1492 1878 1674 1953 utrumque.
1695 1874 1772 1936 Nam
1790 1873 1875 1935 auimo

318 1965 557 2029 affectionem.»
1134 1979 1200 2023 non
1221 1967 1266 2023 ast
1284 1980 1418 2043 corpas:
1440 1964 1519 2025 sicut
1532 1964 1684 2041 Verbum,
1706 1985 1784 2040 caro,
1801 1966 1877 2027 idest
1944 1980 1945 2041 ι

149 2055 294 2155 θιζθῇιζξξιθ
358 2062 397 2123 ΙΙ.
419 2061 515 2120 Ροιιο
533 2057 674 2119 eamdem
689 2054 786 2136 ipsam
801 2063 907 2137 ὀργάνου
920 2071 1039 2132 νοοοιιι,
1055 2060 1086 2115 et
1134 2053 1241 2128 homo,
1256 2072 1321 2116 esse
1341 2055 1462 2118 dicitur.
1482 2057 1542 2118 Sed
1560 2056 1595 2117 in
1608 2074 1646 2118 eo
1659 2058 1804 2119 duntaxat
1812 2055 1878 2118 simi·

185 2123 200 2167 Ρ
278 2141 285 2155 ’
320 2151 511 2214 instrumenti
538 2150 612 2211 alibi
639 2149 838 2227 reprehendit
867 2146 1020 2227 cyrillus,
1049 2163 1086 2207 eo
1135 2145 1277 2208 litudinis
1298 2146 1377 2207 ratio
1404 2148 1503 2227 posita
1530 2153 1594 2223 est,
1624 2150 1710 2230 quod
1735 2149 1878 2230 utrobique
1944 2168 1945 2247 γ

318 2244 468 2306 nimirum
479 2262 582 2316 sensu,
600 2259 693 2321 quem
707 2241 823 2320 impius
837 2239 880 2300 illi
901 2238 1087 2317 subjiciebat
1135 2237 1326 2300 substantiva
1353 2244 1400 2300 est
1426 2239 1591 2302 amborum
1618 2242 1746 2303 unitio:
1774 2248 1806 2304 ut
1827 2260 1878 2303 nou
1944 2252 1945 2311 t

318 2336 495 2399 Nestorius:
516 2341 552 2395 ut
574 2339 654 2395 esset
678 2337 868 2412 separatum,
893 2336 924 2392 et
941 2329 1086 2410 privatim
1136 2330 1232 2392 semel
1244 2331 1486 2394 observavimus.

1944 2764 1945 2801 l

318 2428 486 2490 subsistens
495 2427 749 2500 instrumentum,
762 2424 796 2485 iu
805 2438 868 2502 quo
879 2423 961 2484 Deus
973 2421 1084 2499 iuerat,
1176 2423 1276 2503 Atque
1303 2425 1363 2486 hoe
1389 2424 1517 2487 uberius
1543 2424 1677 2507 explicat
1710 2427 1743 2489 iu
1773 2424 1881 2508 epistola

318 2527 350 2583 et
372 2520 456 2600 quod
473 2520 513 2580 ad
531 2518 712 2598 exequenda
729 2532 823 2596 opera
839 2532 895 2575 sua
917 2514 1086 2575 identidem
1136 2516 1247 2596 prima.
1265 2535 1359 2597 quam
1372 2517 1491 2598 scripsit
1504 2518 1544 2580 od
1558 2519 1730 2582 Monaedes.
1749 2516 1882 2587 aQuodsi

318 2612 481 2674 movebat:
497 2611 545 2672 uti
558 2608 785 2679 sanctosviros,
802 2621 833 2668 et
847 2606 1014 2686 Prophetas
1029 2623 1086 2686 pro
1136 2612 1219 2690 quis,
1246 2610 1359 2690 iuquit,
1389 2610 1506 2672 nudam
1532 2611 1578 2672 illi
1601 2611 1723 2675 tribuat
1747 2631 1781 2675 ac
1804 2612 1883 2674 solam

318 2704 556 2766 instrumentis:
585 2721 621 2763 ac
641 2701 827 2762 nominatim
852 2699 891 2760 de
910 2697 1086 2760 Saulobo·
1136 2701 1336 2763 instrumenti
1359 2703 1518 2783 propriam
1539 2722 1679 2783 operam,
1705 2703 1882 2782 excludetip·
1944 2702 1945 2757 l

317 2798 433 2876 minus,
451 2795 527 2858 uVos
539 2793 692 2861 electionis,
707 2789 833 2871 inquit¹,
848 2789 1084 2852 summitatem
1137 2812 1207 2855 sum
1221 2795 1272 2856 vel
1289 2795 1405 2856 invitus
1418 2796 1458 2856 ab
1476 2796 1544 2857 reri
1564 2796 1618 2856 tilii
1633 2798 1824 2878 proprietate.
1838 2797 1883 2856 Po
1944 2808 1945 2877 t

318 2891 423 2951 Graece
437 2900 532 2960 σκεῦος.
554 2887 655 2961 Quare
677 2886 709 2945 in
724 2885 836 2964 prima,
851 2900 946 2963 quam
967 2883 1089 2962 scripsit
1136 2892 1230 2947 natur
1252 2887 1347 2960 enim,
1368 2886 1502 2967 exempli
1516 2907 1619 2965 causa,
1633 2890 1731 2951 homo
1742 2888 1884 2970 quispiam,
1944 2882 1945 2967 i

317 2982 359 3043 act
373 2980 552 3056 Nestorium,
569 2977 697 3057 epistola
712 2977 854 3056 queritur
869 2975 1003 3055 Cyrillus
1020 2992 1087 3035 ueo
1136 2979 1191 3058 qui
1204 2979 1304 3041 filium
1317 2979 1431 3041 babeat
1442 2980 1609 3042 tractandae
1621 2981 1702 3062 lyrae
1713 2981 1849 3063 peritum
1862 2984 1887 3039 et
1944 2976 1945 3017 l

318 3092 386 3135 rem
395 3074 477 3134 dhus
485 3090 580 3152 opera
592 3071 759 3145 redactam,
774 3074 810 3128 ut
822 3068 967 3128 nonnulli
979 3085 1089 3148 prope·
1137 3072 1192 3151 qui
1219 3071 1357 3152 apprime
1379 3072 1509 3152 psallere
1534 3072 1696 3136 didicerit:
1727 3080 1886 3135 utrumnam
1944 3096 1945 3181 γ

318 3164 549 3227 modumfatcri
563 3181 628 3224 nou
642 3160 825 3236 sustineant,
843 3160 945 3220 Christ
932 3166 1001 3219 tum
1020 3177 1088 3221 esse
1136 3163 1188 3224 ille
1201 3163 1303 3243 lyram
1324 3164 1425 3240 istam,
1449 3169 1480 3225 et
1493 3166 1648 3227 musicum
1661 3166 1887 3228 instrumentum
1944 3168 1945 3221 ι

318 3255 622 3336 Derrmzsedpotius
645 3252 768 3314 deitatis
789 3251 1088 3331 organum,et'1us·
1137 3255 1171 3315 in
1193 3256 1302 3317 cadem
1329 3274 1401 3317 cum
1426 3276 1475 3335 co,
1499 3260 1737 3338 quemgenuit,
1759 3257 1812 3320 filii
1832 3256 1945 3317 loeo
1944 3296 1945 3357 γ

317 3356 523 3425 trumentum,
539 3353 631 3427 atque
644 3345 806 3407 hominem
821 3344 1004 3405 deilcrum.
1022 3365 1035 3402 ι
1115 3348 1267 3451 reponet
1254 3346 1311 3408 tt?
1325 3349 1406 3409 Tum
1425 3349 1534 3411 dooere
1548 3351 1659 3429 pergit,
1683 3369 1750 3413 non
1768 3348 1887 3412 esscha
1944 3362 1945 3399 ι

357 3441 475 3504 Idem‘
467 3460 501 3501 ιιι
523 3442 601 3502 libro
621 3438 757 3501 seeundo
780 3442 880 3498 contro
902 3434 1085 3507 Nestorium,
1137 3439 1256 3501 minem
1279 3446 1473 3521 assumptum
1499 3442 1631 3522 simplex
1655 3460 1809 3523 organum
1833 3439 1886 3512 Dei,
1944 3472 1945 3515 ς

317 3535 412 3614 hujus
420 3533 556 3596 baeretrer
565 3533 779 3612 capbosam
745 3529 888 3591 refellens
898 3528 1083 3603 orationem
1138 3533 1402 3638 quemadmodum
1422 3534 1594 3614 Propheta,
1615 3540 1652 3595 ut
1671 3537 1783 3609 Moses,
1810 3539 1887 3612 atque
1944 3528 1945 3609 ξ

319 3646 373 3707 qur
363 3626 481 3688 Verbi
495 3643 567 3686 cum
580 3626 718 3685 bumana
732 3628 843 3684 natirra
857 3621 1088 3702 copulationem
1137 3623 1230 3703 hujus
1245 3625 1339 3685 etiam
1351 3644 1438 3704 virga
1448 3626 1657 3689 iustrumenta
1669 3628 1798 3690 fuerumt
1810 3624 1889 3687 adme

319 3718 385 3779 sola
408 3726 503 3799 σχέσει,
522 3723 553 3779 et
578 3716 797 3777 communione
818 3715 986 3793 dignitatis,
1011 3732 1088 3794 ope·
1137 3716 1284 3777 rabilium
1318 3734 1476 3797 operum:
1505 3719 1567 3795 illi,
1598 3719 1685 3782 Dei:
1713 3720 1790 3796 ista,
1815 3715 1890 3779 bissis

320 3826 454 3888 rumque
473 3808 678 3884 metiebatur3
697 3828 713 3867 ιι
732 3808 792 3880 Τιι,
806 3807 919 3886 iuquit,
941 3813 1088 3887 tanquam
1137 3808 1245 3888 ipsius.
1944 3826 1945 3837 ¹

357 4008 378 4049 a
396 3991 496 4049 Euesa.
515 3991 550 4046 lv
563 3988 695 4047 deDem.
711 4003 841 4060 enp.x111.
867 3987 969 4043 Ἐκάλει
982 3989 1023 4042 καὶ
1036 3987 1091 4043 ἰᾶτο
1141 3989 1278 4063 θΧριοτός.
1299 3991 1404 4064 ὄργανον
1424 3990 1450 4046 δὲ
1471 3991 1578 4065 μᾶλλον,
1588 3990 1629 4045 καλ
1643 3990 1775 4066 ἐργαλεῖον
1786 3991 1891 4060 latrant,
1944 3996 1945 4047 Ῑ

320 4075 430 4149 θγθόνως
450 4074 517 4130 διίλ
519 4075 626 4147 ργάνου,
643 4067 672 4127 οὗ
689 4074 855 4146 προθέῦλητο,
871 4071 1032 4145 ἀνθρωπίνου·
1048 4067 1092 4126 οἶά
1140 4074 1239 4126 catto
1214 4093 1322 4146 νρωπος
1335 4074 1461 4147 θεομθρος.
1944 4080 1945 4147 ι

320 4180 357 4224 τις
368 4159 482 4233 μουσικὸς
492 4157 552 4230 ἀνὴρ
561 4157 602 4211 διὰ
615 4157 689 4229 λύρας
702 4156 746 4225 τὴν
754 4156 841 4228 σοφίαν
851 4154 1052 4229 ἔπιδεικνυμενος
1179 4155 1324 4229 serasar.
1349 4158 1373 4214 11
1397 4163 1502 4215 contra
1521 4161 1601 4218 Nert
1624 4157 1696 4213 Ἀλλ’
1710 4159 1747 4222 ὡς
1764 4157 1894 4232 οργάιριῷ
1944 4156 1945 4197 ι

357 4244 505 4299 ὁΕιιντιτ.
527 4239 602 4312 apud
616 4240 820 4297 Theodoretunt
838 4238 904 4295 dial.
927 4239 960 4294 ΙΙ
985 4237 1053 4292 Ἀλλ’
1069 4236 1092 4292 al
1142 4240 1239 4312 σώματι
1252 4242 1382 4314 κεχρῆσθαι
1405 4241 1448 4295 τὸν
1466 4242 1541 4314 λόγον
1555 4242 1695 4316 διῖοχυρθζῃ
1717 4240 1821 4297 nethab
1835 4239 1895 4329 altit·-
1944 4252 1945 4313 l

320 4325 362 4379 aul
378 4323 447 4380 b:
417 4345 460 4393 της
480 4324 600 4397 παρθένου
619 4323 648 4378 ab
666 4323 817 4397 ἀνθρώπινον
836 4322 939 4395 ὄργανον
961 4320 1090 4375 &sabatha
1143 4321 1200 4377 ἀλλ’
1215 4322 1236 4377 εἰ
1251 4323 1322 4398 plut
1322 4344 1352 4377 να
1372 4328 1418 4398 μιῆς
1438 4324 1500 4390 υἱον,
1521 4322 1563 4378 καλ
1584 4325 1640 4396 μίαν
1654 4325 1792 4381 ὑπόστασιν
1804 4322 1844 4390 τὴν
1860 4313 1896 4374 tub
1944 4350 1945 4355 ¹

322 4407 380 4483 ἔρόρ
382 4428 431 4464 aar.
1141 4405 1218 4478 λόγου
1232 4427 1291 4463 orca
1293 4408 1427 4481 ρ,κωμένην
1442 4407 1486 4462 obt
1500 4406 1573 4472 αυτὸς
1585 4408 1653 4462 ἔσται
1666 4409 1785 4478 θεότητος
1797 4406 1896 4479 ὄργανον
1944 4410 1945 4429 ’

359 4493 491 4549 οΕιιιιι.
511 4489 580 4547 hcet·
602 4505 674 4558 ιιιι,
685 4489 754 4625 1§2-
775 4486 817 4557 Μὴ
842 4487 1043 4592 ἀποθμλλθμενον
1063 4486 1092 4541 ab
1142 4491 1286 4563 suppilcato:
1295 4491 1322 4545 δὲ
1333 4491 1427 4563 μᾶλλον
1441 4485 1543 4563 οἷάπερ
1557 4491 1664 4564 ὀργάνῳ,
1683 4498 1722 4565 τῷ
1737 4491 1792 4545 totu
1805 4491 1897 4560 sapas,

323 4577 391 4647 ἅγιον
413 4580 507 4640 σκεῦος,
522 4571 635 4646 bullepot
654 4574 696 4627 uui
713 4571 757 4640 τὴν
771 4571 863 4625 τελείαν
885 4570 960 4624 αὗτου
946 4563 1093 4643 ἐνανθρώ·
1141 4573 1249 4645 καθάπερ
1262 4573 1426 4645 ἀμέλει
1357 4575 1399 4627 uu
1442 4579 1485 4628 τοῦ
1500 4574 1703 4646 ἄνθρωπον
1635 4574 1716 4647 ψυχ

322 4677 405 4727 πηοιν.
1176 4656 1256 4728 qld.
1277 4656 1307 4710 Et
1320 4656 1347 4710 dt
1363 4656 1392 4725 δὴ
1414 4657 1486 4729 ψιλὴν
1505 4677 1536 4711 κα
1535 4659 1637 4730 λμόνην
1652 4655 1774 4731 ἀπονέμει
1792 4675 1826 4719 τις
1843 4651 1900 4721 atah

358 4741 508 4798 dCtutra..
525 4740 590 4797 dial.
606 4739 642 4797 de
655 4741 753 4796 lucar.
772 4737 904 4811 Προσεγιρή
905 4736 1005 4792 scrobi
1019 4737 1094 4790 καθά·
1141 4737 1186 4807 τὴν
1199 4738 1329 4812 ὀργανικὴν
1343 4738 1488 4813 ὑπουργίαν,
1510 4739 1649 4812 ἀποπέμψοι
1665 4742 1710 4793 παλ
1728 4739 1825 4814 οὐχ
1791 4732 1900 4801 ξιον,νᾶ

324 4842 369 4895 περ
387 4823 495 4897 ὀργάνῳ,
509 4829 540 4897 τῇ
556 4822 599 4896 μὲν
625 4822 673 4894 ἰδίᾳ
692 4822 774 4894 σαρκὶ,
795 4822 855 4893 πρὸς
873 4819 904 4873 τὰ
924 4821 1013 4894 σαρκὸς
1033 4819 1093 4891 ἔργα
1142 4828 1186 4877 τοῦ
1205 4817 1268 4877 εἶναι
1289 4822 1352 4877 κατὰ
1373 4823 1486 4891 ἀλήθειαν
1509 4822 1572 4878 υἱόν·
1593 4823 1733 4878 ὑποκείσθω
1756 4825 1804 4897 γάρ
1822 4840 1855 4883 τις
1872 4820 1902 4887 τῷ

323 4925 361 4971 τι,
375 4907 417 4959 καὶ
431 4905 612 4979 ἀρρωστήματα
632 4905 730 4977 φυσικὰ,
745 4904 786 4958 καὶ
808 4906 856 4958 ὅσα
878 4905 966 4977 μώμου
986 4902 1091 4976 μακράν·
1142 4907 1221 4980 λόγῳ,
1233 4907 1289 4979 φέρε
1304 4906 1388 4973 εἰπεῖν,
1404 4907 1538 4980 ἄνθρωπος·
1553 4905 1658 4962 tatuit
1675 4906 1748 4980 αθτῷ
1761 4905 1802 4960 καὶ
1814 4898 1902 4964 παῖιῐὰ

324 4989 390 5064 ψυχῇ
404 4988 431 5043 δὲ
444 4983 474 5042 αὖ
487 4993 518 5062 τῇ
533 4987 651 5062 totamm
664 4987 695 5043 τθι
709 4987 847 5062 ἀνθρώπινά
860 5006 896 5052 τε,
911 4987 952 5040 καὶ
966 4984 1095 5040 &urnulam
1143 4988 1176 5053 εἰς
1187 4988 1262 5062 λθραν
1273 4990 1390 5059 tenutam,
1409 4991 1449 5043 uui
1463 4990 1564 5063 ψάλλειν
1582 4989 1613 5045 τὰ
1626 4991 1717 5062 ἄριστα
1732 4985 1901 5064 papetranus

324 5073 399 5141 πάθη.
1144 5068 1385 5143 ἆραοθνθτοιοῦτος
1403 5073 1583 5146 melopaeiam
1601 5071 1645 5141 τὴν
1667 5072 1759 5147 λθραν,
1773 5070 1852 5126 utet
1868 5069 1903 5132 τῆς
1944 5116 1945 5123 ,

360 5170 376 5213 e
394 5156 505 5212 Gratus.
523 5160 590 5211 tom·
607 5154 640 5221 V,
661 5161 730 5226 part.
754 5154 788 5211 ΙΙ.
814 5153 902 5227 ’Esuba
921 5152 969 5226 γὰρ
980 5148 1095 5225 γεγόνασί
1144 5154 1209 5229 ᾠδῆς
1218 5156 1322 5230 ὄργανον
1336 5154 1361 5211 tr
1374 5154 1428 5211 οἱοῦ
1438 5154 1503 5219 τάξει
1518 5157 1560 5213 aba
1574 5161 1611 5230 τῷ
1623 5156 1686 5229 uid:

325 5257 388 5304 τινες
403 5243 446 5294 tob
456 5237 490 5312 μὴ
503 5237 631 5313 ἇνέχεοθαι
647 5238 733 5293 λοιπδν
748 5238 890 5311 ὁμολογεῖν,
914 5238 952 5293 ὅτι
966 5237 1020 5299 θεός
1030 5233 1094 5291 ἔστιν

352 5408 421 5457 ilci.
435 5406 468 5455 to.
