4104 6160
305 320 346 381 2⁸
812 324 1137 389 rfluomutuouutt
1162 324 1380 388 DOGNATUM

305 491 451 565 gustares
471 490 626 570 opinionis
651 497 813 555 execratur
835 491 1021 554 Athanasius
1037 492 1071 551 in
1120 491 1175 552 Dei
1200 490 1303 552 tilium
1323 491 1503 555 habendum
1526 490 1666 554 sensuit:
1701 492 1794 566 atqua
1825 482 1889 544 hoe

307 578 446 658 epistola,
464 600 559 663 quam
578 585 620 645 cd
632 584 803 667 Epictetum
816 585 948 666 scripsit.
971 582 1073 658 cQai·
1119 602 1213 647 sensu
1229 594 1345 649 νεοτόκον
1363 586 1511 667 appellari
1533 600 1638 666 passus
1661 582 1709 643 cst
1731 579 1764 640 B·
1781 576 1888 655 virgi·

306 668 379 733 dam
392 673 479 743 adeo,
495 676 607 755 inquit,
623 678 779 739 temerarii
789 677 927 752 fueram,
946 676 1071 739 utdice·
1121 694 1206 749 nem,
1228 697 1323 740 anon
1336 679 1421 759 quod
1438 680 1549 753 Βοιιιιι,
1568 676 1620 738 sed
1631 672 1716 754 quod
1725 668 1888 732 hominem

306 768 389 839 rent,
405 765 571 845 Christum,
587 770 642 849 qui
655 787 748 831 carne
768 787 885 850 passus,
914 774 946 830 et
971 766 1072 829 cruci·¹
1121 769 1275 849 genuerit,
1290 771 1354 832 Deo
1366 770 1502 845 unitum,
1511 795 1525 824 ι
1544 768 1587 831 ait
1599 763 1795 829 Nestorianua
1804 758 1890 841 apud

307 852 389 917 tixus
397 861 453 931 est,
466 876 606 922 nonesse
616 862 782 923 Dominum
793 867 824 922 et
838 861 1075 933 Salvatorem,et
1121 863 1325 924 Maxentium.
1343 863 1401 937 Qui
1414 862 1518 923 statim
1541 879 1581 922 ex
1602 854 1742 919 catholici
1754 868 1890 933 persona

309 947 419 1023 Deum,
439 966 475 1010 ac
497 951 592 1013 Patris
605 952 719 1014 filium.
740 955 803 1017 dut
816 953 972 1033 quomodo
986 952 1073 1014 Chri·
1122 954 1228 1030 instat,
1238 959 1269 1016 et
1277 955 1400 1035 prohat,
1411 959 1567 1015 nonrecte
1586 951 1701 1013 νεοτόκον
1729 944 1889 1006 illusum

308 1037 401 1100 stiani
414 1041 523 1103 solunt
532 1045 693 1124 appellari,
706 1046 761 1125 qui
768 1051 921 1121 asserunt,
933 1045 1076 1107 inhomi-
1123 1047 1299 1108 nominari:
1319 1064 1416 1127 cquae
1431 1064 1497 1107 non
1520 1046 1630 1115 Deum,
1658 1039 1713 1102 sed
1729 1035 1889 1099 hominem

308 1147 382 1192 nem
392 1138 544 1204 sanctum,
560 1141 711 1216 tanquam
734 1137 769 1198 in
782 1155 882 1198 unum
895 1132 1075 1217 quempiam
1123 1142 1247 1199 tentum
1267 1139 1423 1218 genuerit.
1446 1159 1463 1196 o
1485 1137 1566 1197 'lum
1586 1135 1766 1195 occurrente
1779 1129 1889 1190 Nesto·

308 1239 326 1282 e
341 1223 516 1303 Prophetis,
545 1228 666 1290 venhse
683 1229 831 1305 Verbum,
855 1233 887 1290 et
904 1246 969 1290 non
991 1229 1077 1290 hunc
1124 1230 1224 1306 riano,
1244 1250 1257 1289 ι
1272 1231 1419 1293 Unitione
1428 1230 1545 1291 lactum
1553 1243 1629 1303 esse,
1640 1229 1677 1286 ut
1689 1223 1726 1296 18,
1738 1220 1839 1301 (Ιῑῑῑθι
1851 1235 1893 1280 0⁸

308 1313 411 1393 ipsum
426 1332 502 1391 esse,
518 1321 571 1397 qui
591 1319 630 1381 de
646 1320 742 1381 Maria
760 1338 873 1401 corpus
885 1319 1072 1399 acceptasti
1123 1327 1216 1383 natus
1230 1327 1288 1398 est,
1310 1324 1392 1384 Deus
1418 1320 1601 1402 appelletur,
1628 1318 1755 1396 propter
1776 1313 1893 1385 Demi

348 1406 486 1469 Asterius
499 1415 582 1471 certe
607 1412 774 1490 Cappadox
801 1410 969 1493 sophista¹,
991 1411 1076 1491 quod
1123 1413 1284 1489 videlicet,
1297 1415 1348 1475 cui
1361 1413 1463 1491 uniri,
1479 1427 1637 1489 unamque
1651 1423 1723 1469 cum
1742 1422 1780 1466 eo
1793 1401 1893 1479 digni·

309 1496 469 1561 Christum
494 1502 672 1583 scripsisset,
696 1512 795 1584 δύναμιν
809 1506 875 1580 troi,
903 1503 935 1563 id
961 1508 1007 1564 est
1019 1502 1076 1564 het
1124 1510 1243 1582 tutem,
1268 1506 1526 1568 etauctoritatem
1538 1503 1653 1563 hahere
1666 1496 1855 1579 promeruit:
1873 1514 1888 1553 ν

310 1588 450 1652 virtutem
462 1593 630 1671 nominari,
645 1594 724 1657 sicut
741 1594 866 1656 intrim
889 1603 917 1656 ct
935 1612 1034 1669 muca,
1049 1600 1077 1654 ct
1124 1599 1291 1678 respondet
1317 1594 1528 1659 catholicus⁸2
1547 1616 1563 1654 α
1586 1591 1797 1674 appellatione
1816 1602 1892 1666 ergo

309 1680 416 1762 rediga
430 1684 627 1762 appellantur
644 1704 663 1747 a
690 1689 846 1767 Propheta
871 1686 929 1750 Dei
950 1684 1074 1762 Μαίον’,
1127 1694 1263 1766 tantum,
1279 1695 1310 1751 et
1327 1690 1489 1769 dignitate,
1504 1688 1568 1749 sive
1578 1686 1708 1759 honore,
1724 1698 1789 1743 non
1807 1696 1891 1751 vere,

310 1774 375 1834 sive
388 1772 539 1853 fortitudo
553 1795 682 1858 αιαριιοι
701 1779 812 1839 idcirco
827 1784 976 1859 tanquam
988 1779 1076 1839 dria·
1125 1787 1157 1844 et
1181 1784 1306 1861 proprie
1329 1782 1421 1844 beata
1443 1781 1538 1860 Virgo
1561 1784 1607 1840 est
1633 1774 1804 1837 secuudum
1837 1787 1895 1831 vos

310 1883 371 1926 nus
385 1866 551 1929 haereticus
563 1869 706 1931 amnium
727 1871 920 1932 execratione
931 1871 1074 1949 rejectus,
1125 1874 1306 1947 Theotocos,
1324 1891 1393 1954 quse
1406 1891 1472 1934 uon
1493 1889 1579 1946 vere,
1595 1875 1626 1930 et
1637 1866 1763 1948 proprie
1772 1862 1892 1943 genuit,

310 1974 347 2017 ac
370 1957 536 2020 damnatus
555 1966 611 2023 est.
629 1962 692 2022 Cur
704 1980 770 2024 non
778 1961 874 2038 igitur
887 1963 997 2024 eodem
1005 1963 1077 2041 jure
1126 1966 1298 2028 monadum
1311 1982 1437 2027 carnem
1448 1967 1548 2027 Deum
1562 1961 1710 2033 Verbum,
1725 1957 1779 2019 sed
1791 1955 1895 2018 homi-

311 2048 509 2111 detestandus
526 2051 677 2114 hahentur
704 2053 879 2131 Nestorius,
903 2053 958 2133 qui
984 2053 1078 2115 simili
1126 2076 1211 2134 nem,
1227 2057 1277 2118 cui
1294 2040 1506 2137 praestitutum
1529 2061 1575 2117 est
1600 2053 1641 2115 'aab
1665 2069 1714 2125 eo,
1741 2048 1790 2110 cui
1808 2045 1894 2108 uniri

312 2140 551 2219 comparationis
571 2161 684 2221 genere
699 2145 858 2207 Christum
871 2145 1076 2221 dedecoravit,
1126 2150 1252 2226 meruit,
1268 2156 1305 2210 ιιι
1314 2151 1395 2212 Deus
1407 2150 1537 2222 dicatur,
1550 2147 1632 2227 quod
1644 2162 1710 2205 non
1721 2148 1801 2204 est.»

312 2237 344 2292 et
355 2231 388 2292 iu
403 2233 547 2295 ordinem
558 2236 698 2315 redegit?
1167 2241 1275 2303 Redeo
1289 2242 1328 2303 ad
1342 2240 1520 2302 Nestorium
1536 2241 1658 2319 ipsum:
1680 2234 1768 2313 cujus
1786 2230 1896 2293 dehac

351 2324 420 2384 Vll.
444 2325 532 2385 Idem
545 2328 709 2405 persuadet
725 2329 810 2389 locus
832 2329 938 2399 alter⁸‚
954 2330 1080 2408 uhipri·
1128 2334 1222 2394 solius
1243 2333 1431 2411 dignationis
1457 2332 1576 2393 unitate
1604 2324 1823 2390 memorandus
1849 2326 1897 2383 est

312 2433 402 2476 mum
422 2423 632 2479 assumentem
642 2417 732 2497 jubet
753 2421 858 2482 vocari
872 2422 986 2483 Deum:
1010 2427 1079 2483 tum
1128 2425 1212 2503 apud
1226 2424 1379 2504 Cyrillum
1391 2424 1477 2485 locris
1498 2425 1532 2484 in
1550 2421 1642 2483 tertio
1664 2418 1761 2480 libro:
1786 2417 1896 2493 inquo

313 2512 518 2587 assumptum,
534 2511 708 2589 nuncupari
722 2528 846 2572 servum
858 2533 867 2587 ;
883 2519 1079 2592 posteacon-
1132 2516 1299 2593 «duplices
1315 2533 1348 2576 se
1369 2515 1403 2574 in
1429 2513 1549 2576 Christo
1575 2512 1748 2573 discernere
1769 2512 1897 2568 naturas

314 2691 419 2752 munis
443 2692 483 2753 sit
502 2691 667 2755 amborum
692 2696 876 2757 auctoritas:
912 2715 970 2757 nec
996 2696 1081 2758 aliud
1128 2698 1311 2776 singulares.
1333 2697 1493 2776 Siquidem
1510 2702 1695 2757 natmarum
1716 2690 1893 2765 auctoritas,

314 2784 464 2844 unitionis
478 2784 565 2845 istius
590 2785 734 2848 effectum
759 2788 885 2867 colligit,
900 2787 961 2849 nisi
974 2796 1080 2865 ἑνότητα
1130 2795 1256 2869 propter
1274 2790 1546 2868 conjunctionem,
1570 2793 1616 2848 est
1637 2803 1717 2861 una;
1731 2781 1850 2845 naturis
1862 2781 1898 2843 in

316 2890 360 2953 τῆς
373 2881 453 2950 ἀξίας,
475 2877 508 2937 id
520 2883 565 2938 est
578 2879 718 2939 unitatem
735 2876 911 2957 diguitatis:
923 2880 1023 2960 qualis
1036 2886 1083 2942 est
1130 2880 1239 2941 ordine
1252 2899 1310 2941 suo
1336 2886 1486 2961 perpetuo
1513 2877 1721 2953 manentibus,
1748 2874 1897 2951 dignitate

316 2969 397 3029 inter
408 2986 584 3048 praeconem
593 2970 799 3049 regisaliquid
809 2971 936 3032 nomine
947 2989 1083 3050 pronun·
1132 2990 1203 3033 voro
1217 2973 1394 3051 conjuncta,
1404 2977 1441 3032 ut
1452 2972 1528 3047 dixi,
1542 2970 1577 3031 in
1591 2968 1780 3048 singularem
1793 2971 1900 3027 aucto·

316 3059 457 3136 tiantem,
473 3065 624 3139 etregem
638 3059 661 3122 *ε
678 3062 871 3122 Hanasolam
880 3063 1039 3141 dignitatis
1053 3069 1083 3124 et
1131 3063 1313 3124 ritatemt»
1345 3062 1537 3130 Quas-verba
1563 3060 1749 3141 significant,
1771 3062 1899 3119 naturas

317 3151 532 3231 appellationis
570 3153 725 3213 unitatem
766 3161 859 3231 negat
901 3152 1085 3216 divisionem
1131 3155 1295 3228 esseduas,
1318 3155 1344 3215 si
1357 3155 1613 3234 nahuamipsam
1627 3150 1828 3232 spectes,hoc
1838 3155 1896 3225 est,

317 3243 489 3304 admittere.
505 3244 767 3323 «Nouenimpast
779 3250 973 3324 assumptum
985 3246 1084 3307 homi-
1131 3247 1284 3328 quidquid
1295 3251 1415 3308 naturae
1430 3247 1543 3326 cuique
1556 3251 1603 3306 est
1617 3244 1756 3319 insitum,
1770 3243 1824 3304 sed
1833 3241 1899 3303 sola

316 3352 391 3396 nem
417 3334 584 3415 separatim
606 3336 710 3396 vocari
736 3335 847 3410 filium,
868 3353 909 3398 ne
927 3337 1005 3398 duos
1019 3355 1083 3400 esse
1132 3338 1414 3399 communicatione
1451 3336 1610 3417 dignitatis
1641 3342 1673 3398 et
1710 3332 1900 3397 auctoritatis

316 3426 397 3489 filios
409 3427 606 3491 arbitremur.
623 3427 682 3490 Sed
695 3427 844 3506 quoniam
857 3446 930 3489 eum
941 3428 994 3490 illo
1008 3447 1083 3490 con·
1132 3429 1236 3491 unitas
1245 3435 1277 3491 et
1289 3428 1447 3509 copulatas
1462 3446 1537 3491 esse.

312 3518 440 3599 junctus
458 3526 504 3580 est
519 3518 642 3600 (nempe
664 3520 759 3581 homo
783 3518 951 3601 susceptus)
976 3520 1030 3600 qui
1049 3520 1084 3581 in
1172 3521 1372 3582 Adeamdem
1382 3517 1802 3596 solinsdignitatisunitatem
1816 3534 1901 3601 spec·

317 3611 470 3691 principio
482 3616 549 3671 erat
560 3611 653 3681 filius,
664 3610 763 3690 stipsi
775 3611 934 3689 copulatus
948 3617 1004 3688 est,
1019 3630 1084 3673 non
1134 3618 1190 3689 tet,
1206 3611 1291 3691 quod
1306 3629 1340 3672 se
1352 3610 1512 3672 hominem
1525 3609 1634 3684 illum,
1654 3609 1709 3690 qui
1725 3604 1901 3690 assumptus

318 3705 430 3783 potest,
447 3702 531 3780 quod
540 3702 580 3762 ad
593 3700 750 3762 filiationis
764 3701 948 3778 dignitatem
962 3703 1083 3779 attinet,
1133 3708 1190 3779 est,
1211 3724 1226 3760 α
1249 3703 1379 3763 adorare
1402 3719 1474 3764 cum
1500 3701 1659 3763 divinitate
1681 3699 1899 3781 profitebatur,

319 3792 503 3855 divisionem
529 3792 626 3853 ullam
649 3810 768 3871 capere.
785 3792 853 3852 Dixi
866 3793 950 3872 quod
961 3793 1086 3856 adfilie-
1133 3800 1283 3874 tanquam
1291 3794 1403 3855 divinae
1412 3804 1559 3874 συνήγοροι,
1571 3792 1605 3854 id
1618 3798 1707 3854 estex
1716 3809 1806 3871 equo
1817 3809 1902 3853 com·

320 3884 391 3945 tatis
404 3882 589 3962 dignitatem
611 3883 733 3956 attinet,
762 3901 827 3944 non
850 3890 956 3946 autem
969 3886 1089 3947 ratione
1136 3892 1241 3966 potem
1255 3882 1494 3947 auctoritatista
1509 3886 1671 3946 Itavocem
1679 3883 1902 3966 Ιιοιιοσυνήγιρσν

320 3972 564 4037 ιιοιιισασιιιιιι.»
1136 3975 1322 4038 intellexisse
1361 3976 1557 4053 Nestorium,
1591 3980 1699 4056 postea
1732 3974 1904 4054 suspicatur

361 4067 462 4147 Igitur
474 4084 569 4146 quem
581 4067 683 4147 reipsa
696 4067 840 4141 divisum,
865 4085 901 4128 ac
914 4067 1089 4146 sejunctum
1137 4065 1300 4148 Cyrillus⁶,
1312 4071 1349 4128 ιιι
1360 4067 1444 4129 idem
1455 4068 1496 4129 sit
1508 4067 1593 4147 quod
1607 4075 1729 4148 ιτηγόροτ,
1741 4085 1813 4129 cum
1827 4066 1906 4129 alio·

321 4179 340 4221 a
364 4161 426 4221 Deo
450 4158 580 4221 credidit
598 4157 768 4231 Nestorius,
793 4158 858 4219 sola
876 4160 1091 4219 communica·
1140 4157 1610 4240 quipatroaum,acdcteasorcm
1624 4158 1784 4238 significet.

321 4252 409 4314 tione
421 4252 580 4331 dignitatis
594 4268 695 4311 unum
706 4269 778 4312 cum
792 4251 871 4330 ipso,
886 4268 922 4312 ac
935 4251 1045 4328 Deum,
1061 4256 1093 4312 et
1180 4252 1267 4313 VIlI.
1289 4250 1384 4313 Aliud
1397 4256 1618 4330 argumentum
1626 4252 1766 4331 sequitur
1776 4269 1817 4313 ex
1827 4251 1906 4314 Nes-

359 4447 381 4487 ct
399 4432 504 4486 Aratu.
522 4428 591 4492 Τινὲς
604 4428 652 4501 άρα
668 4427 734 4481 οὕτω
747 4425 868 4499 τολμηροὶ
880 4427 1018 4498 γεγόνασιν,
1028 4426 1093 4480 ὥστε
1142 4426 1205 4481 κατὰ
1216 4428 1246 4481 τδ
1255 4425 1350 4500 άξάωρα
1362 4432 1406 4494 τῆς
1418 4427 1530 4496 attero,
1542 4429 1657 4502 διαίρεσιν
1668 4427 1788 4491 δέξασθαι.
1806 4427 1909 4484 sarith

323 4512 399 4568 elatis
409 4515 452 4568 τάν
467 4511 584 4585 Χριστὸν,
603 4512 646 4565 τὸν
660 4511 733 4582 σαρκὶ
747 4510 865 4572 παθόντα,
880 4508 922 4561 καὶ
940 4505 1093 4581 άσιαιριυμά·
1143 4506 1239 4581 ἀξίωμα
1250 4511 1312 4581 pupi
1327 4514 1370 4578 τῆς
1382 4509 1504 4579 olda-qtae,
1513 4509 1542 4564 od
1555 4510 1619 4565 κατὰ
1627 4510 1670 4573 τδς
1682 4510 1771 4582 φάσεις.

323 4590 502 4669 νον,ρὴεῖναι
515 4594 609 4668 capias,
623 4593 663 4647 aad
677 4595 787 4665 σωτῆρα,
798 4592 839 4645 καὶ
852 4590 917 4654 θεδν,
933 4590 974 4643 καὶ
987 4589 1039 4643 υἱδν
1049 4593 1093 4643 τοῦ
1179 4591 1331 4649 oNttstou.
1346 4592 1421 4664 apud
1446 4594 1509 4664 Cyr-
1526 4592 1575 4649 lb.
1593 4594 1640 4650 itt.
1660 4594 1789 4666 Nudas
1806 4595 1834 4649 δά
1859 4612 1909 4650 που

323 4677 453 4750 πατρδςςῆ
463 4684 516 4740 πῶς
526 4675 784 4750 Χριστιανοὶθέλουσιν
794 4672 966 4744 ὀνομάζεσθαι,
977 4670 1095 4743 alligau-
1142 4674 1249 4739 πάντως,
1267 4674 1308 4727 καλ
1324 4674 1356 4729 τὰ
1373 4675 1491 4739 πολλάκις
1505 4695 1548 4748 μοι
1568 4676 1628 4748 πρδς
1649 4674 1711 4748 υμᾶς
1725 4674 1849 4749 simplic,
1864 4674 1909 4740 τὰς

325 4780 364 4824 τες
379 4759 412 4823 εἰς
425 4760 551 4833 ἄνθρωπον
566 4761 646 4832 άγιον,
662 4759 696 4821 ὥς
715 4755 754 4810 ἰπὶ
767 4756 810 4810 ἕνα
822 4760 872 4809 τῶν
889 4758 1019 4827 προφητῶν
1039 4752 1095 4822 ἕλη·
1143 4756 1231 4818 διπλᾶς
1244 4756 1305 4828 πρδς
1331 4757 1373 4811 τὸν
1387 4759 1506 4827 δεσπότην
1533 4758 1634 4831 χριστὸν
1662 4758 1807 4830 διακρίνοντι
1828 4758 1911 4831 ράσιις

325 4845 422 4899 tottam
436 4842 478 4897 τδν
494 4842 580 4914 λόγον,
594 4841 636 4894 καὶ
657 4840 690 4913 μὴ
712 4838 785 4894 airis
799 4838 936 4912 γεγονέναι,
950 4834 1096 4890 latitaverit
1144 4839 1234 4892 διπλαῖ
1246 4838 1289 4912 μὲν
1303 4839 1349 4913 γὰρ
1362 4844 1394 4914 τῇ
1407 4841 1486 4913 φύσει,
1510 4841 1586 4915 τῇδὲ
1603 4839 1658 4913 titia
1677 4842 1813 4914 μοναδιιιαλ.
1833 4840 1911 4916 ἡγὰρ

326 4926 424 4999 Μαρίας
438 4926 467 4979 th
481 4930 570 4996 σῶρας
1144 4925 1193 4974 τῶν
1207 4921 1301 4991 φύσεων
1318 4918 1440 4988 diarria,
1462 4922 1504 4976 nt
1521 4922 1565 4991 riv
1580 4924 1719 4996 συνάρειαν,
1735 4924 1781 4996 μιᾳ
1792 4930 1843 4979 τῶν
1866 4923 1911 4998 ριν

364 5009 381 5066 d
399 5008 515 5067 Nssroa.
533 5005 607 5077 apud
623 5005 687 5075 Cyr.
703 5004 750 5061 lib.
775 5004 906 5061 lcootra
924 5006 1003 5059 Neat.
1026 4998 1095 5053 'lii’
1144 5002 1239 5074 piceos
1250 5001 1274 5057 ἔν
1291 5003 1414 5077 epotata
1427 5003 1493 5067 ctist
1512 5005 1552 5058 διὰ
1565 5006 1654 5068 παντὸς
1672 5013 1808 5079 μενουσῶν·
1827 5011 1871 5075 τις
1884 5006 1912 5062 at

328 5095 364 5147 dt
378 5092 426 5165 πρδ
438 5089 525 5145 τούτου
539 5089 600 5159 uile,
615 5088 656 5142 tal
671 5087 831 5161 καλούμενος,
847 5085 961 5160 aethris
977 5084 1095 5155 ἀνάληψιν
1145 5083 1212 5147 ἀξίας
1224 5087 1387 5158 συνημμένης,
1397 5086 1432 5150 ὣς
1448 5090 1575 5160 προεῖπον,
1586 5087 1619 5153 εἰς
1632 5086 1755 5144 curatas
1767 5090 1909 5162 μοναδιιαὶν.

327 5174 356 5229 οὗ
371 5174 470 5229 διἰνιιται
496 5173 621 5227 καλεῖσθαι
644 5171 830 5244 κεχωρισμένως
852 5170 915 5237 olle,
939 5170 982 5222 ἵνα
1000 5166 1033 5240 μὴ
1052 5165 1096 5221 δύο
1180 5166 1203 5224 d
1220 5168 1338 5226 Nrsror.
1354 5167 1569 5241 apodemii.
1590 5171 1612 5228 1.
1631 5170 1766 5244 Προσκυνῶ
1781 5169 1809 5226 δι
1822 5172 1911 5243 cittii

328 5255 602 5329 υλοδςδογματίσωρεν.
614 5254 671 5308 ἀλλ’
686 5252 813 5325 ἐπειδήπερ
829 5251 913 5330 ἐκείνῳ
927 5255 1047 5320 συνῆπται
1060 5254 1097 5321 τῷ
1145 5250 1241 5321 διάσρτι
1255 5256 1352 5307 τοῦτον.
1368 5253 1403 5317 ὡς
1415 5257 1459 5322 τῆς
1472 5253 1536 5316 θείας
1549 5253 1683 5326 συνήγορον
1693 5252 1827 5317 citrariae

330 5338 431 5413 άνάρχῆ
441 5339 493 5394 ὄντι
506 5337 552 5411 υἱῷ
565 5343 602 5411 τῷ
619 5336 680 5409 πρδς
694 5334 767 5391 atsto
783 5336 935 5408 συναρθάντι,
950 5333 979 5389 οὗ
997 5333 1097 5388 δύναται

357 5479 367 5523 i
383 5476 438 5522 dib.
449 5476 466 5522 i.
474 5475 501 5520 ds
512 5475 576 5523 Beer.
588 5474 641 5528 Sati.
653 5471 751 5521 ote-t
763 5473 817 5520 itti.
832 5482 857 5525 n,
869 5470 932 5516 ss.-
945 5470 960 5514 a
972 5469 1021 5524 cyr.
1033 5468 1073 5513 llh.
1085 5467 1095 5511 l
1106 5470 1165 5515 mi.
1177 5467 1286 5515 tim-t
1299 5466 1361 5512 us.-
1374 5472 1387 5512 t
1400 5467 1456 5515 liu.
1469 5474 1485 5515 t.
1494 5468 1522 5514 li
1533 5467 1641 5516 stit-t
1655 5466 1782 5516 itatem.
1793 5469 1852 5517 dm.
