4104 6160
340 191 379 251 32
838 192 1163 256 Turonouluonuu
1190 191 1408 255 mouerunt

340 355 446 417 duasa
459 373 491 418 se
505 354 635 419 invicem
651 363 805 439 separatas
817 362 958 438 poneret,
971 356 1109 418 diuinam
1159 373 1231 416 rum
1253 355 1366 417 animis
1386 354 1523 417 defixum
1546 352 1612 416 esse
1631 354 1733 434 cupio,
1757 352 1841 433 quod
1860 369 1925 413 non
1947 358 2033 412 mnu

341 448 497 526 privatim,
509 467 546 511 ac
557 449 703 525 seorsim;
723 455 754 512 et
764 449 920 530 privatim,
936 467 971 510 ac
980 449 1109 510 seorsim
1159 452 1281 508 tantum
1291 448 1331 508 ad
1344 448 1559 526 insequentem
1568 465 1625 527 pro
1639 446 1764 526 cyrillo,
1775 449 1807 506 et
1818 449 1926 505 contra
1960 424 2034 520 κιῗῖι

341 539 525 602 humanam.
542 541 630 602 Unde
644 546 675 602 et
689 541 766 602 dnos
780 540 871 613 filios,
887 540 1108 601 aeduostri-
1159 538 1337 600 Nestorium
1351 539 1614 618 disputationem
1631 538 1681 599 sed
1697 537 1792 598 etiam
1811 535 1927 615 ubique
1959 519 2034 625 iffi

342 630 566 692 stosianaticus
582 632 635 693 ilie
652 632 875 694 constituebat:
893 632 991 693 alium
1009 630 1110 692 filium
1159 630 1261 691 valere
1289 631 1401 692 debet:
1430 648 1503 692 aum
1529 631 1568 691 de
1590 631 1740 703 auctoris,
1760 629 1812 693 vel
1825 627 1927 708 operis

342 738 381 780 ex
394 722 456 783 Deo
470 723 574 800 Patre,
590 729 620 784 et
632 723 741 792 alium,
757 724 812 803 qui
825 742 864 784 ex
881 723 1005 802 Virgine
1018 728 1111 783 natus
1160 722 1332 802 cujuspiam
1351 728 1432 783 statu
1446 722 1644 802 dijudicando
1657 722 1780 801 agitur:
1804 738 1869 781 non
1888 737 1928 781 ex

342 815 400 886 est,
427 812 532 893 inepte
557 814 729 876 adstruens.
754 815 799 876 Ob
812 815 844 875 id
864 815 958 875 etiam
972 819 1111 875 sanctam
1159 832 1236 889 una,
1251 814 1384 876 alterave
1398 814 1556 876 hincinde
1570 814 1696 876 collecta
1705 812 1876 875 sententia:
1891 830 1928 874 ao

340 903 502 982 Virginem
512 905 566 966 Dei
577 906 757 983 genitricem
766 906 920 987 appellare
933 905 1106 966 nolebam.»
1159 923 1201 967 ne
1210 923 1249 966 ex
1259 904 1361 967 verbis
1370 906 1496 986 quidem
1505 906 1577 967 solis
1590 905 1929 967 deeoferendnmesse
2034 926 2035 929 ¹

341 994 421 1055 Hinc
445 996 558 1057 merito
585 998 716 1077 Cyrillus
751 998 782 1058 in
814 996 1044 1060 Commonitorio
1072 993 1112 1057 ad
1156 997 1328 1075 judicium:
1344 998 1397 1059 sed
1411 1016 1449 1059 ex
1462 1003 1624 1078 perpetua,
1636 1003 1668 1058 et
1680 996 1849 1058 continenti
1859 1013 1928 1057 ora·

342 1085 532 1167 Eulogium,
546 1106 583 1149 eo
598 1088 890 1168 reprehendendum
903 1089 947 1149 sit
959 1106 1025 1150 esse
1038 1089 1110 1149 Nes
1160 1088 1263 1151 tione:
1278 1095 1347 1150 tum
1355 1108 1430 1150 vero
1440 1108 1479 1150 cx
1491 1095 1608 1163 mente,
1619 1108 1655 1151 ac
1666 1089 1821 1169 proposito
1834 1087 1930 1168 scrip-

341 1178 470 1257 torium,
486 1197 550 1240 non
569 1181 643 1259 quia
660 1186 787 1242 naturas
799 1181 876 1242 duas
889 1198 954 1242 esse
967 1181 1108 1241 dicebat:
1161 1182 1252 1259 toris,
1276 1182 1361 1261 quod
1375 1201 1431 1262 per
1445 1182 1584 1244 universi
1607 1182 1709 1261 operis
1730 1199 1841 1260 corpus
1857 1186 1929 1241 tan·

342 1270 396 1331 sed
425 1270 498 1349 quia
521 1279 619 1346 ἕνωσιν,
649 1273 682 1333 id
705 1277 751 1333 est
773 1272 935 1334 unitionem
962 1272 1110 1348 tollebat,
1162 1290 1256 1352 quam
1292 1290 1405 1335 succus
1434 1274 1561 1353 qnidam
1595 1272 1698 1345 ¹vitalis
1733 1271 1926 1333 diffunditur.

342 1379 448 1422 veram
459 1362 585 1439 scilicet,
601 1367 632 1424 et
645 1364 831 1439 naturalem,
847 1381 1027 1444 quoeunum
1038 1382 1110 1443 pro-
1162 1364 1255 1444 Cujus
1264 1366 1309 1426 rei
1318 1363 1929 1445 prudenterdmbrosiusinepistolsnxm

342 1452 421 1533 prie,
436 1471 473 1513 ao
485 1472 542 1533 per
554 1473 586 1515 se
596 1455 708 1531 tilium,
724 1461 756 1516 et
766 1456 938 1531 Christum,
954 1472 1111 1535 unamque
1162 1456 1313 1517 Sabinum
1322 1457 1528 1536 admonet,ad
1536 1473 1630 1536 quem
1638 1456 1734 1517 libros
1745 1473 1930 1518 suosrecen-

343 1563 508 1624 personam
532 1545 635 1607 efficit.
663 1546 740 1608 Vide
759 1565 830 1626 que
852 1566 891 1609 ex
910 1548 1062 1620 Nestoris,
1081 1552 1113 1608 et
1162 1548 1283 1622 sendos,
1299 1553 1330 1609 et
1343 1549 1554 1609 emeudandos
1563 1548 1711 1609 miserat:
1733 1548 1928 1624 «Quoniam,

343 1634 437 1716 hujus
450 1638 561 1698 heresi
581 1637 691 1698 afflatis
704 1638 878 1699 testimonia
896 1638 1023 1700 collecte
1040 1646 1113 1699 sunt
1162 1638 1274 1719 inquit,
1290 1658 1349 1701 aon
1363 1640 1395 1701 in
1407 1658 1536 1701 sermone
1548 1648 1590 1701 est
1604 1659 1728 1721 requam
1740 1638 1798 1701 Dei
1803 1637 1827 1717 ',
1841 1638 1931 1701 edin

344 1727 377 1787 in
403 1729 604 1790 Laterauensi
623 1729 743 1809 synodo
757 1729 815 1790 sub
829 1731 963 1792 Martino
983 1730 1109 1811 primo¹,
1163 1732 1282 1806 vincte,
1301 1733 1433 1793 verbum
1457 1734 1482 1793 si
1505 1732 1677 1801 offenderit,
1693 1735 1842 1792 virtutem
1856 1749 1930 1811 pro-

348 1816 565 1882 Consuttctione
590 1821 716 1900 quinta:
744 1821 778 1882 in
800 1822 914 1901 quibus
932 1823 1114 1884 Nestorisue
1162 1822 1301 1884 fessionis
1326 1824 1527 1903 interrogato.
1552 1845 1567 1883 a
1591 1826 1672 1885 ium
1699 1824 1837 1903 exposita
1858 1822 1932 1885 fidei

276 1953 281 1964 ·
344 1917 430 1984 ἔνωσις
438 1912 621 1974 describitur
628 1914 651 1974 *.
1163 1931 1249 1991 sana,
1259 1920 1291 1976 ct
1303 1915 1452 1976 catholica
1465 1915 1668 1994 professione,
1683 1914 1740 1976 ista
1752 1915 1929 1995 subjungite

1168 2007 1308 2068 «Nostra
1321 2007 1475 2068 sententia
1488 2006 1665 2086 hujusmodi
1683 2012 1748 2084 est,
1769 2011 1805 2068 ut
1818 2008 1931 2068 memi-

1163 2099 1246 2160 nisti.
1264 2099 1298 2159 Si
1311 2098 1404 2160 verba
1417 2099 1531 2160 alicubi
1549 2103 1686 2168 movent,
1707 2117 1772 2159 non
1784 2099 1931 2179 proejudi·

559 2222 589 2302 C
598 2222 759 2304 APUT
815 2224 874 2305 Vl
1163 2196 1235 2251 cant
1256 2190 1337 2252 fidei.
1355 2191 1476 2252 Etenim
1491 2208 1667 2252 sermonem
1689 2190 1820 2252 dubium
1842 2209 1933 2254 mens

662 2330 665 2337 .
879 2283 889 2302 ⁶
1163 2300 1228 2343 non
1241 2282 1338 2343 dubia
1349 2282 1535 2359 obumbrat,
1559 2288 1592 2345 et
1604 2282 1741 2345 defendit
1763 2302 1783 2343 a
1795 2282 1928 2364 lapsu.»

1164 2374 1214 2435 Sic
1241 2373 1389 2453 Eulogius
1416 2374 1644 2436 Alexandrinus
1674 2374 1816 2455 pluribus
1848 2376 1932 2437 istud

347 2493 484 2577 Cyritius
508 2495 546 2557 ab
565 2494 854 2575 Apollinei-astaram
882 2492 1001 2555 doeresis
1020 2495 1114 2577 suspi-
1162 2465 1265 2545 i1³⁸¹¹11¹
1289 2467 1496 2538 fflmfflessdflt·
1520 2472 1557 2527 ut
1575 2468 1703 2572 perinde
1716 2467 1750 2527 in
1763 2467 1932 2573 necandis

383 2588 464 2648 elom>
472 2594 631 2667 papyam„
646 2589 675 2647 ι,
691 2586 774 2664 Quod
781 2585 936 2667 judicium
944 2604 1002 2647 ,Μ
1012 2584 1113 2649 debeat
1163 2564 1341 2619 sanctorum
1355 2560 1485 2619 Patrum
1498 2561 1658 2638 operibus,
1678 2564 1772 2638 atque
1791 2577 1824 2619 m
1837 2576 1932 2620 sacris

384 2677 619 2759 deScriptomm
628 2678 821 2740 sententiat.
832 2675 984 2759 cyrillum
992 2687 1114 2741 umarus
1163 2647 1283 2727 limma
1306 2668 1372 2710 11⁰⁰
1397 2650 1435 2710 id
1459 2668 1572 2729 Pffllffls
1592 2650 1757 2729 nimbique
1770 2650 1932 2755 pefiwhflt

384 2769 457 2833 άααι
482 2770 513 2830 in
537 2768 654 2832 Cdrz'cto
673 2768 826 2831 distinctus
853 2774 1020 2850 sprevisse:
1049 2776 1113 2831 tum
1163 2746 1337 2820 mimum
1350 2740 1539 2815 h⁸b0⁸¹¹¹¹¹⁸i
1557 2740 1887 2821 wdfflmplfflfflmter
1900 2759 1934 2803 ὅθ

383 2864 498 2926 emdem
513 2862 676 2938 sicuritas,
699 2869 732 2921 ut
745 2880 804 2923 noa
819 2869 917 2922 tomen
931 2880 1020 2923 unam
1036 2881 1112 2924 com-
1163 2849 1389 2912 mmmmm,
1397 2850 1530 2912 quarum
1539 2831 1607 2893 ³¹5ae
1617 2837 1690 2893 ⁸111st
1698 2832 1828 2937 edietum
1837 2832 1935 2894 inter·

381 2956 511 3037 positam
525 2954 651 3036 saciant.
664 2955 697 3014 3.
715 2954 790 3029 Once
801 2952 858 3014 dno
872 2953 965 3015 variat
980 2972 1019 3015 ea
1031 2954 1113 3015 itlius
1164 2923 1575 3030 Pset⁰⁵·‚“0u?m³dffl⁰d¹¹m
1585 2929 1691 3029 aldim
1699 2940 1933 3030 mffllfflssfpffl'·

385 3047 464 3121 Iocis,
492 3053 521 3107 et
542 3044 692 3107 sententiis
719 3044 935 3126 approbantur.
960 3048 990 3107 8.
1018 3044 1111 3107 Colli·
1163 3020 1242 3088 “atr
1276 3021 1388 3095 mimia
1418 3034 1457 3076 0³
1479 3015 1639 3076 nonnullis
1671 3015 1876 3094 fragmentis,
1901 3022 1935 3077 et

381 3145 495 3217 ymm-
515 3143 692 3217 ,mumma
719 3136 781 3196 ma
802 3155 840 3197 ρ,
864 3135 952 3197 dim,
979 3135 1113 3218 essim-3
1161 3107 1303 3169 abscissis
1315 3108 1486 3182 sententiis,
1500 3108 1538 3169 de
1552 3106 1711 3187 scriptoris
1726 3108 1840 3187 pietate
1858 3124 1933 3169 sen·

382 3227 801 3310 quibusdpmomtrapur‚m,e
813 3228 918 3309 imm,
930 3234 959 3289 e,
971 3227 1113 3290 emboli„
1161 3199 1295 3304 tentiam
1314 3198 1405 3273 icrre,
1421 3200 1499 3260 adeo
1516 3198 1677 3303 splendido
1705 3199 1816 3260 emisso
1842 3198 1934 3261 radio

382 3321 418 3383 de
433 3321 636 3383 incarnatione
649 3318 776 3381 ,emim
1161 3297 1273 3352 ventas
1286 3308 1353 3370 ipsa
1362 3291 1565 3366 demonstrat,
1577 3294 1613 3350 ut
1622 3296 1654 3351 et
1663 3308 1765 3370 ipsum
1779 3292 1934 3352 Severum

1161 3382 1360 3461 quantumvis
1387 3382 1421 3442 iu
1447 3381 1512 3442 istis
1539 3382 1753 3443 caecutientem
1780 3381 1819 3442 ud
1852 3381 1934 3442 illud

381 3482 409 3542 1.
431 3482 474 3543 De
491 3480 647 3555 Nestorio,
666 3477 796 3559 ejusque
813 3478 940 3556 haeresi,
963 3478 1003 3540 ob
1016 3496 1111 3557 quam
1160 3474 1397 3553 intelligendum
1429 3472 1602 3534 adduxerit.
1633 3472 1748 3534 Scribit
1773 3472 1859 3533 enim
1890 3472 1934 3534 sd

337 3572 408 3652 jure
423 3573 588 3635 damnatus
594 3576 651 3647 est,
660 3571 733 3631 satis
742 3570 825 3646 dixi3
840 3590 925 3632 nunc
933 3571 972 3632 de
981 3571 1106 3649 cyrillo,
1160 3566 1323 3628 Julianum
1330 3564 1930 3626 Halicarnassensemadbunomodum:

341 3664 423 3743 quod
439 3664 649 3725 erataltarum
660 3666 764 3739 eaput,
780 3661 963 3741 explicanda
976 3667 1109 3738 suntea,
1161 3656 1395 3737 Oportetigitur
1408 3662 1597 3732 sanctorum,
1618 3655 1672 3735 qui
1694 3656 1786 3717 certis
1807 3661 1932 3736 tempo·

341 3773 380 3816 ex
393 3755 506 3835 quibus
518 3758 648 3829 constet,
661 3751 748 3812 nulla
758 3769 792 3812 re
801 3750 842 3812 ab
857 3752 1008 3813 catholica
1020 3751 1111 3813 illum
1161 3748 1248 3809 ribus
1253 3747 1396 3809 Ecclesia
1406 3747 1545 3810 doctores
1553 3748 1748 3822 exstiterunt,
1757 3747 1934 3809 doctrinam

340 3844 402 3908 fide
415 3846 612 3926 discrepasse,
626 3862 686 3905 nec
697 3842 821 3904 affinem
834 3843 928 3905 tuisse
952 3843 1109 3922 Apollina·
1160 3841 1280 3920 integre
1297 3839 1475 3920 perlegere:
1498 3846 1530 3901 et
1549 3858 1614 3900 non
1634 3857 1673 3901 ex
1695 3844 1782 3921 parte
1802 3839 1933 3900 iliorum

340 3938 499 4012 ristarum,
515 3944 546 3999 et
559 3935 826 4016 Eutychianorum
839 3933 948 3996 heresi
961 3954 970 4011 ;
984 3934 1067 4014 quod
1081 3934 1110 3996 ci
1160 3932 1299 4012 proferre
1321 3930 1506 4007 sententias,
1532 3931 1666 4010 indeque
1689 3931 1728 3992 de
1741 3936 1807 3992 tota
1820 3947 1934 3992 eorum

341 4029 460 4092 crimen
485 4029 583 4106 falso,
612 4037 644 4090 et
669 4043 725 4107 per
750 4026 940 4087 calumniam
962 4026 1111 4106 impingit
1161 4030 1343 4086 mentenon
1357 4023 1424 4084 sine
1441 4021 1578 4102 periculo
1596 4022 1805 4102 conjecturam
1818 4021 1931 4084 iscam.

343 4121 538 4203 Anonymus.
1160 4117 1261 4196 Atque
1274 4116 1335 4177 boc
1344 4115 1378 4175 in
1392 4112 1586 4194 Apostolicis,
1602 4118 1633 4174 et
1646 4113 1839 4195 Evangelicis
1852 4131 1935 4193 quo-

383 4213 445 4276 Sed
458 4219 530 4276 ante
544 4210 862 4276 omniasehementer
880 4210 940 4271 boc
959 4209 992 4270 in
1015 4208 1108 4270 lecto·
1161 4226 1223 4288 que
1247 4206 1352 4280 libris,
1382 4211 1413 4267 et
1434 4206 1468 4266 in
1491 4205 1636 4267 universa
1662 4224 1749 4268 sacra
1771 4205 1936 4285 Scriptura

377 4436 399 4476 a
416 4419 519 4476 Tuaen.
536 4419 605 4472 tom.
623 4412 646 4468 li
662 4411 727 4471 Btb.
746 4409 804 4466 Ὀτι
829 4410 961 4482 Νεστόριος
984 4407 1012 4462 οὗ
1027 4407 1068 4462 διὰ
1081 4408 1110 4462 τὸ
1160 4406 1236 4471 niobe,
1250 4406 1290 4459 καὶ
1304 4404 1347 4459 tto
1360 4405 1478 4477 Χριστοὶις
1490 4403 1504 4455 ὁ
1518 4401 1843 4477 ἰμὸρόιτητιςέδογμόπζα,
1854 4401 1936 4456 mou

341 4503 422 4576 λιγιιι
431 4501 475 4555 ido
487 4498 569 4571 φύσιις
580 4495 709 4569 καθῃρέθη,
723 4498 776 4550 etc.
795 4489 923 4546 ‘meod
932 4492 962 4545 τὸ
974 4491 1054 4563 λέγειν
1068 4489 1111 4544 bio
1159 4488 1212 4543 υἱὸν
1224 4488 1267 4543 τὸν
1282 4486 1382 4551 introi,
1396 4486 1437 4539 asi
1451 4486 1554 4558 πατρὸς,
1570 4485 1611 4539 καὶ
1625 4486 1702 4539 ἄλλοι
1717 4486 1759 4541 τὸν
1774 4483 1800 4539 br
1813 4488 1857 4552 τῆς
1869 4502 1937 4557 παρ·

341 4585 423 4659 φΰσιις
437 4582 552 4650 ἀλλήλων
566 4578 756 4653 κεχωρισμένας,
778 4574 838 4646 ἰδίᾳ,
852 4575 893 4628 καὶ
912 4572 959 4627 ἀνὰ
974 4574 1047 4646 μέρος
1067 4572 1111 4640 τὴν
1159 4571 1229 4627 divos
1239 4571 1398 4643 παραληρῶν.
1409 4567 1450 4623 διὰ
1461 4573 1535 4623 τοῦτο
1547 4570 1588 4622 καὶ
1597 4568 1709 4623 θιοτόαοι
1723 4566 1767 4637 τὴν
1782 4567 1853 4640 ἁγίαν
1867 4583 1936 4640 aup-

341 4667 418 4733 bisi,
432 4665 474 4720 aad
483 4663 533 4736 tata
542 4663 584 4717 aad
595 4660 643 4715 ἀνὰ
653 4661 726 4734 pipat
735 4656 779 4727 vde
794 4656 956 4730 ἀνθρωπίνην.
971 4655 1060 4709 διὸκαὶ
1069 4655 1112 4709 tto
1160 4654 1228 4708 diros
1239 4654 1324 4706 καλεῖν
1339 4651 1384 4706 οὖα
1393 4651 1522 4720 diotimo.

376 4860 385 4879 ⁶
403 4858 589 4924 chrysostom
601 4852 780 4906 Nestorianismo
788 4850 872 4904 uisse
885 4863 913 4901 er
921 4847 1009 4900 difficili
1015 4847 1113 4914 quodam
1163 4846 1219 4899 tomi
1227 4846 1279 4898 ioco
1286 4845 1380 4898 Parisiis
1387 4845 1447 4898 adita
1456 4860 1480 4898 ι.
1498 4845 1570 4905 rtet.
1580 4858 1701 4911 suppresso
1720 4842 1820 4897 auctoris
1832 4841 1937 4908 mnino,

343 4937 395 4991 loco
407 4931 507 4986 bomilia
516 4942 547 4983 ιιι
563 4930 587 4980 in
600 4928 717 4995 epistolam
729 4927 761 4977 sd
774 4925 886 4980 Ηώιααα
903 4922 1112 4991 penumemntstbt
1164 4922 1245 4974 dunis
1260 4922 1322 4973 illata
1337 4922 1361 4973 tn
1370 4934 1464 4988 operam
1473 4921 1502 4972 P.
1518 4920 1618 4974 timialia
1631 4919 1801 4981 collectionem,
1815 4922 1839 4970 st
1858 4918 1939 4971 Simo-

345 5007 515 5071 annuimus
528 5003 632 5057 redona
645 5002 732 5056 Gallica
748 5005 801 5053 sunt
816 4999 914 5073 decepti,
929 4999 1035 5051 stlocum
1048 4998 1112 5049 illim
1163 4996 1250 5049 niusin
1264 4997 1373 5048 Historia
1395 4996 1487 5051 Critiae
1497 4997 1680 5063 moecipuorsm
1705 4995 1768 5049 Nori
1788 4994 1940 5046 iumenti

345 5083 437 5152 sarepta
454 5081 598 5134 urticarum
618 5079 648 5131 Ρ.
662 5076 742 5129 baniel
764 5075 788 5126 in
805 5074 961 5127 dssemtone
973 5073 1113 5139 ejectati
1163 5072 1326 5138 interpretum
1340 5085 1363 5124 r.
1379 5083 1428 5124 su.
1445 5071 1538 5125 Gontm
1553 5070 1763 5123 mutuamus
1777 5080 1854 5135 qus,
1867 5081 1891 5120 a.
1910 5068 1937 5121 t.

346 5161 499 5219 ανίιὶααιιαιι,
514 5160 539 5210 ct
549 5154 638 5223 superi
653 5152 794 5219 interpretis
809 5150 899 5204 Guttict
911 5150 939 5201 ds
957 5163 985 5202 eo
1002 5148 1113 5215 (timos-
1763 5143 1789 5196 F.
1808 5145 1837 5197 t..
1856 5144 1883 5197 t.

374 5333 386 5380 i
400 5332 449 5390 Gn.
459 5335 476 5380 t.
486 5331 512 5383 t.
520 5341 567 5389 par.
575 5328 631 5376 rt·
642 5325 656 5372 t
669 5325 718 5372 bat.
730 5325 783 5382 syo.
799 5329 815 5368 t.
827 5323 854 5367 it
863 5320 980 5369 cono-8
994 5319 1003 5366 Ι
1015 5323 1065 5369 cor.
1080 5331 1110 5366 rr.
