3956 6158
488 372 538 433 oe
557 344 854 441 rnonnnsrrona,
876 368 951 430 nn
973 369 1038 445 xo,
1068 369 1152 431 cnr.
1175 370 1227 431 xi.
1582 371 1640 431 sea

90 548 154 611 illius
165 542 287 607 sacrificii
300 540 579 604 communicatione
597 539 703 600 fideles
720 539 819 619 perci·
875 541 989 601 Christi
1002 540 1101 620 passio
1124 539 1220 601 semel
1242 537 1355 614 oblata,
1372 544 1524 617 quantum
1547 537 1579 597 in
1608 557 1639 599 se

89 642 169 722 piant,
186 642 217 698 ut
236 635 341 696 intacti
364 635 509 713 deinceps
539 632 578 694 ab
599 631 686 692 omni
704 632 821 711 peccati
872 638 928 709 est,
942 632 1085 693 idoneam
1092 633 1156 693 vim
1168 632 1263 693 habet
1276 630 1315 692 ad
1326 637 1487 709 peecatum
1499 629 1639 692 funditus

87 728 663 811 contagioneetinnocentesperseverare
676 724 817 797 sivelint,
871 725 1070 798 abolendum,
1086 726 1200 787 idcirco
1225 723 1370 800 Christus,
1383 726 1452 801 jem
1465 741 1524 785 non
1544 724 1638 785 mori-

87 825 196 905 possint:
207 822 362 895 nimirum,
377 819 424 879 uti
439 819 506 897 jam
525 818 599 891 diri,
615 823 768 896 quantum
781 816 820 876 ad
871 816 949 894 ter¹,
968 823 999 877 et
1014 836 1073 879 one
1087 816 1232 879 oblatione
1254 833 1463 877 consummasse
1481 816 1512 875 ιό
1532 817 1637 896 sempi-

85 917 151 977 illins
169 913 296 974 sacrificii
320 912 539 987 conditionem,
553 917 583 970 et
606 909 818 971 efficacitatem
870 918 986 970 teroem
993 908 1207 986 sanctificatos*
1223 909 1334 970 dicitur
1345 930 1352 969 :
1364 927 1476 988 nempe
1486 917 1639 988 qnantum

88 1008 183 1068 attinet.
210 1006 295 1073 Quod
319 1004 405 1065 enim
431 1022 517 1064 secus
545 1002 666 1077 evenit,
698 1001 730 1061 id
754 1019 819 1061 non
869 1002 903 1061 in
918 1003 986 1082 ipso
1000 1002 1067 1063 luit.
1085 1004 1146 1063 Nee
1167 1002 1270 1062 minus
1293 1001 1399 1075 facilis,
1420 1020 1455 1061 ae
1470 1000 1639 1079 plausibilis

84 1100 160 1180 ipsius
171 1097 301 1159 saririficii
320 1097 421 1177 eulpa,
442 1097 495 1157 sed
508 1095 664 1156 utentium
686 1093 773 1167 vitio,
789 1098 820 1153 et
868 1100 914 1155 est
927 1112 1036 1155 eorum
1048 1095 1209 1175 expositio,
1226 1112 1296 1173 quea
1310 1094 1349 1154 ad
1362 1094 1452 1154 illum
1465 1093 1570 1154 locum
1580 1112 1637 1154 an-

83 1192 184 1270 ignavia
198 1190 355 1269 contingit.
379 1190 449 1250 Non
467 1193 556 1249 erent
573 1186 647 1247 talia
666 1185 742 1264 legis
760 1204 817 1246 an·
866 1187 945 1266 tiqui
970 1186 1153 1267 interpretes
1175 1186 1319 1259 afferunt,
1345 1188 1398 1266 qui
1421 1187 1638 1248 medicamenti

82 1284 155 1362 tique
168 1283 385 1358 mediolanen
397 1281 520 1343 abolere
533 1278 818 1340 hominumdelicta
867 1280 906 1340 ad
921 1279 952 1339 id
972 1285 1104 1341 utuntur
1127 1280 1278 1357 exemplo.
1302 1279 1456 1341 Audiatur
1474 1279 1533 1339 hoo
1551 1279 1589 1339 de
1603 1299 1637 1341 re

80 1381 211 1456 poterent3
226 1393 288 1436 non
299 1375 393 1435 modo
407 1374 502 1435 semel
515 1374 672 1452 impensa3
693 1371 746 1431 sed
761 1388 817 1431 nee
867 1370 1103 1451 chrysostomus
1111 1378 1181 1433 tum
1192 1373 1381 1449 Graece,tum
1390 1371 1499 1432 Latine
1507 1372 1637 1450 loquens

79 1469 223 1530 iustamata
245 1468 369 1548 smpius.
397 1468 465 1527 Imo
492 1484 566 1527 vero
600 1466 726 1526 illorum
755 1462 816 1523 fre-
867 1482 906 1526 ex
928 1465 1182 1546 interpretatione
1206 1464 1433 1539 commentarii,
1462 1466 1516 1543 qui
1542 1464 1637 1543 vulgo

79 1562 180 1641 quentia
203 1562 239 1622 ab
264 1561 341 1640 legis
367 1560 525 1622 conditore
552 1557 727 1638 prescripta
751 1555 817 1617 sine
866 1556 1043 1618 inscribitur
1056 1558 1218 1618 Ambrosio
1236 1579 1244 1618 ε
1265 1579 1280 1615 ιι
1295 1558 1380 1619 Sient
1399 1557 1484 1618 enim
1501 1557 1635 1618 medioa-

77 1653 127 1714 ulla
150 1653 327 1727 conditione,
356 1653 411 1713 scd
438 1650 576 1732 praecise,
603 1650 815 1727 absoluteque,
866 1654 1023 1723 mentum,
1052 1650 1170 1730 inquit,
1200 1652 1327 1730 quando
1361 1649 1454 1710 fuerit
1487 1648 1581 1728 forte,
1606 1655 1637 1711 et

77 1745 209 1824 quodiam
230 1745 364 1808 diximus
386 1763 495 1806 eorum
517 1742 771 1818 imbecillitatem,
787 1746 818 1801 et
866 1741 972 1802 salutis
993 1742 1119 1819 efficax,
1141 1747 1172 1802 et
1192 1743 1298 1804 valens
1318 1746 1463 1803 cunctam
1485 1741 1635 1805 valetudi-

75 1845 215 1917 cgestrtem
226 1840 340 1918 arguit.
357 1838 530 1899 Praesertim
543 1854 614 1898 eum
628 1854 668 1897 ex
679 1834 816 1913 ejusdem
866 1852 940 1895 nem
947 1834 1209 1914 repellere,semel
1218 1835 1399 1915 impositum
1407 1839 1509 1895 totum
1522 1853 1635 1915 opera-

75 1931 144 2009 begis
159 1933 309 2008 mandato,
325 1949 446 1992 neeesse
469 1929 573 1996 fuerit.
588 1928 708 2008 quoties
728 1926 816 1987 sacri·
866 1926 966 1987 tur.Si
975 1945 1048 2006 ergo
1058 1928 1154 1988 semel
1165 1928 1343 2008 impositum
1356 1933 1458 1988 totum
1473 1935 1635 2007 operatum

74 2021 128 2083 iria
139 2025 190 2084 ista
211 2043 352 2086 summus
371 2021 510 2085 sacerdos
525 2021 640 2094 obibat,
657 2037 730 2081 eum
749 2038 814 2080 con·
866 2018 969 2088 luerit,
983 2020 1154 2081 ostenditur
1163 2038 1202 2080 ex
1215 2021 1281 2098 ejus
1287 2020 1412 2082 virbrte.
1424 2021 1492 2081 Iino
1501 2023 1635 2083 ostendit

73 2113 141 2193 fimi
175 2136 266 2178 omnes
308 2117 476 2198 iniquitates
518 2114 654 2193 filiorum
697 2111 813 2188 Israel;
865 2111 925 2173 hoc
944 2112 1041 2192 ipsius
1063 2113 1210 2185 virtutem
1231 2119 1357 2174 utnon
1383 2113 1513 2175 ulterius
1538 2133 1635 2196 appo·

72 2206 186 2287 adeoque
193 2210 362 2290 praeteritas
369 2210 476 2285 etiam,
485 2226 555 2287 quae
564 2204 815 2267 antecedentibus
865 2211 967 2267 natur.
978 2206 1010 2267 Si
1023 2224 1097 2267 vero
1106 2224 1227 2286 semper
1242 2208 1419 2286 apponitur,
1434 2207 1634 2272 manifestum

72 2297 160 2361 hostiis
173 2302 287 2382 expiari
310 2301 495 2374 debuerant3
522 2299 605 2380 quod
619 2298 733 2359 indicio
757 2303 813 2373 est,
865 2298 1016 2360 indicium
1029 2307 1085 2375 est,
1101 2300 1205 2360 minus
1217 2299 1294 2360 illud
1313 2299 1522 2379 prevaluisse.
1537 2301 1634 2363 Medi-

71 2407 221 2472 numquam
233 2395 361 2455 illorum
369 2394 483 2455 virtute
492 2408 651 2452 sacrorum
665 2389 816 2450 abstersae
866 2392 999 2452 cementi
1013 2392 1127 2471 quippe
1141 2392 1240 2453 virtus
1261 2391 1316 2452 illa
1333 2399 1390 2467 est,
1407 2396 1442 2452 ut
1461 2394 1557 2454 semel
1575 2413 1633 2476 ap·

71 2483 156 2545 inisse.
865 2490 1011 2564 ponatur,
1025 2492 1056 2544 et
1075 2502 1139 2545 non
1160 2482 1350 2563 trequenter.
1373 2484 1424 2545 Sic
1447 2486 1542 2545 etiam
1560 2485 1632 2560 hie;

100 2579 160 2640 Xll.
180 2580 223 2640 Ex
236 2581 296 2641 hac
307 2580 439 2641 secunda
451 2577 510 2639 loni
530 2575 697 2656 Apostolici
715 2575 815 2636 inter·
866 2595 927 2657 qua
940 2577 1067 2638 taudem
1080 2577 1200 2637 ratione
1215 2577 1330 2639 eisdem
1342 2576 1497 2639 sacrifieiis
1513 2597 1635 2660 semper

59 2673 228 2750 pretatione,
244 2691 317 2753 quae
332 2671 519 2733 oblationem
539 2668 661 2742 Christi,
677 2675 708 2730 et
721 2668 816 2728 sacri·
865 2668 1078 2730 curabantur?
1093 2668 1125 2730 Si
1148 2668 1233 2731 enim
1256 2669 1294 2729 ab
1318 2670 1461 2731 omnibus
1483 2680 1583 2735 essent
1596 2673 1633 2734 li-

69 2762 156 2825 lieium
175 2773 208 2827 ut
221 2765 319 2827 semel
329 2767 362 2825 in
376 2782 464 2825 cruce
477 2767 647 2842 peractum,
663 2761 703 2821 ita
721 2760 816 2821 semel
865 2761 963 2823 bereti
978 2762 1119 2842 peccatis,
1135 2779 1335 2841 nequaquam
1349 2779 1404 2840 per
1417 2764 1555 2842 singulos
1568 2766 1634 2828 dies

70 2854 257 2934 abstergendis
283 2857 417 2937 peccatis
438 2873 494 2936 per
516 2858 815 2915 commemoratorium
866 2854 989 2916 offerret
997 2856 1066 2933 quis
1077 2854 1237 2915 sacrificia.
1254 2855 1387 2933 »Pergit
1396 2856 1634 2935 chrysostomus

69 2948 227 3011 mendcium
242 2950 430 3025 adhibitum,
442 2949 591 3009 idoneum
607 2964 671 3007 esse
684 2964 740 3024 per
751 2965 815 3008 sese
869 2948 961 3028 (quod
975 2948 1008 3007 in
1027 2946 1212 3026 supposititii
1235 2946 1390 3007 Ambrosii
1411 2952 1634 3012 commentario

69 3038 127 3100 dicit
138 3043 173 3103 ad
184 3045 291 3104 omnia
315 3044 347 3103 in
369 3041 593 3122 sempiternum
609 3040 816 3117 extinguenda
866 3038 1142 3121 praetermittitur.)
1178 3039 1301 3100 Etenim
1337 3039 1474 3119 quotidie
1507 3041 1634 3104 delinita

67 3130 816 3216 peccatamperfectamacperennemtribuendam
867 3139 966 3210 erant,
982 3140 1017 3194 ut
1032 3150 1088 3213 pro
1109 3132 1198 3193 omui
1219 3132 1334 3212 populo
1349 3150 1470 3213 semper
1484 3133 1633 3198 offerren-

65 3222 207 3300 jostitiam,
229 3225 481 3289 commodissime
504 3224 722 3300 intelliguntur
743 3224 814 3301 illa,
867 3232 929 3293 tur,
950 3227 989 3286 ad
1009 3242 1180 3305 vesperam,
1202 3231 1233 3286 et
1253 3225 1400 3286 interdiu.
1424 3226 1525 3299 Quare
1548 3245 1635 3291 aceu-

67 3332 123 3393 qua
142 3316 307 3398 Apostolus
332 3319 450 3379 ibidem
477 3316 634 3378 subtexuit
658 3335 665 3376 t
694 3334 733 3377 ex
760 3334 813 3388 eo,
867 3318 945 3379 satio
958 3324 1165 3397 peecatorum,
1182 3336 1246 3377 non
1266 3317 1378 3378 solutio
1393 3317 1452 3378 tuit
1469 3319 1553 3398 quod
1566 3326 1635 3383 tum

66 3410 135 3485 quod
151 3411 363 3473 indesinenter
375 3410 595 3485 offerebantur,
611 3408 730 3469 nullam
753 3409 817 3469 vim
867 3410 1050 3489 gerebatur3
1065 3410 1228 3483 accusatio,
1247 3410 1387 3489 inquam,
1404 3407 1633 3487 imbecillitatis,

67 3498 94 3560 in
105 3500 159 3563 illis
168 3504 290 3565 ostendi
305 3503 398 3564 luisse
411 3501 451 3562 ad
466 3501 682 3580 perficiendos,
695 3501 784 3561 idest
798 3519 818 3561 a
867 3521 932 3564 non
947 3503 1069 3563 virtutis
1092 3501 1234 3563 ostensio.
1259 3503 1337 3562 Nem
1351 3501 1424 3581 quia
1435 3501 1573 3581 primum
1586 3523 1634 3567 sa-

65 3596 177 3668 peocatis
201 3597 330 3676 penitus
350 3594 542 3655 extricandos
565 3593 717 3666 homines,
735 3592 817 3673 quod
867 3596 1018 3657 orificium
1027 3595 1104 3656 nihil
1113 3599 1243 3674 poterat,
1252 3594 1423 3655 secundum
1436 3594 1633 3675 offerebatur;

64 3682 162 3765 alioqui
185 3689 290 3750 offerri
317 3687 488 3761 desiissent,
513 3683 577 3745 ideo
599 3683 677 3766 quod
697 3684 817 3749 nollem
868 3688 1055 3768 etquienee
1069 3687 1152 3747 istud
1167 3686 1293 3766 quidem
1314 3686 1457 3748 effectum
1470 3687 1634 3768 habuerat,

64 3772 183 3840 interne
204 3781 290 3842 oltra
316 3780 523 3841 eorrsetentiom
540 3777 656 3859 percuti
664 3797 672 3854 ;
697 3779 755 3838 hoc
773 3782 820 3838 est
868 3781 1001 3842 alterum
1012 3779 1216 3841 adhibebatur
1232 3799 1239 3839 ι
1254 3783 1290 3839 ut
1302 3780 1426 3840 nonnisi
1439 3787 1636 3860 peccatorum

63 3867 204 3935 siexsese
223 3873 356 3934 fuissent
369 3871 534 3950 ejusmodi,
548 3875 585 3929 ut
607 3870 772 3930 sanctitatis
786 3870 819 3929 in
869 3878 947 3934 essct
969 3872 1021 3932 illa
1047 3870 1209 3933 convictio.
1239 3871 1400 3950 Siquidem
1425 3872 1485 3934 hoc
1512 3874 1635 3954 ipsum,

64 3970 234 4041 perpetuum
255 3963 525 4027 communicanda
547 3962 612 4022 vim
632 3962 818 4035 obtinerent,
870 3964 974 4026 offerri
985 3964 1181 4039 sacrificium,
1196 3971 1393 4041 peccatorum
1403 3969 1469 4026 erat
1477 3966 1640 4029 manifesta

64 4052 131 4114 nihil
150 4057 311 4118 attinuisse
333 4054 538 4135 legislatorem
552 4062 670 4129 καθόλου,
686 4058 716 4114 et
730 4054 819 4115 abso·
870 4059 1047 4119 convictio:
1067 4057 1152 4136 qnod
1174 4062 1278 4117 autem
1296 4075 1418 4136 semper
1439 4057 1636 4133 offerebatur,

64 4143 117 4205 lule
136 4150 321 4229 praecipere,
345 4151 383 4208 ut
409 4146 574 4226 quotannis
594 4150 817 4225 repeterentur.
871 4149 1020 4211 convictio
1035 4153 1101 4210 erat
1112 4147 1339 4209 imbecillitatis.
1359 4148 1471 4209 Contra
1486 4156 1592 4211 autem
1604 4151 1638 4212 in

64 4236 169 4319 Quippe
196 4241 266 4303 tieri
294 4239 457 4321 potuisset,
485 4244 521 4298 ut
547 4239 640 4298 insita
664 4237 820 4299 sacrificiis
872 4240 1127 4303 Christoaeeidit.
1156 4240 1258 4301 Semel
1279 4241 1329 4301 hie
1349 4240 1538 4321 oblatusest,
1554 4249 1586 4305 et
1605 4244 1639 4306 in

64 4328 112 4388 illis
123 4331 246 4407 virtute,
262 4334 304 4393 ab
323 4331 412 4392 omni
432 4329 616 4391 delictorum
635 4330 822 4392 conscientia
871 4340 1057 4414 perpetuum
1068 4332 1223 4394 sufficiens
1233 4332 1336 4395 fuitt.»

61 4424 175 4485 omnino
202 4426 424 4487 liberarentur.
454 4422 724 4489 Quemadmodum
747 4424 822 4503 quie
915 4427 1074 4500 Quocirca,
1091 4430 1126 4485 ut
1149 4423 1193 4485 ait
1215 4427 1390 4506 Apostolus,
1405 4428 1438 4487 in
1460 4427 1525 4488 istis
1544 4429 1640 4490 saeri-

91 4593 111 4633 a
127 4580 275 4635 Cuavmsr.
292 4578 369 4634 h'om.
386 4592 443 4633 ινιτ
458 4576 488 4632 in
503 4577 584 4647 epist.
595 4577 637 4632 ad
646 4577 733 4632 Hebr.
750 4593 819 4634 vers.
872 4577 924 4632 καθ’
939 4579 1041 4648 έκὰστην
1064 4579 1157 4651 ἡμέραν
1181 4580 1361 4651 προσεφέροντο
1384 4579 1408 4634 αί
1429 4580 1518 4636 θυσίαι.
1539 4583 1580 4635 ned
1593 4583 1641 4658 γὰρ

60 4660 98 4716 ίθ.
116 4661 209 4735 Ὠσπερ
220 4664 271 4735 γὰρ
287 4662 426 4734 φάρμακον,
442 4661 500 4713 ὅταν
514 4658 530 4733 ᾗ
548 4659 659 4733 ίσχορίιν,
674 4660 715 4713 καὶ
730 4660 823 4733 θγιείας
872 4658 933 4732 ἦσαν
949 4663 1092 4736 ὡρισμέναι,
1108 4663 1173 4716 ὥστε
1187 4662 1225 4715 del
1243 4663 1418 4735 προσφέρεσθαι
1441 4663 1501 4737 θπὲρ
1520 4671 1563 4718 roi
1577 4666 1640 4721 λαοῦ

60 4747 185 4812 ποιητικὸν,
209 4748 252 4798 καὶ
276 4744 380 4798 δυνατὸν
404 4746 484 4797 πᾶσαν
506 4742 643 4805 ἀπαλλάξαι
666 4744 709 4812 την
730 4746 821 4808 νόσον,
872 4745 976 4810 παντθς,
999 4746 1038 4799 καί
1055 4744 1079 4798 έν
1102 4744 1202 4817 έσπέρηι,
1221 4745 1262 4797 καλ
1278 4742 1302 4798 έν
1316 4745 1405 4818 ἡμέρᾳ.
1430 4748 1642 4822 θοστειιατηγορία

60 4826 115 4890 ἁπαξ
123 4827 227 4883 ἐπιτεθέν
242 4828 274 4881 το
285 4828 336 4881 πᾶν
350 4828 426 4882 ποιεῖ.
442 4827 525 4898 ὥσπερ
535 4822 577 4880 obv
593 4825 634 4879 έὰν
644 4827 706 4889 ἁπαξ
718 4827 821 4882 ἐπιτεθέν
874 4828 1067 4901 ἁμαρτημάτων,
1082 4828 1122 4881 καί
1135 4827 1163 4880 οὗ
1177 4828 1244 4890 λθσις
1258 4828 1439 4900 ἁμαρτημάτων
1453 4827 1483 4899 ἦν
1499 4831 1528 4885 rb
1542 4835 1642 4906 γινόμε-

60 4911 85 4961 τθ
96 4914 141 4963 πᾶν
161 4910 307 4984 ἐργάσηται,
322 4910 440 4963 δείκνυσιν
458 4908 532 4963 αθτοῦ
545 4909 588 4978 τὴν
604 4909 674 4983 ίσχὴν
686 4915 723 4982 τῷ
738 4912 823 4982 μηκέτι
872 4930 923 4968 νον,
934 4912 1069 4984 κατηγορία
1083 4911 1220 4980 ἁοθηνείας,
1235 4909 1279 4963 obn
1293 4909 1377 4984 ίσχθος
1396 4910 1515 4976 ἐπίδειξις.
1536 4913 1640 4984 Ἐπειδὴ

59 4988 204 5048 ἐπιτίθεσθαι·
222 4994 267 5047 καί
283 4998 358 5047 τοῦτο
373 4992 447 5046 αὐτοῦ
462 4991 526 5046 ἔστιν
543 4992 613 5066 ἔργον
627 4994 657 5046 τί)
671 4994 755 5066 μηκέτι
770 4992 821 5047 έπι-
873 4995 947 5067 ppt]
961 4997 1046 5068 πρώτη
1060 4994 1128 5049 οὐδέν
1142 4992 1239 5068 ἴσχυεν,
1256 4993 1272 5061 ἡ
1288 4995 1387 5066 δευτέρα
1400 4999 1583 5070 προσεφέρεται·
1599 5000 1641 5053 καί

59 5075 163 5130 τίθεσθαι.
187 5076 229 5131 ten
256 5075 285 5129 δὲ
311 5075 348 5128 del
372 5074 516 5147 έπιτιθῆται,
532 5077 607 5144 δῆλον
629 5078 666 5130 ὅτι
685 5080 729 5129 τοῦ
749 5078 822 5148 μηθέν
874 5076 955 5146 ἐπειδὴ
977 5078 1046 5132 οὐδέν
1073 5078 1132 5147 αὕτη
1145 5079 1226 5146 ἤνυεν,
1249 5077 1320 5150 ἑτέρα
1342 5079 1426 5135 πάλιν.
1450 5081 1514 5135 ὥστε
1537 5082 1641 5156 ἔλεγχος

60 5154 174 5231 inperium
196 5159 250 5214 έστί
273 5163 375 5231 σημεῖον
397 5161 542 5231 (φαρμάκου
564 5159 610 5232 γὰρ
629 5159 702 5231 ἁρετὴ
717 5160 747 5212 τὸ
761 5159 824 5222 ἁπαξ
874 5161 1055 5235 ἁμαρτημάτων
1076 5158 1123 5230 ἦν,
1142 5162 1171 5215 τί)
1193 5160 1236 5234 μέν
1257 5156 1301 5215 οθν
1325 5156 1519 5236 προσφέρεσθαι,
1538 5164 1641 5240 ἔλεγχος

60 5239 196 5310 ίπιτεθῆναι,
211 5245 255 5297 mi
279 5242 315 5315 μὴ
333 5244 468 5310 πολλάκις)
482 5244 547 5297 οθτω
566 5242 596 5310 δὴ
616 5245 656 5296 καί
672 5241 783 5297 ἐνταῦθα.
798 5244 823 5298 τί
874 5245 1067 5318 ἁμαρτημάτων.
1083 5246 1112 5298 τὸ
1130 5244 1156 5299 δέ
1180 5246 1217 5298 ἀεί
1238 5244 1340 5319 ἔλεγχος
1358 5245 1479 5309 ἀσθενείας
1485 5287 1493 5312 ,
1507 5246 1546 5301 έπλ
1558 5247 1584 5302 δέ
1597 5255 1641 5305 τοῦ

60 5324 142 5389 δήποτε
157 5327 205 5399 γὰρ
218 5328 274 5389 ταῖς
286 5324 371 5388 αὐτοῖς
382 5325 472 5388 θυσίαις
487 5327 524 5379 ἀεὶ
537 5327 726 5399 depressiorem
742 5325 763 5379 εἰ
775 5326 822 5399 γὰρ
874 5323 989 5401 ίίριστοῖι,
1008 5323 1159 5382 τούναντίον.
1180 5326 1242 5389 ἁπαξ
1262 5329 1426 5401 προσηνέχθη,
1441 5331 1483 5383 καί
1504 5330 1536 5393 εἰς
1549 5331 1578 5385 πθ
1602 5331 1641 5385 td

59 5409 149 5463 πάντων
158 5408 222 5477 ἦσαν
235 5408 425 5480 ἀπηλλαγμένοι
439 5415 489 5463 τῶν
508 5409 701 5481 ἁμαρτημάτων,
726 5408 769 5463 aba
790 5412 819 5463 ἂν
873 5412 968 5482 ἤρκεσε.

84 5550 361 5607 imma—2110).
375 5552 442 5606 1,ld.
