3956 6158
444 320 495 383 DE
515 314 820 393 iustissimus,
840 312 914 378 tm.
936 302 1003 386 itit,
1029 311 1115 381 CAP.
1135 312 1225 375 XIII.
1570 314 1630 381 tit

78 496 243 556 acimum
264 488 303 549 ab
324 487 386 551 illis
407 491 578 563 asseratur,
603 488 633 543 et
660 482 752 561 quale
776 480 811 541 in
859 476 966 538 licium
994 478 1175 559 appellatur.
1201 480 1364 560 Siquidem
1387 485 1418 542 et
1441 485 1632 543 sacramente

78 583 186 645 Ecclesia
198 580 338 642 catholica
351 597 406 658 per
421 579 486 639 dies
500 575 638 654 singulos
661 574 809 646 offertur,
861 570 967 630 omnia
976 589 1065 631 novae
1074 571 1163 650 legis,
1179 576 1211 633 et
1218 571 1355 650 ejusdem
1365 573 1522 651 singulare
1537 572 1630 632 sacri-

77 673 215 754 najudicii
225 691 257 735 ac
270 689 377 733 sensus
392 668 567 731 eommunis
586 684 695 747 expers
709 664 760 724 ille
775 664 813 724 sit
860 661 966 722 ficium
986 663 1095 742 etipsa
1109 663 1336 725 earnislnostrae
1355 665 1529 743 susceptio:
1547 682 1631 725 mors

77 772 184 847 oportet,
198 764 320 844 quinon
331 762 364 823 id
379 761 517 840 agnoseit
531 759 666 838 antiquis
681 757 741 818 illis
756 759 814 817 Pa·
861 754 994 833 denique
1020 755 1198 825 salvatoris,
1228 763 1258 817 et
1281 758 1398 836 passim
1423 776 1459 818 ao
1482 756 1633 837 quidquid

77 859 156 920 tubus
175 857 295 917 omnino
318 854 467 936 placuisse
486 871 575 915 noum
595 852 672 931 legis
698 851 811 912 sacrifi·
863 846 926 924 egit
948 847 981 907 in
1000 847 1076 924 vita,
1098 848 1252 929 dixitque3
1273 851 1312 910 ad
1335 868 1408 911 eum
1431 849 1528 910 finem
1552 850 1629 910 reie-

77 951 142 1011 cium
161 949 234 1009 istud
260 966 336 1023 esse,
360 947 394 1008 in
421 964 483 1029 qno
510 945 623 1007 Christi
651 961 763 1023 corpus
783 949 814 1009 et
863 939 1156 1014 runturuniversc
1181 940 1339 1019 quemad
1368 942 1468 1009 Titum
1498 941 1635 1006 scribens

77 1041 187 1117 unguis,
213 1041 246 1109 iu
273 1040 457 1103 memoriam
484 1038 634 1119 passionis
657 1036 754 1115 ipsius
781 1053 815 1095 sc
864 1033 1119 1092 commemoravit
1139 1034 1316 1112 Apostolus.
1334 1033 1631 1115 veridicisque,

76 1133 173 1208 morfia,
191 1151 227 1197 εχ
245 1132 383 1213 ejusdam
406 1136 561 1213 praeccpto
585 1129 722 1209 quotidie
737 1128 814 1189 cele·
865 1124 1049 1204 semetipsum
1070 1144 1127 1209 pro
1149 1124 1242 1201 aubis,
1274 1135 1308 1186 ut
1339 1146 1388 1187 uos
1413 1127 1571 1191 redimeret
1598 1130 1635 1191 ab

76 1225 263 1298 impunitum}
276 1227 310 1286 in
322 1225 464 1311 sequenti
477 1224 575 1302 capite
586 1221 817 1301 pleniusedhuc
866 1215 948 1275 omui
962 1215 1127 1296 iniquitate,
1149 1227 1175 1279 et
1185 1217 1342 1281 mundaret
1356 1219 1416 1281 sibi
1423 1221 1572 1302 populum
1586 1242 1634 1284 ac-

76 1318 221 1393 mnstabit3
247 1318 281 1378 in
309 1336 370 1397 quo
394 1318 575 1381 eorumdem
601 1315 728 1380 Petrum
756 1313 818 1379 alia
867 1307 1046 1389 captabilior,
1060 1316 1227 1371 sectatorem
1241 1311 1380 1377 docorum
1400 1318 1634 1395 oper·um;quod

38 1395 40 1399 ’
76 1410 404 1490 persuasissimum,
426 1428 497 1489 quae
516 1407 672 1482 universe,
688 1425 723 1467 ae
742 1405 819 1466 citra
868 1400 1000 1463 estillud
1015 1400 1054 1461 ab
1075 1402 1249 1481 Augustino
1263 1404 1428 1471 delinitum
1440 1407 1634 1471 sacrificium.

76 1499 818 1582 Propheticorumdietorummentionem,nostrum
868 1493 949 1569 Quin
971 1499 1001 1554 et
1022 1494 1104 1555 idem
1125 1498 1224 1575 capite
1250 1499 1469 1572 antecedente,
1496 1502 1573 1564 illud
1599 1524 1638 1567 ex

76 1593 135 1655 ‚pud
148 1594 326 1659 sacrificium
339 1598 515 1657 asseverans
525 1594 546 1655 *‚
869 1587 944 1646 Osee
954 1584 1086 1649 istoru:
1103 1587 1339 1649 Misericordiam
1354 1590 1444 1665 uolui,
1470 1599 1499 1655 et
1522 1616 1580 1657 sou
1592 1616 1638 1659 su-

868 1675 1027 1759 crificium.
1045 1679 1161 1752 Quibus
1172 1680 1273 1740 verbis
1287 1703 1298 1738 s
1313 1682 1393 1743 nibil
1406 1686 1502 1762 eliud,
1519 1689 1635 1767 inquit,

870 1787 965 1849 quam
979 1770 1126 1831 sacrificio
1142 1771 1325 1833 sacrificium
1339 1777 1503 1854 praelatum
1517 1788 1640 1858 oporiet

872 1862 1014 1938 intelligi,
1038 1863 1110 1941 quia
1124 1863 1201 1924 illud
1214 1866 1298 1944 quod
1313 1867 1352 1927 ab
1367 1869 1512 1932 omnibus
1532 1874 1638 1952 appel-

264 1990 455 2072 CAPUT,
482 1990 590 2071 xm
871 1954 955 2015 latur
968 1955 1164 2029 sacrificium,
1186 1957 1310 2035 siguum
1329 1966 1375 2020 est
1398 1963 1463 2029 veri
1486 1965 1636 2033 sacrificii,

596 2052 604 2069 ⁰
874 2047 969 2108 Porro
988 2054 1093 2109 autem
1106 2049 1316 2113 misericordia
1335 2070 1444 2113 verum
1455 2057 1640 2119 sacrificium

871 2144 927 2200 est.
956 2139 1075 2203 Talibus
1093 2142 1169 2203 euim
1192 2142 1349 2224 sacrificiis
1361 2144 1504 2225 placatur
1528 2147 1603 2213 Beue
1615 2148 1637 2211 ι.

774 2268 782 2283 ,
872 2233 1079 2310 Quacumque
1094 2233 1189 2311 igitur
1209 2234 1243 2293 in
1256 2235 1427 2299 ministerio
1450 2238 1640 2303 tabernaculi

75 2327 135 2388 Esse
145 2329 262 2415 aliquod
278 2329 371 2391 Nove
385 2328 459 2409 Lepi
470 2328 624 2409 peculiare
642 2327 822 2405 sucrificium
872 2324 935 2387 sive
948 2325 1067 2404 templi,
1084 2325 1188 2387 multis
1204 2328 1303 2389 modis
1316 2329 1516 2391 desacrificiis
1527 2332 1639 2414 legun-

107 2420 264 2483 institutum
295 2439 312 2479 a
336 2420 512 2489 Cleomenes
531 2420 620 2501 liujus
633 2422 771 2502 corporis,
789 2440 823 2484 ae
872 2424 924 2477 tur
943 2418 1090 2479 divinitus
1114 2438 1178 2480 esse
1205 2430 1369 2499 praecepta,
1386 2424 1427 2483 ad
1446 2423 1642 2490 dilectionem

105 2515 254 2594 nupsistis,
296 2513 446 2593 probatur
481 2513 615 2593 primum
654 2512 823 2577 Graecorum
873 2511 928 2571 Dei
941 2517 972 2571 et
983 2512 1116 2593 proximi
1131 2513 1369 2590 significandam
1391 2514 1580 2583 referuntur.
1603 2520 1643 2585 Ia

106 2604 221 2667 Petrum
236 2605 351 2667 selectis
360 2604 539 2673 testimoniis.
874 2602 920 2663 iis
930 2602 1008 2663 euim
1030 2601 1141 2663 duobus
1154 2606 1310 2686 preceptis
1323 2613 1386 2668 totu
1409 2608 1459 2669 lea
1470 2609 1591 2689 pendet,
1616 2619 1643 2675 et

636 2685 642 2697 '
873 2693 1055 2777 Proptetoet
1067 2717 1081 2753 u
1096 2697 1143 2772 Et,
1155 2697 1235 2775 quod
1250 2703 1321 2758 ante
1333 2698 1502 2777 scripserat.
1523 2704 1580 2769 clu
1594 2722 1643 2765 sa-

25 2814 39 2857 l
104 2789 125 2848 Ι.
145 2790 294 2855 Sacrificii
308 2790 496 2853 uocabulum
520 2788 615 2869 (quod
633 2789 667 2851 iu
688 2789 746 2853 bac
760 2796 825 2852 tota
874 2788 1008 2862 orificiis,
1026 2807 1096 2868 quac
1110 2788 1148 2853 ub
1163 2790 1298 2867 antiquis
1323 2791 1466 2852 Patribus
1480 2792 1558 2855 iacta
1572 2802 1645 2861 sunt

25 2877 51 2910 ¹¹
74 2878 260 2959 disputatione
288 2883 389 2962 primo
417 2883 485 2943 loco
513 2886 668 2957 notatum,
698 2888 728 2942 et
757 2885 824 2949 ani·
874 2878 908 2939 in
942 2880 1085 2954 victimis,
1111 2881 1191 2940 nihil
1218 2881 1301 2943 aliud
1327 2881 1563 2962 intelligendum
1587 2896 1642 2963 est,

25 2985 44 3016 s.
73 2972 251 3036 uuiversum
261 2993 329 3037 esse
338 2975 437 3056 debet)
449 2974 597 3035 latissima
605 2974 826 3053 significatione
875 2972 934 3035 nisi
948 2971 1041 3035 rebus
1055 2973 1114 3032 illis
1128 2990 1179 3032 aas
1192 2991 1241 3034 res
1252 2972 1345 3037 fuisse
1364 2974 1558 3054 significatas,
1573 2999 1645 3059 ques

73 3072 223 3144 usurpatur
246 3069 407 3133 interdum
437 3086 455 3128 a
484 3066 625 3129 Patribus
650 3086 706 3149 pro
740 3070 827 3131 omni
875 3070 1011 3143 aguntur
1024 3066 1058 3126 in
1072 3065 1209 3129 nobisad
1223 3066 1282 3129 hoe
1296 3072 1430 3141 tantum,
1447 3075 1483 3131 ιιι
1495 3070 1646 3141 iuberes,

72 3158 255 3237 operebono;
271 3161 357 3240 quod
368 3162 405 3221 ad
421 3161 478 3225 Dei
491 3160 609 3223 cultum
623 3161 765 3223 retertur.
784 3163 828 3225 Ex
876 3176 947 3218 mus
961 3159 1077 3232 Deo,et
1088 3158 1126 3218 ad
1140 3159 1285 3220 eumdem
1301 3159 1396 3223 finem
1411 3163 1551 3238 proximo
1564 3184 1643 3227 eon.

73 3265 124 3325 quo
145 3254 283 3314 manavit
304 3253 469 3331 Augustini
492 3252 654 3331 descriptio
673 3253 726 3315 illa
740 3255 829 3319 saeri-
877 3246 1025 3311 sulamus.
1054 3271 1069 3307 u
1093 3252 1136 3320 Ac
1159 3250 1289 3312 subinde
1303 3253 1345 3317 ita
1362 3253 1517 3315 deceruit:
1539 3278 1554 3314 ι
1584 3258 1645 3319 Sa·

72 3340 123 3401 licii
135 3344 164 3404 in
178 3346 258 3406 libro
273 3346 395 3407 decimo
409 3344 445 3407 de
465 3343 595 3407 Ciuitate
607 3344 662 3406 uei
683 3346 793 3406 tradita
804 3346 825 3409 ¹,
878 3342 1029 3406 crificium
1047 3361 1120 3421 ergo
1141 3343 1262 3404 visibile
1283 3345 1443 3409 invisibilis
1465 3365 1645 3413 sacremen-

75 3435 232 3499 uProinde
257 3456 371 3500 verum
403 3437 598 3508 sacrificium,
642 3437 755 3517 iuquit,
783 3444 830 3499 est
877 3441 957 3501 tum,
975 3435 1005 3495 id
1021 3441 1199 3496 estsacrum
1214 3436 1339 3513 siguum
1354 3445 1441 3499 estu

72 3544 151 3589 omne
164 3549 253 3615 opus,
276 3532 363 3611 quod
378 3531 479 3609 agitur
503 3536 540 3590 ut
562 3534 668 3591 saneta
688 3531 830 3593 societate
919 3528 961 3586 ΙΙ.
995 3528 1069 3601 Ouae
1103 3533 1258 3606 postrema
1293 3529 1386 3591 verbe
1420 3532 1644 3610 demonstrant,

72 3618 266 3687 inhereamus
283 3625 357 3699 Deo,
383 3623 515 3685 relatum
537 3621 651 3683 scilicet
672 3622 711 3682 ad
739 3622 829 3689 illum
879 3620 1142 3698 quemadmodum
1165 3621 1331 3699 Augustini
1356 3625 1516 3702 superiora
1530 3625 1646 3690 intelli-

71 3709 155 3775 iuem
172 3715 258 3793 boni,
275 3735 340 3796 quo
360 3714 510 3775 veraciter
533 3713 616 3773 beati
644 3732 708 3774 esse
724 3733 829 3792 possu-
879 3713 1649 3799 gandasimilla,quibuscerumsucrificiumappel·

70 3822 140 3873 mus.
164 3831 179 3866 s
208 3811 271 3875 Sed
297 3809 365 3873 baec
391 3806 530 3869 sacrificii
558 3806 645 3873 notio
668 3807 761 3873 nimis
786 3814 854 3889 est·
879 3805 955 3866 levit
969 3824 1047 3885 opus
1066 3805 1302 3876 omnebonum.
1319 3813 1350 3867 et
1363 3807 1539 3883 honestum,
1566 3812 1648 3890 quod

69 3901 180 3979 ampla;
196 3908 227 3964 et
241 3901 373 3985 proprie
387 3900 463 3963 dicti
475 3899 589 3960 limites
603 3900 732 3961 excedit.
752 3900 832 3963 Nam
880 3897 920 3957 ad
935 3898 988 3958 bai
1000 3900 1232 3965 venerationem
1243 3900 1384 3961 refertur.
1401 3902 1520 3982 Quippe
1535 3904 1650 3984 duplex

69 3997 96 4048 et
110 3994 390 4059 «misericordiam,
402 3990 588 4070 quahomini
602 3990 795 4071 subvenitur,
806 3992 832 4052 si
882 4007 946 4050 esse
961 3991 1145 4051 sacrificium
1160 3992 1368 4070 agnoscimus,
1386 3993 1511 4073 visibile,
1525 4002 1555 4056 et
1570 3996 1650 4059 iuui-

68 4091 182 4163 propter
211 4089 315 4149 Deum
346 4084 393 4161 fit,
421 4106 436 4143 u
464 4083 526 4144 tale
549 4101 613 4143 esse
648 4082 834 4147 sacrificium
881 4082 983 4158 sibiie;
998 4101 1132 4163 quorum
1147 4084 1233 4164 prius
1247 4087 1393 4145 exteriori
1407 4089 1602 4162 caeremonia,
1620 4097 1651 4154 et

68 4178 176 4240 asserit.
192 4180 262 4241 Imo
284 4177 485 4258 iipsehomo
504 4175 559 4239 Dei
574 4175 706 4248 nomini,
729 4193 835 4237 conse·
882 4174 1037 4237 oblatione
1064 4177 1260 4241 conaretur:
1288 4178 1439 4258 posterius
1465 4178 1577 4259 prioris
1605 4188 1651 4247 est

67 4275 167 4345 eratus,
179 4273 234 4350 ait,
251 4277 286 4333 et
299 4269 362 4335 Dec
375 4269 500 4345 deuotus,
511 4267 698 4345 inquantum
712 4268 830 4331 mundo
882 4262 1000 4329 tructus
1014 4273 1045 4329 et
1064 4269 1147 4333 finis.
1165 4269 1238 4331 Ideo
1253 4288 1361 4330 verum
1376 4271 1559 4332 sacrificium
1573 4274 1649 4334 dici-

68 4362 199 4439 nortun,
230 4370 269 4425 ut
293 4363 356 4425 Deo
384 4362 477 4437 visat,
509 4358 692 4421 sacrificium
724 4365 780 4419 est.
809 4380 825 4417 u
880 4364 951 4423 tur:
972 4360 1059 4438 quasi
1081 4362 1322 4443 primariorum
1348 4363 1435 4443 cujus
1452 4364 1549 4441 gratia
1573 4365 1651 4427 illud

66 4451 147 4521 Quod
169 4461 278 4517 autem
302 4472 381 4533 opus
404 4470 497 4514 omne
518 4452 649 4527 bonum,
665 4469 727 4529 quo
747 4451 830 4513 Deus
882 4459 928 4514 est
940 4451 1130 4515 institutum.
1158 4455 1427 4528 Quemadmodum
1453 4457 1591 4518 Christus
1612 4458 1651 4519 de

66 4544 178 4620 oliuu,
193 4567 300 4610 uerum
314 4545 496 4608 sacrificium
509 4542 661 4620 nominat,
682 4561 775 4604 nemo
789 4544 831 4604 sic
882 4561 914 4605 se
928 4544 992 4624 ipse
1007 4546 1098 4620 dieit3
1114 4547 1185 4631 Epo
1204 4567 1268 4608 sura
1288 4547 1353 4608 udis
1363 4545 1465 4625 ueru‘,
1476 4566 1541 4609 non
1567 4568 1652 4630 «per

65 4634 301 4718 intelligendum
328 4643 427 4719 putet,
455 4643 606 4715 tanquam
647 4653 747 4696 uerum
778 4634 828 4706 sit,
881 4638 1111 4716 proprietatem,
1128 4639 1181 4700 sed
1194 4658 1250 4720 per
1264 4640 1510 4718 similitudinem,
1529 4663 1545 4699 u
1559 4647 1595 4704 ut
1609 4642 1653 4705 ait

62 4733 175 4811 proprie
196 4733 314 4795 dictum
327 4750 337 4791 .·
352 4731 429 4809 quin
449 4730 554 4809 potius
571 4728 640 4789 ideo
665 4727 709 4788 sic
727 4727 831 4789 vocari
881 4727 1104 4805 Augustinus⁷3
1121 4732 1277 4809 quomodo
1293 4737 1323 4792 et
1347 4734 1430 4808 cleo,
1447 4732 1523 4807 osis,
1539 4752 1649 4812 agnus,

64 4824 179 4898 mutiat,
195 4824 285 4909 quod
295 4824 390 4902 hujus
403 4821 600 4902 potissimum
612 4819 711 4899 gratia
722 4819 831 4880 divini·
881 4827 980 4901 petra‚
994 4821 1074 4903 lapis
1100 4824 1267 4902 angularis,
1289 4829 1320 4885 et
1340 4830 1450 4891 cetera
1473 4825 1653 4905 hujusmodi

65 4918 110 4975 tus
130 4917 170 4977 sit
192 4917 377 4981 institutum
397 4914 467 4993 boc,
493 4914 576 4997 quod
593 4913 718 5003 proprie
740 4912 831 4973 saeri-
880 4919 1018 4992 vocatur,
1054 4933 1123 4995 quaa
1150 4918 1249 4996 magis
1284 4917 1350 4997 ipsa
1378 4923 1453 4981 sunt
1478 4936 1573 4994 vera,
1614 4937 1654 4981 ex

95 5122 103 5139 '
127 5121 250 5177 maius
274 5119 412 5173 vaticinium
435 5118 579 5187 singulariter
609 5118 733 5173 illustretur
762 5130 776 5169 a
802 5116 831 5168 P.
886 5119 915 5172 P.
927 5120 1169 5189 Sesdodiuepistolis
1179 5119 1267 5187 gallicis
1280 5120 1400 5174 Machenii
1412 5120 1533 5187 divulgatis
1546 5123 1654 5177 aduersus

65 5202 212 5259 Wiilenlroser
231 5201 320 5257 Sucroe
336 5200 469 5266 scripture
492 5199 642 5263 dopmutice,
668 5201 691 5248 et
715 5196 835 5262 polemici
887 5197 992 5250 Plotium
1000 5198 1158 5263 Tubiuganum
1172 5196 1345 5253 musitanam.
1441 5200 1446 5207 '
1485 5197 1512 5249 F.
1529 5199 1557 5250 u.
1577 5200 1604 5252 Ζ.

67 5283 189 5347 mauu
205 5285 275 5348 parts
289 5276 363 5345 prima
376 5281 431 5329 tam.
447 5272 544 5342 llseqq.
564 5288 589 5341 p.
616 5271 681 5324 totu
707 5285 772 5338 seqq.
786 5276 836 5323 eta

93 5456 104 5496 1
115 5454 201 5510 Aug]
211 5453 241 5498 de
253 5450 323 5499 cluit.
337 5459 384 5506 esp.
396 5458 427 5494 u.
439 5468 467 5482 -·
476 5446 492 5490 ‘l
502 5446 544 5491 tit.
554 5444 579 5496 ιι,
593 5444 628 5490 u.
639 5443 689 5488 -8
700 5444 747 5490 Ore.
763 5431 1261 5493 vua-tuus.n11.-auurc.nu,m.
1275 5431 1395 5477 -ttcau
1406 5443 1441 5475 xv.
1453 5454 1481 5464 -
1492 5432 1504 5475 i
1514 5431 1585 5476 Trici.
1597 5444 1658 5487 sus,

70 5522 94 5573 pt
104 5517 167 5562 Μ
