3936 6146
311 313 371 375 364
810 324 1140 389 rumnoulconurt
1161 324 1392 388 DOGMATUM.

312 479 401 541 lasse.
429 501 445 539 u
474 483 573 557 Quam
600 486 692 548 inisse
719 490 874 551 Theodori
906 490 1079 553 Pharanitae
1130 491 1209 571 ipso,
1231 497 1267 552 ut
1285 508 1355 575 quae
1376 491 1530 553 naturalia
1551 496 1642 553 erant
1668 491 1735 552 sine
1760 498 1884 573 peccato,

313 573 530 637 Monotheletae
545 581 743 657 sententiam,
756 582 789 643 iu
808 583 1006 644 Lateruneusi
1028 603 1079 663 sy·
1131 602 1202 645 caro
1227 588 1395 664 pateretur,
1420 603 1489 665 quae
1517 585 1556 646 aar
1583 585 1764 665 patiendum
1785 591 1887 646 natura

315 665 397 725 nodo
413 667 564 730 Martinus
584 673 703 751 primus
713 674 911 737 testatusest¹
929 694 936 735 :
954 676 1081 756 ejusque
1130 682 1203 755 apta
1217 682 1376 749 natuerat,
1392 684 1450 739 etc.
1476 679 1546 739 Non
1560 679 1646 739 enim
1660 696 1699 738 ex
1711 676 1825 738 unione
1836 678 1886 738 ha-

315 756 410 818 rerba
436 758 553 822 ibidem
577 764 693 841 Latine,
712 769 818 829 Graece
841 786 915 829 vcro
938 768 972 829 in
995 774 1081 830 sexta
1130 768 1198 829 buit
1220 787 1285 829 non
1311 770 1387 848 pati,
1403 770 1457 830 sed
1485 789 1523 830 cx
1544 770 1705 831 voluntate
1723 769 1811 843 uniti,
1837 770 1888 831 lroc

315 851 434 929 synodo
447 855 640 918 recitantur².
1131 867 1317 940 opportune,
1333 867 1364 922 et
1381 862 1418 923 ad
1433 862 1571 942 aliquam
1596 862 1761 923 utilitatem
1785 860 1887 941 guber-

176 968 261 1013 fflnffi
355 943 413 1004 III.
436 945 582 1010 Leontius
591 951 779 1030 Byzantinus
791 951 966 1029 eruditus³,
981 959 1013 1014 et
1025 971 1080 1013 an·
1133 954 1245 1027 nantis,
1262 973 1297 1015 ac
1311 955 1512 1034 disponentis.
1531 977 1546 1013 o
1563 957 1673 1035 Itaque
1685 956 1712 1016 si
1722 960 1889 1017 naturasua
1963 974 1964 987 ¹

144 1025 291 1121 bimi*
315 1033 421 1113 tiquus
436 1038 597 1114 theologus
609 1044 643 1102 in
658 1043 737 1105 libro
760 1046 895 1106 secundo
908 1045 946 1106 de
969 1045 1080 1122 tribus,
1133 1064 1203 1107 earo
1210 1047 1360 1126 passionis
1373 1065 1483 1128 expers
1491 1048 1610 1120 fuisset,
1617 1048 1777 1109 latendum
1786 1048 1890 1109 horum
1963 1084 1964 1123 ι

159 1130 284 1238 ⁰l,¹,',¹,{,⁰„}‘f¹¹¹
316 1144 393 1279 qqos
407 1135 514 1283 οοιιίῐίιε
525 1134 743 1214 Eutychianos,
760 1144 791 1199 et
804 1139 1001 1199 Nestoriauos
1021 1138 1083 1198 edi·
1133 1145 1211 1199 esset
1225 1139 1357 1201 alterum
1373 1158 1380 1199 ε
1396 1140 1532 1201 relnihil
1545 1140 1888 1219 omninopassamesse3

151 1239 278 1281 uonrrnltca·
405 1240 461 1281 [108
992 1230 998 1243 ’
1460 1234 1466 1246 ”
1641 1234 1648 1246 ’
1790 1254 1797 1266 ·
1883 1234 1889 1245 ”
1963 1230 1964 1237 ’

146 1291 291 1390 agripp
316 1239 433 1391 otii
465 1228 1082 1400 tmhitlinibituiti
1133 1232 1222 1403 titi
1236 1231 1890 1406 iudithhitli.titii

315 1403 690 1488 catholicequesentirent,
698 1414 848 1476 incorum
856 1421 960 1476 tamen
968 1417 1081 1494 dogma
1136 1417 1180 1476 lta
1194 1417 1351 1479 Leontius.
1376 1418 1434 1491 Qui
1459 1424 1490 1479 et
1507 1425 1633 1498 postea,
1668 1435 1830 1479 «carnem
1840 1420 1890 1479 llo-

315 1496 450 1577 prolapsi
477 1500 609 1580 fuerant,
626 1524 704 1585 quos
723 1525 761 1568 es
783 1508 983 1588 Eutychianis
997 1507 1081 1590 Aph-
1134 1510 1224 1583 mini,
1240 1509 1384 1571 similiter
1398 1528 1434 1571 ae
1451 1510 1642 1590 reliquorum
1659 1511 1825 1572 hominum
1837 1528 1892 1571 cor

317 1588 527 1655 thertodoeetas
549 1598 712 1672 vocabant,
732 1602 814 1681 quod
843 1600 960 1663 Christi
977 1620 1082 1684 corpus
1135 1609 1266 1680 pora,ut
1279 1608 1436 1664 mortuam
1444 1604 1570 1674 essetis
1584 1602 1741 1683 eorrumpi
1749 1603 1888 1683 potuisse

315 1689 629 1750 anteresurreetionem
642 1691 969 1773 incorruptibilesque
984 1694 1082 1773 jactu·
1135 1693 1287 1770 declarat;
1304 1712 1368 1754 non
1385 1701 1488 1756 tamen
1506 1695 1598 1756 fuisse
1622 1702 1811 1775 corruptam,
1830 1712 1892 1755 con·

315 1782 397 1838 rent.
416 1779 533 1841 Horum
546 1800 656 1858 unum,
665 1784 721 1863 qui
731 1802 804 1845 cum
813 1786 986 1865 dialogismi
997 1804 1084 1847 more
1134 1791 1275 1847 servante
1288 1786 1386 1865 ipsam
1401 1789 1538 1867 potentia
1550 1788 1730 1849 diuinitatis.
1963 1858 1964 1867 .

315 1868 528 1948 disputantem
547 1891 579 1934 se
601 1874 685 1952 lecit,
698 1876 742 1936 ita
765 1892 854 1938 snam
878 1878 1084 1958 explicantem
1174 1879 1255 1938 Tum
1282 1878 1402 1941 erudite
1426 1880 1537 1960 probat
1560 1880 1654 1956 idem,
1684 1881 1741 1942 etsi
1761 1899 1893 1941 nonnun-
1963 1952 1964 1957 γ

314 1962 495 2038 opinionem
520 1965 639 2027 inducit
670 1987 676 2028 :
711 1991 726 2027 c
761 1970 948 2048 impassibile
973 1977 1085 2032 natura
1135 1987 1230 2048 quam
1256 1988 1348 2050 supra
1376 1972 1586 2033 conditionem
1610 1990 1701 2033 suam
1730 1978 1833 2034 evecta
1853 1977 1893 2031 est
1963 1960 1964 1995 l

315 2072 427 2135 corpus
440 2058 554 2119 Christi
566 2059 682 2121 factum
696 2079 778 2138 esse;
795 2063 847 2123 sed
874 2064 992 2125 unione
1012 2083 1084 2126 cum
1134 2061 1311 2123 humanitas
1341 2063 1472 2138 Christi;
1516 2065 1559 2125 ita
1589 2080 1626 2125 un
1659 2064 1893 2126 extraordinaria
1963 2118 1964 2121 ,

314 2146 427 2212 Verbo.
443 2170 460 2207 ι)
496 2151 614 2232 Quippe
646 2155 758 2233 «quod
771 2156 810 2215 ad
825 2155 959 2235 primam
977 2160 1086 2218 attinet
1135 2154 1289 2232 quaedam,
1305 2160 1337 2215 et
1359 2155 1555 2217 mortalitatis
1584 2157 1686 2217 soluta
1708 2156 1828 2233 legibus
1848 2175 1892 2216 ex·
1963 2140 1964 2211 ἷ

314 2247 434 2302 naturae
447 2245 709 2322 constitutionem,
718 2252 749 2307 et
762 2247 924 2328 principia,
944 2256 1083 2311 exmatre
1134 2253 1222 2326 perta
1235 2246 1346 2324 fuerit;
1360 2266 1424 2309 non
1438 2254 1602 2328 propterea
1611 2253 1717 2309 tamen
1729 2249 1791 2309 troc
1799 2248 1893 2309 lnbitn

315 2332 382 2408 Dei,
398 2339 429 2394 et
442 2353 548 2398 sorore
557 2340 841 2401 nostrasecundum
851 2346 1084 2421 naturamque
1137 2339 1329 2400 metiendum
1343 2341 1608 2402 naturalemillins
1622 2345 1748 2413 statum,
1758 2340 1893 2420 quamdiu
1963 2358 1964 2419 ,

315 2442 441 2487 omnem
454 2430 674 2508 proprietatem
694 2432 826 2493 humani
841 2435 978 2513 corporis
992 2436 1084 2514 parti-
1134 2430 1210 2491 vixit
1221 2432 1255 2491 in
1283 2432 1383 2492 terris.
1403 2432 1498 2493 oLex
1511 2433 1595 2494 enim
1619 2441 1741 2495 neturae
1769 2451 1831 2493 non
1855 2437 1894 2492 est
1963 2500 1964 2511 χ

314 2517 439 2596 cipavit,
468 2545 483 2574 ι
508 2527 611 2582 ortum
642 2523 797 2585 habuisse.
826 2526 967 2605 Cumque
987 2526 1084 2606 aliqui
1135 2524 1219 2603 quod
1238 2542 1344 2584 rurum
1372 2529 1428 2598 est,
1454 2525 1508 2585 sed
1535 2525 1620 2604 qu⁰d
1646 2543 1779 2606 semper,
1796 2525 1842 2586 tel
1863 2536 1893 2584 ¹¹¹
1963 2536 1964 2545 ’

314 2628 354 2671 ex
368 2612 475 2672 eudem
487 2619 579 2687 secta,
593 2615 688 2676 etiam
702 2638 718 2674 c
732 2617 869 2692 Virginis
888 2637 1000 2698 corpus
1014 2638 1085 2680 mu·
1133 2616 1307 2695 plurimum
1335 2617 1481 2689 cernitur,
1503 2623 1534 2678 θῑ
1560 2626 1732 2696 permanet·
1756 2619 1892 2680 Domissffl
1963 2592 1964 2639 ³

314 2709 424 2781 tatum,
439 2711 497 2766 eta
513 2707 766 2786 proprianatura,
784 2709 899 2771 virtute
907 2711 1083 2773 Verbiolie-
1134 2713 1240 2769 autem
1253 2714 1359 2769 noster
1370 2709 1442 2769 totis
1457 2709 1585 2789 triginta
1593 2710 1694 2771 tribus
1706 2713 1796 2773 annis
1805 2711 1893 2772 nobis-

314 2805 425 2860 uatum
439 2815 504 2859 esse
517 2799 675 2876 dicerent;
692 2822 708 2858 a
725 2802 808 2862 haud
824 2820 857 2863 se
871 2803 931 2863 illis
944 2804 1085 2865 assentiri
1138 2819 1208 2862 cum
1229 2801 1401 2862 secundum
1413 2819 1539 2863 caruem
1553 2808 1693 2863 versatus
1714 2822 1780 2864 non
1793 2803 1892 2864 abbor-
1963 2820 1964 2875 t

314 2891 377 2967 ait;
392 2910 449 2953 nec
463 2891 560 2954 ullam
574 2899 694 2954 naturae
704 2896 910 2957 mutationem
918 2896 1084 2976 inVirgiue
1136 2893 1233 2955 re'ndo
1268 2892 1332 2953 ullo
1361 2894 1455 2953 modo
1485 2912 1504 2954 a
1538 2901 1644 2955 nostra
1671 2896 1891 2971 consuetudine,
1963 2880 1964 2907 ¹

246 3020 249 3025 >
314 3002 379 3045 essa
393 2984 644 3047 laetemllerum
658 2986 701 3047 sic
710 2988 749 3048 dc
762 3006 854 3049 carne
862 2989 975 3049 Christi
998 2990 1082 3065 dicit,
1136 2985 1366 3047 humanitatem
1398 2985 1562 3045 honorarit
1595 2986 1675 3064 cibo,
1705 2993 1738 3048 et
1761 2992 1844 3064 potu,
1868 2994 1894 3048 et
1963 2978 1964 3013 ³

314 3077 407 3137 simul
434 3083 526 3157 utque
553 3085 702 3158 concepta
725 3081 825 3141 estin
852 3081 959 3141 matris
981 3088 1080 3157 utero,
1136 3094 1246 3138 somno
1260 3082 1361 3150 utens,
1379 3078 1485 3138 etalia
1498 3079 1605 3139 omnia.
1620 3079 1802 3141 naturaliter
1815 3080 1892 3141 adlri·

315 3170 419 3230 statim
444 3170 676 3251 incorruptione
703 3173 850 3233 donatam
878 3192 952 3235 csse.
974 3175 1082 3248 cQuo·
1135 3170 1224 3246 bens,
1241 3187 1311 3249 quus
1325 3170 1487 3231 veritatem
1499 3171 1616 3250 sumpti
1628 3173 1766 3252 corporis
1779 3172 1893 3234 demon-

316 3262 410 3325 modo
424 3262 509 3323 enim
523 3262 588 3324 lieri
603 3269 735 3343 poterat,
751 3270 787 3324 nt
800 3272 945 3326 naturam
959 3284 1086 3347 corrup·
1136 3263 1330 3324 atrabantzet
1344 3262 1494 3323 miracula
1506 3281 1572 3323 non
1581 3264 1668 3344 prius
1680 3283 1772 3344 quam
1784 3266 1893 3344 triginta
1963 3330 1964 3341 χ

315 3356 436 3418 tihilem
449 3375 514 3417 non
528 3357 696 3437 deponeret
710 3358 794 3436 quod
804 3357 907 3418 Verbo
917 3358 1085 3420 immortali
1135 3373 1234 3416 annos
1247 3360 1339 3415 natus
1347 3354 1446 3416 facere
1457 3356 1583 3435 erepit.»
1594 3358 1713 3436 tlepost
1725 3358 1758 3417 id
1772 3362 1891 3436 tempus,
1963 3346 1964 3425 l

316 3450 442 3511 unitum
454 3448 539 3511 erat?
556 3471 567 3507 ι
586 3448 735 3524 Quocirca
748 3450 923 3510 naturalem
937 3451 1084 3512 humanae
1135 3466 1234 3528 usqne
1247 3448 1286 3509 ad
1297 3452 1440 3517 mortem,
1456 3465 1513 3525 pro
1527 3465 1602 3508 vero
1616 3466 1648 3509 se
1662 3449 1789 3509 homine
1799 3448 1890 3528 gessit
1963 3486 1964 3489 =

317 3542 428 3604 Christi
442 3552 563 3603 naturae
576 3547 692 3603 statum
714 3541 867 3621 ejusmodi
879 3544 972 3604 luisse
984 3544 1083 3620 docet,
1136 3557 1340 3620 quecumque
1355 3539 1481 3619 propriu
1496 3545 1570 3600 sunt
1588 3544 1666 3616 ejus,
1685 3546 1718 3601 et
1732 3540 1893 3602 communis

317 3641 353 3695 ut
366 3652 424 3697 nec
438 3635 501 3714 pati
510 3634 683 3714 quippiam,
696 3652 754 3696 nec
760 3635 858 3695 emori
869 3644 971 3714 posset
982 3655 989 3696 :
1001 3636 1085 3715 qnod
1135 3632 1324 3694 infirmitatis
1333 3649 1398 3711 prae
1413 3649 1445 3692 se
1458 3630 1572 3693 terens.
1587 3633 1728 3713 Denique
1737 3631 1892 3694 cmii-acula
1963 3606 1964 3689 i

318 3732 424 3787 autem
438 3744 525 3805 passa
539 3727 589 3802 sit,
603 3743 640 3786 ac
653 3732 799 3802 mortua;
815 3726 964 3787 miraculo
978 3728 1010 3788 id
1025 3728 1085 3787 im·
1136 3725 1252 3798 divina,
1267 3729 1299 3784 et
1312 3741 1425 3785 arcana
1436 3742 1507 3802 quoe
1520 3723 1664 3802 faciebat,
1680 3730 1764 3786 notoe
1779 3731 1809 3786 et
1820 3723 1891 3785 indi·
1963 3732 1965 3779 t

319 3823 419 3896 putat.
449 3818 587 3896 Denique
611 3818 673 3879 tale
699 3836 811 3897 corpus
844 3818 985 3881 habuisse
1014 3838 1086 3881 cnm
1135 3817 1183 3878 cia
1196 3816 1366 3877 divinitatis
1387 3820 1477 3876 erant
1493 3835 1500 3877 :
1517 3816 1675 3895 passiones
1687 3835 1775 3894 vero,
1789 3822 1818 3878 et
1829 3821 1891 3876 ante

319 3910 446 3986 viveret,
474 3910 564 3990 quale
592 3909 625 3970 in
652 3911 770 3971 Adamo
793 3912 958 3974 innocente
985 3913 1086 3975 adhuc
1135 3913 1375 3988 eaaooneeptus,
1390 3913 1421 3968 et
1446 3914 1564 3988 partus,
1580 3914 1611 3969 et
1632 3907 1750 3986 fasciis,
1764 3915 1892 3970 elucere·
1963 3924 1964 3985 ξ

319 4002 446 4063 exstitit.
473 4002 618 4083 «Atqui,
644 4002 747 4082 inquit
774 4004 937 4064 haereticus
968 4004 1031 4079 ille,
1057 4010 1088 4065 et
1137 4002 1299 4077 tioaetatis,
1315 4006 1346 4062 et
1361 4002 1600 4077 caeteraomnia,
1616 4019 1687 4081 quae
1707 4002 1890 4080 legonaum

318 4112 419 4155 novus
431 4095 529 4156 Adam
542 4101 668 4156 vocatus
682 4101 726 4157 est
748 4096 907 4157 [lominus.
926 4097 1087 4170 Quomodo
1138 4094 1218 4155 eirea
1230 4111 1341 4172 corpus
1353 4091 1507 4171 ejustacta
1519 4098 1603 4166 sunt,
1614 4110 1725 4154 verum
1735 4093 1889 4165 hominen,

319 4193 424 4249 autem
439 4188 481 4249 sic
498 4196 672 4261 vocaretur,
691 4187 752 4249 nisi
770 4207 882 4268 corpus
902 4188 1087 4268 Protoplasti
1138 4190 1295 4246 etnostrre
1318 4183 1500 4245 substantie
1511 4201 1576 4245 esse
1589 4184 1871 4246 demonstrabant.»

319 4280 462 4342 tulisset?
490 4280 735 4359 incorruptibilis
760 4287 865 4342 autem
889 4287 956 4341 erat
978 4283 1086 4341 Proto·
1178 4279 1216 4338 V.
1232 4278 1293 4339 Sed
1309 4276 1452 4337 necillud
1466 4276 1687 4355 ignorandum,
1702 4277 1891 4339 tacendumne
1910 4287 1948 4331 nn

320 4373 448 4454 plastus,
477 4380 645 4453 antequam
668 4379 818 4454 peccaret.
848 4374 1087 4453 incorruptibile
1137 4368 1892 4447 estatteeticnumisturum,sire,utvoeant,pmsio

320 4465 416 4545 igitur
429 4464 489 4526 fuit
515 4467 609 4527 etiam
632 4484 741 4544 corpus
760 4466 883 4527 Domini
902 4466 1088 4546 :Siquidem
1138 4460 1890 4541 numiumessespecieseuauamenimmturr·
1918 4454 1953 4500 θ’

321 4558 389 4619 sine
401 4564 525 4638 penato
538 4560 744 4639 perseverarit
756 4577 890 4638 semper.
908 4581 924 4617 n
1137 4556 1183 4618 les
1192 4562 1275 4631 sunt,
1285 4560 1316 4616 et
1326 4553 1394 4615 vitii
1404 4557 1557 4633 expertem
1575 4561 1611 4616 ut
1623 4555 1810 4627 snntfames,
1821 4553 1888 4624 sitin

362 4652 413 4713 lV.
435 4651 554 4714 Verum
566 4653 722 4714 catholice
744 4652 816 4713 fidei
829 4652 936 4731 regula
953 4651 1089 4712 huioad·
1138 4647 1298 4722 lassitudo,
1319 4650 1350 4707 et
1377 4652 1496 4707 caetera
1513 4665 1521 4707 :
1538 4645 1609 4707 aliae
1634 4647 1756 4708 macula
1772 4643 1891 4726 quadam
1954 4656 1958 4661 ·

154 4717 297 4826 {illidii}
322 4753 462 4806 versatur
475 4746 584 4807 errori.
602 4746 770 4811 Haeccnim
783 4750 972 4824 amirmptam
986 4744 1088 4804 homi·
1139 4739 1339 4820 turpitudinis
1364 4738 1504 4812 intectoe3
1529 4742 1566 4798 ut
1588 4743 1634 4801 est
1655 4735 1892 4819 concupiscente

156 4825 287 4923 ''gffllffi‘
324 4838 404 4899 nise
424 4839 528 4899 Verbo
552 4838 767 4911 substantiam,
786 4855 842 4917 per
864 4855 908 4913 se,
923 4853 957 4897 ac
977 4841 1091 4897 natura
1141 4833 1280 4908 morbus,
1296 4837 1410 4910 etque
1430 4831 1554 4911 proprie
1568 4831 1743 4910 passionum
1755 4826 1891 4891 vocabulo

324 4949 380 4991 sua
407 4931 589 5011 corruptele
615 4930 782 4992 obnoxiam
807 4930 901 4990 fuisse
928 4929 1032 5003 tradit,
1055 4945 1092 4989 ac
1140 4929 1315 4986 censentur.
1343 4923 1443 4985 Latini
1467 4922 1592 5000 morbos,
1618 4943 1654 4985 ac
1678 4920 1891 5005 periet-mione
1963 4986 1964 4999 ἶ

325 5024 387 5104 pati
402 5024 549 5103 potuisse.
566 5024 653 5097 Quod
667 5030 771 5084 autem
783 5021 948 5102 aliquando
959 5021 1092 5100 propriae
1142 5016 1241 5079 animi
1254 5022 1375 5088 vocant,
1394 5015 1489 5077 Graeci
1500 5025 1576 5092 πάθη,
1591 5018 1716 5096 generis
1728 5015 1845 5077 nomme
1855 5009 1891 5071 ad

326 5116 398 5191 ittae,
412 5134 448 5177 ac
461 5117 619 5176 naturales
640 5115 816 5177 affectiones
838 5114 993 5194 impeditae
1007 5118 1090 5190 sunt,
1142 5110 1328 5171 deteriorem
1341 5108 1422 5169 hanc
1440 5108 1673 5187 significandam
1687 5109 1811 5189 speciem
1823 5121 1890 5165 con·
1963 5130 1964 5197 j

325 5209 384 5270 hoc
410 5209 513 5289 ipsum
535 5209 639 5269 divina
668 5210 783 5270 uirtute
808 5207 913 5284 Verbi,
944 5225 1002 5268 nec
1026 5206 1092 5268 sine
1141 5208 1249 5263 tracto.
1266 5203 1309 5263 lle
1332 5219 1395 5281 qua
1416 5200 1579 5281 posteriori
1600 5208 1668 5280 post
1685 5217 1812 5281 agemus,
1826 5211 1890 5258 cum
1963 5204 1964 5255 ἶ

325 5301 475 5364 miraculo
494 5319 559 5363 esse
579 5300 705 5362 factum.
723 5323 736 5359 ι
763 5300 961 5362 Permittente
980 5298 1094 5360 scilicet
1142 5295 1181 5357 de
1194 5295 1306 5355 Christi
1317 5300 1499 5374 ἀναμαρτησιᾳ,
1514 5293 1547 5355 id
1560 5298 1607 5355 est
1619 5291 1799 5375 impeccantia
1807 5290 1891 5352 disse

354 5511 365 5551 1
377 5507 473 5554 moeni..
485 5507 535 5550 -t
545 5506 593 5551 let.
603 5514 686 5549 run·
697 5505 711 5549 a
724 5503 785 5549 lom.
798 5501 833 5555 lv,
844 5502 899 5547 mit.
