3956 6158
484 361 534 422 nh
554 362 855 440 succensemus,
878 363 952 427 LIB.
976 367 1044 446 Xll,
1067 370 1151 432 chr.
1175 367 1258 428 Vlli.

85 530 124 585 est
136 523 307 605 propitiatio
318 542 375 605 pro
389 527 519 606 pcccatis
533 530 655 591 nostris.
670 530 839 591 Cumcnim

85 621 214 677 natumm
230 623 378 692 nostram,
395 639 490 699 qnam
508 629 697 701 assumptam
715 623 749 682 iu
763 623 839 682 dox-

85 717 142 770 tera
153 708 247 770 Patris
261 711 440 774 collocutum
451 715 639 776 ostendendo
652 715 736 775 Patri
744 715 840 775 ineos

85 801 208 863 sabiliter
233 802 423 880 manifestam
452 807 620 886 propitium
648 825 721 868 eum
749 807 839 867 nobis

85 896 236 954 advocatus
248 903 365 973 noster,
379 898 467 976 quasi
479 897 717 979 interpellando,
736 898 838 974 elficit,

86 991 112 1046 et
121 984 331 1064 benignum.»

120 1079 169 1140 lv.
190 1080 356 1158 Gregorius
382 1082 456 1144 item
483 1084 692 1146 Nazianzenus
719 1083 841 1163 plenius

86 1171 217 1233 eumdem
230 1172 335 1233 locum
356 1174 489 1236 declarat
511 1182 543 1237 et
556 1177 772 1237 haeretieorum
789 1176 840 1236 iti-

86 1263 147 1323 dem
172 1264 396 1326 cavillationem
421 1266 533 1328 diluit:
548 1268 601 1346 qui
623 1268 695 1328 iude
719 1286 840 1348 pugna-

86 1357 161 1429 bant,
175 1357 330 1419 minorem
344 1358 433 1420 Patre
446 1376 511 1420 esse
527 1361 652 1435 Filium;
668 1366 699 1421 et
712 1362 745 1420 in
760 1360 840 1421 ordi·

86 1467 149 1510 nem
160 1449 357 1528 redigebant3
369 1458 406 1511 ut
414 1469 501 1512 mero
513 1458 655 1513 creatura
670 1453 839 1513 videretur.

87 1542 129 1603 Sia
142 1542 222 1603 enim
236 1543 345 1603 scribit
360 1564 367 1604 ε
387 1545 541 1605 «Nonum
562 1545 645 1605 istud
660 1545 816 1623 proferent
831 1564 838 1605 :

88 1632 196 1712 Semper
208 1635 309 1696 vinens
322 1633 362 1696 ud
374 1634 615 1716 interpellandum
634 1655 692 1715 pro
708 1636 792 1697 aridis
804 1635 811 1670 ¹
831 1657 838 1697 :

86 1727 194 1806 Optime
202 1746 322 1789 sanese
337 1746 486 1807 perquam
504 1730 838 1807 mystiee‚etlrumane.

88 1819 234 1898 Siquidem
244 1819 453 1899 interpellare,
469 1839 534 1881 non
549 1828 584 1882 ut
602 1823 739 1901 uulgaris
760 1841 838 1883 con·

87 1911 204 1971 suetudo
217 1911 288 1987 lert,
310 1912 392 1972 idcm
407 1918 452 1973 cst
464 1919 557 1992 atque
571 1914 721 1975 ultionem
735 1920 841 1995 postu·

88 2002 151 2063 lare.
179 2003 243 2063 Hoc.
278 2004 365 2065 enim
393 2005 496 2065 nescio
530 2006 687 2084 quomodo
715 2008 842 2086 shjeetae

88 2093 256 2155 humilitatis
266 2101 346 2156 esset
359 2116 365 2155 :
377 2098 430 2157 sed
441 2103 484 2158 est
492 2098 663 2177 supplicare
671 2117 727 2177 pro
739 2099 841 2168 nobis,

88 2185 193 2247 rstioae
206 2187 403 2249 mediationis
415 2208 422 2264 ;
446 2190 709 2268 quemadmodum
729 2197 759 2251 et
773 2191 841 2269 Spi-

88 2279 154 2338 ritus
166 2298 220 2359 pro
234 2280 326 2340 nobis
338 2280 532 2360 interpellare
546 2281 843 2345 distensionem

89 2369 165 2439 ileon
174 2391 245 2433 cinus
257 2380 301 2433 est
309 2372 448 2433 mediator
454 2372 510 2435 Dei
522 2372 844 2437 ethomioumhornode·

89 2462 379 2526 indesinentium
392 2471 422 2525 et
435 2484 518 2526 nune
532 2468 845 2546 quoquedeprecatur

89 2558 844 2639 tanquamhomopromcasalute;quandoquidem

90 2667 150 2709 isam
160 2668 194 2710 eo
206 2657 397 2730 corporecst,
413 2651 783 2731 quodassumpsit3donee
794 2672 844 2714 mo

93 2741 691 2823 ltcumfaciatvihumanitatisassumptae:
703 2745 845 2823 quamvis

91 2852 144 2894 uon
157 2837 287 2916 amplius
300 2836 471 2897 secundam
486 2854 611 2896 earnem
625 2844 842 2915 eognoscatnr;

91 2927 843 3008 nempeseeundumcarnisaffeetiones,etnostras,

92 3019 155 3079 citra
167 3027 337 3097 peceatum.
354 3021 470 3082 Eodem
489 3021 581 3082 modu
606 3025 638 3081 et
659 3021 845 3084 advocatum

93 3111 226 3175 habemus
239 3116 349 3175 desum
368 3132 433 3175 non
447 3118 484 3175 ut
496 3120 603 3174 nostre
621 3132 713 3174 caiisa
728 3132 792 3176 sese
807 3116 846 3177 ad

92 3204 202 3265 Patrem
216 3205 424 3285 abjicientem,
440 3225 475 3267 ao
498 3212 745 3286 prosternentem
759 3225 846 3269 more

93 3296 207 3360 sert'ili'.
237 3299 350 3359 Procul
384 3299 423 3359 sit
459 3299 578 3359 servilis
609 3299 666 3359 istu
701 3301 844 3378 suspicio,

93 3394 118 3448 ut
129 3388 248 3468 indigna
266 3391 391 3469 spiritu.
409 3392 478 3451 Non
488 3391 572 3451 enlm
581 3392 703 3451 Patrem
713 3392 800 3452 dccet
813 3392 845 3452 id

93 3498 251 3560 exposcere,
267 3502 329 3544 nee
342 3486 403 3563 pati
425 3483 548 3558 Filium,
571 3501 673 3562 neque
686 3485 774 3561 pium
787 3490 843 3557 est,

93 3580 118 3633 ct
128 3592 245 3654 equum
257 3574 445 3654 telesliquid
453 3576 491 3636 de
499 3578 561 3636 lieo
573 3578 717 3653 cogitare.
729 3576 847 3636 Verum

93 3665 133 3741 iis,
146 3686 212 3746 quie
224 3674 376 3747 tanquam
388 3668 484 3728 homo
498 3685 605 3747 passus
623 3672 679 3744 est,
694 3668 777 3728 Patri
791 3686 846 3729 suo

93 3760 241 3834 persuadet
273 3768 310 3821 ut
339 3760 491 3838 patienter
525 3758 635 3819 toleret
665 3779 671 3819 :
696 3764 845 3839 tanquam

93 3849 226 3927 Verbum,
242 3860 273 3914 et
296 3853 437 3912 hortator
454 3871 461 3912 ε
478 3851 520 3912 siu
540 3869 597 3930 ego
614 3851 846 3913 advocationem

93 3940 162 4003 hane
184 3946 434 4024 interpretor-m
457 3945 530 4004 Haeo
552 3948 718 4022 postrema,
734 3943 847 4022 quibus

94 4034 231 4098 Christum
241 4039 284 4096 sit
297 4036 382 4114 apud
395 4032 519 4095 Patrem
528 4035 845 4115 suumdepreeatoris,

94 4132 119 4184 ct
142 4127 345 4191 intercessoris
368 4134 469 4207 partes
491 4127 588 4199 obire,
604 4133 756 4205 quatenus
775 4146 845 4207 pcr-

94 4219 188 4280 snodet
200 4227 234 4281 ut
247 4223 400 4300 patienter
410 4221 575 4280 hominum
588 4225 711 4298 petente
724 4220 844 4291 toleret,

94 4327 123 4369 ae
134 4310 309 4388 dissimulet,
326 4311 458 4373 Jacohus
473 4311 578 4372 Billius
600 4310 739 4372 eruditus
752 4313 848 4373 lntcr·

95 4417 154 4480 pres
165 4404 250 4467 aliter
270 4405 398 4485 aceepit,
415 4410 445 4465 et
458 4404 497 4466 ad
513 4404 657 4467 homines
670 4405 752 4487 ipsos
765 4412 847 4466 retu·

123 4607 280 4665 astttrts.
297 4613 366 4664 orat.
385 4623 476 4664 xxxvl.
501 4606 621 4662 Ἐννάτον
642 4605 720 4662 άκιῖνο
741 4609 846 4679 φήσουσι

1598 362 1658 422 539

889 532 936 608 ίίί,
951 552 1030 611 quos
1044 535 1083 594 ad
1096 534 1293 596 tolerantiam
1308 532 1455 593 inducere
1469 531 1594 592 hortatu
1602 544 1657 587 suo

890 625 1048 686 Christum
1067 627 1232 688 existimat.
1253 627 1312 687 Sed
1326 626 1430 687 minus
1444 624 1555 702 opinor
1574 626 1656 700 apte.

891 716 960 777 Non
987 720 1072 779 euim
1101 720 1161 781 hoe
1193 738 1284 781 sensu
1317 722 1457 779 constare
1482 718 1582 794 potest
1604 710 1658 772 illa

891 809 1005 870 Christi
1014 820 1140 890 epictiti,
1157 830 1219 892 qua
1233 812 1299 872 sine
1312 808 1407 870 dubio
1420 807 1504 887 apud
1523 807 1655 876 Patrem,
1708 827 1802 884 apuu.

890 919 955 961 non
987 902 1070 981 spud
1096 906 1256 978 homines,
1283 903 1435 978 iungitur,
1464 917 1499 959 ca
1526 898 1656 972 ratlone,

890 1011 984 1072 quam
998 994 1042 1056 ihi
1059 997 1225 1074 Gregorius
1238 996 1363 1056 indicat:

931 1086 968 1145 V.
991 1086 1057 1149 lloe
1073 1087 1140 1148 loco
1166 1106 1230 1147 non
1253 1085 1432 1166 poenitende
1450 1081 1540 1143 nohis
1558 1080 1659 1140 oritur
1703 1112 1807 1163 0„,„„,

891 1179 1034 1256 qttaesii03
1050 1166 1120 1257 quin
1134 1181 1172 1241 stt
1182 1188 1309 1261 πρεσδείας
1322 1179 1414 1254 illiue,
1431 1182 1461 1237 ei
1470 1183 1656 1254 παρακλήσεως,
1682 1164 1829 1264 ffiffguffl'g',

893 1271 956 1331 sive
990 1270 1201 1348 advocationis,
1235 1272 1313 1334 ratio
1346 1291 1354 1332 ε
1382 1272 1442 1331 hoe
1478 1274 1522 1329 est
1551 1270 1659 1326 utrum
1724 1272 1788 1317 ricto.

892 1361 1030 1424 Christus
1053 1363 1182 1437 orendo,
1205 1382 1240 1424 ae
1262 1362 1473 1444 supplicando,
1492 1374 1659 1441 precesque

890 1454 1060 1529 derodendo,
1085 1456 1273 1534 mediatoris,
1289 1463 1320 1517 et
1334 1454 1484 1528 adrorati,
1501 1452 1550 1513 vel
1564 1453 1659 1511 inter·

892 1547 1048 1625 pellatoris
1058 1554 1160 1627 partes
1174 1549 1309 1628 impleat.
1336 1549 1405 1608 Non
1420 1548 1504 1607 enlm
1524 1544 1605 1605 idem
1621 1541 1659 1601 de

892 1656 929 1699 eo
943 1657 1050 1700 sensns
1060 1646 1106 1717 est
1118 1641 1334 1720 theologorum
1343 1639 1496 1700 omnium.

933 1732 975 1792 Ae
998 1732 1126 1792 damin
1149 1751 1241 1793 carne
1264 1732 1388 1792 mortali
1415 1731 1541 1801 vireret,
1557 1744 1659 1788 orasse
1685 1751 1784 1796 ciriacus
1807 1752 1830 1796 η,

893 1823 1060 1899 Christum,
1080 1842 1173 1885 nemo
1187 1824 1377 1885 Christianus
1394 1821 1525 1883 inficiari
1548 1825 1657 1900 potest.
1686 1817 1831 1913 {tfffiffifi

893 1916 958 1976 Hoc
973 1918 1057 1976 enim
1078 1922 1184 1995 aperte
1199 1916 1367 1995 Scriptnrae
1390 1914 1574 1995 praedieent3
1590 1928 1660 1990 quaa
1712 1912 1790 1957 omn

894 2014 925 2068 et
948 2010 1029 2069 istud
1056 2009 1179 2083 docent,
1194 2028 1259 2069 nou
1282 2009 1384 2068 solum
1409 2024 1465 2086 pro
1492 2004 1593 2078 nobis,
1608 2003 1661 2063 sed

894 2100 988 2160 etiam
999 2119 1055 2179 pro
1065 2102 1229 2179 semetipso
1242 2100 1332 2160 illum
1341 2117 1454 2160 orasse.
1477 2099 1661 2175 Quanquam

895 2192 1040 2252 Paulinus
1053 2191 1261 2271 Aquileiensis
1281 2193 1314 2252 in
1338 2191 1417 2251 llhro
1440 2190 1541 2270 primo
1559 2195 1662 2249 contra

894 2282 1021 2344 Felicem
1034 2283 1250 2365 Urpelitnonm,
1261 2284 1383 2345 videtur
1392 2283 1661 2357 existimasse‚non

894 2393 1003 2455 prose,
1020 2377 1072 2436 sed
1084 2395 1142 2455 pro
1157 2376 1246 2436 nobis
1265 2394 1366 2436 orasse
1379 2375 1545 2436 Christum.
1568 2373 1659 2433 uNon

895 2464 1084 2547 sihi,'inquit
1096 2466 1119 2540 ί,
1139 2487 1197 2529 nec
1209 2487 1267 2548 pro
1289 2486 1321 2529 se
1340 2468 1467 2542 orabat,
1483 2468 1568 2546 qnia,
1584 2464 1663 2525 siout

894 2562 1007 2638 saepius
1020 2567 1065 2621 est
1076 2561 1268 2631 intimatum,
1282 2578 1348 2621 non
1362 2567 1407 2620 est
1421 2559 1478 2619 sibi
1494 2564 1595 2624 natus,
1604 2574 1663 2617 nea

894 2670 996 2731 prose
1010 2670 1129 2731 passus,
1145 2652 1196 2713 vel
1214 2658 1374 2725 mortuus;
1391 2651 1444 2711 sed
1469 2668 1526 2729 pro
1545 2650 1616 2726 illis,
1630 2649 1662 2709 id

895 2744 1098 2806 estmembris
1108 2744 1171 2805 suis
1182 2744 1304 2819 orabat,
1319 2762 1375 2823 pro
1385 2743 1500 2821 quihus
1511 2743 1579 2803 nec
1597 2760 1663 2802 om-

894 2838 947 2897 nia
960 2837 1134 2897 voluntaria
1155 2837 1343 2912 dignatione,
1362 2834 1570 2912 altissimaque
1591 2851 1661 2913 per-

896 2928 967 2989 tulit
980 2933 1139 3008 potestate.
1161 2948 1177 2985 n
1202 2928 1246 2988 Aa
1263 2934 1367 3006 postea
1390 2926 1500 2986 eodem
1523 2926 1556 2985 in
1569 2925 1661 3001 libro,

894 3022 961 3082 haee
988 3020 1124 3100 Apostoli
1149 3018 1246 3083 verba
1269 3018 1386 3097 profert
1402 3037 1409 3078 ε
1425 3017 1483 3093 (lui
1509 3017 1542 3077 io
1564 3015 1665 3081 diebus

895 3113 994 3175 cornis
1016 3131 1079 3174 nuce
1096 3130 1207 3191 preces,
1232 3110 1514 3192 supplicationesque
1528 3108 1568 3169 ud
1585 3128 1661 3184 eum,

896 3205 950 3287 qui
960 3206 1051 3285 possit
1067 3203 1155 3265 illum
1173 3203 1285 3265 salsura
1313 3203 1422 3283 sarcre,
1447 3221 1513 3263 caro
1539 3200 1664 3263 chemate

897 3297 1009 3375 ualido,
1024 3304 1052 3358 et
1067 3297 1207 3379 lucrymis
1229 3296 1361 3376 offerent,
1378 3293 1535 3356 exauditus
1546 3301 1588 3354 est
1608 3312 1664 3375 pru

896 3410 949 3452 sun
964 3390 1127 3451 reverentia
1141 3388 1164 3449 ⁸.
1183 3410 1199 3447 n
1216 3391 1296 3449 Tum
1311 3389 1368 3448 ista
1382 3388 1517 3449 subterit
1532 3384 1543 3419 ⁸
1560 3406 1567 3446 ε
1592 3407 1607 3444 ι
1628 3388 1665 3447 Εί

896 3485 1047 3562 quianon
1061 3482 1129 3555 sihi,
1146 3499 1246 3561 neque
1259 3500 1316 3560 pro
1330 3499 1374 3557 se,
1387 3481 1440 3541 sed
1458 3480 1538 3540 sieut
1548 3479 1664 3558 praelati

896 3593 1014 3651 sumus,
1026 3574 1126 3650 nobis,
1141 3581 1172 3634 et
1186 3574 1343 3653 pronubis
1356 3573 1465 3646 oravit,
1481 3590 1537 3652 pro
1552 3572 1666 3652 quihus

896 3669 991 3741 nasei,
1010 3666 1084 3747 pati,
1096 3672 1127 3727 et
1141 3667 1221 3727 mori
1228 3667 1373 3745 dignatus
1386 3672 1441 3740 est,
1453 3687 1469 3725 u
1484 3670 1542 3727 ete.

937 3760 1053 3820 Verum
1067 3777 1132 3819 non
1151 3764 1196 3819 est
1221 3758 1439 3833 dubitandum,
1455 3759 1532 3837 quin
1558 3776 1614 3837 pro
1633 3776 1665 3819 se

897 3852 1036 3913 Christus
1050 3851 1195 3923 oraverit,
1219 3869 1291 3912 snm
1310 3851 1406 3911 homa
1420 3852 1501 3911 inter
1520 3851 1665 3913 homiues

897 3944 1034 4005 mortalis
1046 3944 1148 4005 adhue
1157 3945 1284 4005 viveret.
1297 3943 1475 4021 ldqueedeo
1486 3943 1666 4005 Paulilocus

896 4037 948 4097 ille
963 4038 1027 4116 ipse
1041 4036 1223 4097 confirmet:
1238 4037 1271 4095 in
1285 4053 1347 4114 qao
1358 4053 1464 4114 preces
1474 4034 1665 4096 ludisseeum

895 4128 1040 4208 lacrymis
1062 4129 1176 4189 dieitur
1204 4128 1244 4187 ad
1269 4128 1412 4188 Patrem:
1430 4128 1514 4205 quod
1539 4127 1665 4206 quidem

896 4221 1161 4298 chrysostomus,
1189 4219 1415 4295 Theodoretus,
1440 4218 1555 4298 aliique
1580 4218 1663 4279 rele-

896 4320 970 4374 ruut
984 4314 1023 4373 ad
1035 4312 1207 4374 orationem
1215 4312 1312 4389 illam,
1325 4317 1525 4391 quamortsm
1534 4311 1665 4372 inhorto

897 4405 1078 4482 deprecatus
1096 4410 1151 4467 cst.

897 4608 942 4671 ίιος
956 4610 986 4662 dr
1006 4606 1048 4680 tpt
1064 4610 1155 4680 ποιήση
1175 4607 1239 4671 dedu,
1259 4611 1290 4681 τῇ
1304 4607 1404 4679 δυνάμει
1420 4611 1464 4676 τῆς
1477 4606 1663 4679 ἀνθρωπίσκοις.

95 4688 127 4757 τὀ,
139 4691 238 4747 πάντοτε
247 4695 297 4756 ζῶν
315 4691 347 4755 νίς
359 4689 550 4763 τδίντνγχάνειν
560 4690 708 4764 ίνπὲρὴμῶν.
720 4685 755 4744 Et
769 4692 847 4763 γεκαὶ
894 4690 939 4743 κάν
955 4692 1039 4763 μηκίτι
1053 4690 1116 4745 κατά
1139 4691 1217 4763 σάρκα
1239 4691 1402 4762 γινώσκηται,
1427 4690 1459 4743 τά
1479 4689 1581 4762 σαρκικὰ
1598 4691 1665 4762 λόγον

94 4769 140 4826 λίαν
157 4782 273 4846 μυστικῶς
296 4795 332 4843 τι,
354 4776 394 4828 καί
415 4774 600 4847 φιλανθρώπως.
623 4774 652 4828 τὶν
665 4774 713 4847 γάρ
728 4773 846 4848 ίντνγχά-

895 4775 969 4843 πάδη,
989 4774 1029 4827 καί
1049 4775 1125 4846 χωρίς
1143 4778 1187 4842 τῆς
1212 4773 1332 4846 ἁμαρτίας
1354 4774 1468 4846 ἡμέτερα.
1494 4774 1559 4828 οῦτοι
1576 4773 1602 4827 δὲ
1624 4775 1666 4828 καί

94 4870 144 4920 aris,
158 4856 202 4932 οὔχ
214 4859 271 4927 diei
287 4864 337 4913 τῶν
349 4859 451 4911 πολλῶν
466 4857 579 4924 συνήθεια
590 4857 619 4911 τ“ο
626 4861 708 4926 ζητεῖν
725 4856 845 4925 ἐκδίκησιν
894 4859 1051 4929 παράκλητον
1063 4857 1154 4930 ἔχομεν
1180 4855 1290 4925 Ἰησοῦν,
1306 4856 1355 4929 οὐχ
1366 4856 1398 4921 ὡς
1411 4856 1471 4929 ὑπὲρ
1490 4856 1562 4929 ἡμῶν
1574 4875 1666 4929 προκα-

95 4934 147 5010 ips.
160 4948 230 4996 τοῦτο
244 4942 350 5015 γάρπῶς
360 4942 401 4995 καί
410 4942 594 5008 ταπεινότητος
603 4940 667 4994 άλλά
675 4940 846 5012 τδπρεαδεῦειν
894 4942 1052 5012 λινδοῦμενον
1073 4946 1117 4994 τοῦ
1138 4941 1244 5013 πατρὸς,
1268 4939 1308 4993 καλ
1328 4940 1514 5012 προσπίπτοντα
1534 4941 1664 5004 δουλικῶς·

94 5018 144 5093 help
156 5021 232 5096 ημῶν,
255 5030 290 5100 τῷ
304 5025 373 5099 λόγῳ
387 5028 430 5093 τῆς
446 5024 575 5096 μεσιτείας,
595 5024 629 5086 ὡς
649 5022 690 5076 καί
703 5022 732 5076 rh
749 5028 846 5095 πνεῦμα
895 5022 974 5096 ἄπαγε
985 5022 1029 5092 την
1044 5024 1133 5094 δούλην
1148 5023 1224 5087 ὄντως
1237 5022 1364 5089 ὓπόνοιαν,
1374 5023 1414 5076 καί
1429 5022 1525 5086 ἀναξίαν
1535 5033 1578 5077 τοῦ
1592 5023 1664 5078 πνεῦ·

95 5099 144 5176 {trip
156 5105 222 5178 ἡμῶν
246 5108 399 5182 ἐντυγχάνειν
423 5108 530 5180 λέγεται.
557 5099 592 5170 είς
605 5105 652 5178 γάρ
667 5106 727 5177 θεὸς,
753 5099 787 5168 είς
805 5106 846 5159 καί

897 5126 982 5178 ματος.
1000 5104 1054 5160 οὔτε
1069 5105 1116 5179 γάρ
1129 5111 1173 5160 τοῦ
1194 5106 1286 5179 πατρδς
1301 5101 1375 5161 τοῦτο
1397 5104 1528 5176 ἐπιζητεῖν,
1548 5106 1602 5160 οὔτε
1620 5112 1664 5161 τοῦ

97 5189 182 5257 μεσίτης
194 5192 258 5258 θεοῦ,
272 5194 313 5245 καί
324 5192 467 5263 ἀνθρώπων,
479 5189 604 5261 ἅνθρωπος
622 5188 721 5256 Ἰησοῦς
731 5190 844 5260 Χριστός.
894 5189 947 5242 υίοῦ
961 5190 1064 5262 πάσχειν
1087 5192 1102 5258 η
1123 5190 1157 5254 ὡς
1180 5189 1234 5263 περὶ
1249 5192 1303 5245 θεοῦ
1319 5192 1466 5244 διανοεῖσθαι
1480 5191 1584 5244 δίκαιον.
1607 5190 1665 5244 ἀλλ’

96 5272 205 5337 sputos
221 5274 268 5346 γάρ
288 5274 324 5329 ἔτι
340 5276 382 5328 καί
400 5277 441 5326 νῦν
456 5274 489 5336 ὡς
509 5273 644 5346 άνδρωπος,
658 5271 718 5344 ῦπίρ
732 5276 776 5339 τῆς
788 5270 847 5343 ίρης

96 5356 211 5425 σωτηρίας,
229 5359 267 5411 δτι
288 5357 349 5429 μετά
362 5362 405 5411 τοῦ
422 5358 537 5429 σώματός
552 5354 626 5421 ἔστιν,
643 5349 672 5409 oi
686 5354 845 5427 προσίλαδνν,

896 5266 944 5334 οἷς,
958 5274 1076 5326 πίπονθιν
1088 5273 1122 5335 ὡς
1138 5273 1275 5346 ἅνθρωπος,
1294 5274 1370 5328 πείθει
1386 5277 1509 5347 καρτερεῖν
1528 5275 1561 5337 ὣς
1578 5275 1663 5346 λόγος,

896 5357 934 5407 καί
948 5356 1102 5428 παραινέτης.
1119 5361 1193 5410 τοῦτο
1207 5358 1301 5411 νοείταί
1316 5377 1357 5429 μοι
1370 5357 1554 5429 ὴποράσιλησις.

127 5525 191 5575 tuo.
202 5542 239 5577 νιν.
250 5533 319 5577 -il
336 5534 368 5577 ri.
380 5544 403 5579 n.
416 5556 444 5568 -
453 5534 486 5579 dl
505 5535 584 5579 Ιοακιν.
601 5543 626 5579 ιν.
638 5554 666 5565 -
681 5531 791 5575 dicullo.
812 5529 872 5575 inter
886 5542 953 5586 spara
968 5532 1118 5579 dictatur-h
1128 5534 1179 5579 liet.
1188 5544 1210 5586 ν,
1220 5532 1286 5579 7.·-6
1297 5532 1386 5579 Pontia.
1399 5533 1414 5578 l.
1427 5533 1436 5578 l
1448 5537 1527 5579 oestro
1538 5534 1584 5579 Μ.
