4104 6160
590 297 640 359 DE
659 299 967 379 INCARNATIONE,
987 304 1059 365 LIB.
1081 305 1135 381 Vl,
1165 304 1247 366 GAP.
1270 305 1350 366 Xlll.
1727 296 1767 358 75

177 453 335 525 mmmm,
348 460 456 518 contra
466 459 567 538 operis
578 463 661 524 illius
671 465 827 545 cyrilliani
837 473 951 529 statum
1000 469 1090 530 illum
1110 469 1255 530 humana
1273 476 1393 531 naturae
1411 468 1541 543 tribuit;
1556 484 1591 531 ao
1609 466 1674 526 Deo
1690 464 1768 525 dun·

179 545 354 647 prescribit
369 567 377 607 :
390 555 425 609 ut
435 551 545 612 decan
556 558 599 615 ris
611 560 803 636 argumentis
814 561 952 639 ejusdem
1001 567 1085 622 taxat
1103 568 1241 635 eatenus,
1264 563 1347 642 quod
1370 581 1440 642 quae
1466 579 1529 621 suae
1553 558 1656 619 carnis
1679 560 1769 617 erant

179 635 337 712 sigillatim
348 643 539 705 mentionem
552 650 746 718 nontaciam,
761 670 831 731 quae
844 652 953 714 leviter
1001 655 1137 734 propria,
1163 662 1310 734 tanquam
1332 674 1388 715 sua
1408 655 1542 733 recepit:
1572 668 1667 730 quam
1695 668 1765 728 pro·

178 730 392 809 Pffiffiflsseffi
407 737 479 795 ⁸³1ss
493 738 589 799 habui
599 742 623 801 *·
1001 747 1167 824 prietatem
1181 748 1434 808 communionem
1442 745 1617 816 nominant,
1633 742 1680 801 cui
1695 747 1767 801 sunt

50 839 135 901 bibl·
219 821 485 905 l⁷1·Qu⁸nquam
511 829 697 911 illa,quam
720 842 862 897 causatur
883 838 950 913 iste,
1002 844 1286 917 consentaneaque
1299 833 1764 899 inlihroThesaurorumdoeuit.

39 894 150 1008 Quibi-
179 910 363 987 divffillffl,
395 936 430 978 Εὐ
455 927 661 1003 repugnantia
694 928 728 987 in
761 931 951 1008 exponendis
1001 931 1120 991 Verum
1132 930 1164 990 id
1174 949 1273 991 unum
1285 937 1380 1002 cavet,
1393 929 1436 990 uti
1449 927 1608 989 consuevit
1620 925 1765 1005 cyrillus,

33 1008 144 1107 ὦχ’
180 1003 364 1108 scripturis,
380 1012 466 1073 nulla
487 1024 533 1075 est
555 1035 661 1078 revera
685 1019 722 1080 iis
742 1022 867 1099 quidem
881 1042 951 1102 quae
1001 1041 1040 1083 ne
1050 1022 1215 1102 profectum
1236 1025 1342 1093 istum,
1367 1030 1402 1082 ut
1422 1028 1453 1082 et
1466 1026 1590 1081 caeteras
1605 1017 1765 1078 imbecilli-

38 1108 147 1161 ἐνίοισιν.
178 1100 287 1158 citavit
300 1101 335 1160 in
350 1102 434 1166 locis.
454 1107 513 1167 Sed
528 1110 593 1170 sola
607 1111 770 1172 nebulonis
783 1114 870 1174 istius
883 1116 950 1176 hal·
1000 1120 1079 1175 tates
1091 1116 1191 1176 carnis
1203 1117 1352 1194 proprias,
1369 1116 1413 1175 sio
1431 1113 1622 1191 assignemus
1633 1108 1764 1182 homini,

179 1188 330 1292 lucinatio
349 1195 455 1258 fucum
471 1200 511 1260 iis
523 1201 664 1273 obduxit.
682 1205 870 1285 inanemque
882 1226 950 1287 spe·
1001 1212 1149 1285 tanquam
1169 1208 1277 1281 diviso,
1302 1226 1338 1268 ac
1361 1213 1521 1286 separato:
1544 1210 1578 1264 ut
1596 1221 1613 1262 a
1629 1203 1691 1262 lleo
1711 1219 1765 1280 pe-

177 1300 272 1357 crem,
284 1304 384 1364 ‘luam
397 1297 501 1367 aperta
511 1294 726 1357 veritatistuce
740 1298 949 1360 discutiemus.
1000 1299 1083 1360 nitus
1097 1301 1322 1378 abjudicemus:
1335 1298 1598 1379 quemadmodum
1611 1294 1767 1355 Nestorius

177 1376 336 1453 cyrillum
351 1382 396 1441 ait
409 1383 442 1442 in
455 1387 634 1459 assertione,
651 1391 702 1455 vel
723 1390 802 1451 libro
824 1392 952 1453 Thesau-
1001 1393 1196 1470 opinabatur.
1214 1393 1306 1468 lllud,
1328 1393 1468 1472 inquam,
1489 1390 1603 1450 sentire
1622 1387 1681 1447 hoo
1697 1387 1766 1446 loco

176 1487 280 1528 rorum
299 1473 447 1550 xvvttt,
464 1478 531 1540 haec
541 1479 656 1541 habere
669 1503 677 1557 ;
691 1484 790 1543 iCum
803 1484 951 1562 proficere
1002 1485 1154 1563 cyrillum
1168 1486 1293 1545 evidens
1312 1490 1376 1559 est3
1392 1503 1427 1544 ac
1441 1484 1519 1543 mire
1538 1486 1722 1540 oooaeeatum
1737 1484 1768 1540 et

176 1562 293 1621 dicitur
309 1564 412 1637 lesus,
440 1587 503 1629 non
527 1574 678 1651 sapientia
700 1576 734 1634 in
755 1593 783 1636 se
801 1577 948 1654 prolecit3
999 1578 1198 1636 temerarium
1219 1584 1422 1656 Anonymum
1447 1575 1558 1645 fuisse,
1586 1572 1640 1650 qui
1667 1589 1705 1632 ex
1730 1589 1767 1631 eo

176 1672 238 1732 qua
249 1657 406 1732 sapientia
419 1668 484 1734 est;
500 1664 553 1723 sed
567 1664 787 1726 humanitasin
802 1669 951 1747 sapientia
1004 1667 1163 1729 Thesauros
1185 1688 1250 1729 non
1273 1688 1337 1729 esso
1366 1668 1474 1747 Cyrilli
1500 1665 1632 1746 probare
1653 1664 1761 1736 voluit,

176 1747 327 1826 profecit;
359 1752 507 1829 paulatim
532 1774 589 1833 per
615 1758 714 1836 ipsam
738 1759 949 1838 resplendens,
1000 1762 1083 1839 quod
1107 1762 1260 1821 contraria
1283 1762 1424 1821 doctrina
1448 1764 1527 1819 essct
1540 1759 1650 1818 horum
1666 1756 1764 1828 alteri,

177 1848 270 1919 atque
292 1855 511 1921 appaream.»
538 1850 618 1908 Cum
641 1850 699 1910 hac
721 1855 873 1914 sententia
896 1875 951 1934 pu·
1000 1872 1095 1931 quam
1118 1854 1150 1913 in
1174 1852 1302 1914 homilia
1325 1852 1463 1913 Pasa-hali
1481 1850 1617 1910 tradidit.
1643 1849 1717 1922 Quat
1741 1847 1767 1907 si

176 1950 274 2010 gnare
294 1934 468 2014 dicitquod
487 1941 621 2018 Cyrillus
635 1943 668 2001 in
685 1944 814 2005 homilia
832 1947 951 2007 decima
999 1946 1111 2004 idonea
1125 1946 1188 2005 risa
1209 1952 1254 2005 est
1272 1946 1315 2006 illi
1330 1947 1421 2017 ratio,
1442 1943 1588 2024 prolecto,
1612 1958 1685 2001 eum
1699 1939 1765 2019 jam

177 2026 332 2103 ⁵⁰P¹l¹11³2
367 2046 481 2108 nempe
513 2031 672 2105 paschali,
702 2037 857 2114 prodidit;
885 2058 950 2098 non
1000 2038 1140 2098 eamdem
1163 2038 1327 2117 utrobique
1354 2056 1419 2097 esse
1446 2034 1604 2105 didicerit,
1633 2031 1767 2092 mutabit

177 2125 324 2194 oportere
339 2118 452 2195 dicere,
470 2124 639 2200 profectum
653 2127 742 2187 illum
757 2129 795 2189 de
812 2131 951 2191 humana
1000 2131 1195 2200 sententiam,
1217 2137 1247 2189 ct
1270 2131 1362 2190 unius
1382 2146 1460 2207 opus
1481 2132 1648 2204 utrumque
1669 2123 1765 2201 scrip·

176 2208 310 2288 intelligi
320 2217 445 2273 natura.
460 2216 575 2277 Verum
586 2218 678 2278 nimis
689 2221 814 2293 cursim,
827 2240 861 2281 oo
875 2242 950 2301 prae·
999 2222 1076 2282 toris
1089 2240 1153 2282 esse
1168 2241 1231 2282 non
1244 2222 1407 2282 dubitabit.

175 2319 311 2380 propere
335 2305 444 2383 Cyrilli
468 2310 668 2387 posteriorem
691 2311 775 2372 huno
798 2315 951 2391 percurrit
1039 2316 1111 2374 VII.
1128 2315 1259 2389 Rrusus,
1284 2336 1300 2371 c
1318 2314 1502 2384 assertione,
1530 2309 1640 2389 inquit.
1668 2307 1765 2369 unde-
1808 2348 1917 2399 aninmo

175 2391 294 2467 locum,
315 2404 371 2455 aut
384 2403 499 2459 temere
515 2401 555 2459 ab
568 2401 628 2461 alio
644 2402 701 2462 sibi
719 2410 861 2466 notatum
875 2407 951 2466 ani-
1000 2407 1094 2481 eima,
1110 2413 1273 2486 postquam
1285 2406 1435 2486 posuisset
1448 2406 1478 2465 in
1495 2403 1608 2464 divinis
1621 2407 1764 2461 naturam
1790 2400 1938 2499 ffigrdffig

178 2487 242 2564 puit
278 2492 478 2569 Anonymus.
516 2494 594 2553 Nam
629 2495 765 2574 profecto
798 2498 882 2558 idem
916 2499 949 2558 in
998 2505 1210 2577 generantem,
1224 2498 1565 2576 etnaturamgenitam,
1580 2494 1646 2554 haeo
1660 2493 1762 2553 addit:

175 2579 312 2656 paschali
336 2581 393 2640 ista
412 2583 554 2655 homilia,
576 2587 630 2663 qui
650 2587 683 2647 in
708 2588 850 2649 Thesauri
870 2590 950 2652 libro
1000 2591 1160 2670 Scriptura
1181 2591 1289 2651 tribuit
1315 2591 1399 2652 Patri
1422 2589 1504 2669 quod
1532 2587 1631 2665 major
1655 2586 1705 2661 sit,
1730 2590 1766 2644 ut

176 2670 322 2741 xxvtss,
340 2691 448 2733 sensus
463 2683 509 2735 est
526 2677 598 2738 dicti
612 2680 696 2740 illius
706 2681 898 2759 Evangeliei:
915 2689 950 2743 ut
999 2683 1164 2761 gignentis.
1180 2690 1210 2744 et
1219 2703 1258 2744 ex
1267 2702 1304 2744 eo
1313 2684 1408 2762 geniti
1419 2682 1550 2742 dualitas
1563 2677 1763 2757 significetur.

177 2780 215 2823 ex
232 2764 310 2843 ipsis
330 2765 468 2827 homiliae
483 2768 585 2829 verbis
603 2773 777 2847 constabit3
793 2793 863 2853 quae
877 2784 949 2836 sunt
999 2777 1088 2849 Quod
1115 2777 1207 2855 paulo
1237 2777 1365 2837 inferius
1391 2775 1521 2853 explicat
1553 2771 1603 2832 his
1633 2769 1762 2830 verbis:

176 2856 379 2933 hujusmodi:
403 2885 416 2912 ι
432 2861 537 2940 Neque
553 2882 625 2923 rero
639 2883 745 2925 rursus
765 2867 843 2927 illud
858 2870 949 2930 stulte
998 2867 1137 2947 AEqualis
1161 2870 1265 2948 itaque
1288 2869 1409 2929 ratione
1437 2865 1576 2927 essentiae
1607 2862 1764 2941 (nimirum

177 2950 294 3010 audeas
310 2951 425 3026 dicere,
440 2953 499 3014 hoc
512 2955 625 3033 ipsum,
642 2957 790 3035 prolicere
806 2965 904 3035 aetate,
920 2967 950 3021 et
1000 2959 1159 3041 specificae)
1185 2963 1319 3022 existens
1341 2978 1411 3021 oum
1437 2961 1525 3019 Patre
1550 2957 1651 3029 filius,
1679 2948 1764 3015 simi·

175 3043 343 3121 sapientia,
355 3049 386 3103 et
398 3047 505 3122 gratia,
521 3047 640 3108 homini
656 3066 720 3110 esse
736 3050 947 3114 tribuendum.
999 3052 1098 3131 lisque
1109 3071 1164 3131 per
1176 3055 1290 3127 omnia,
1307 3052 1458 3130 majorem
1472 3050 1560 3110 illum
1573 3047 1765 3125 rorutSorip·

177 3134 241 3193 Hor
255 3134 345 3195 enim
360 3136 451 3208 nihil,
467 3139 589 3217 opinor,
605 3141 688 3200 aliud
704 3148 760 3213 est,
777 3143 835 3202 nisi
849 3164 949 3205 unum
999 3152 1080 3214 tura,
1095 3150 1244 3223 tanquam
1260 3144 1410 3224 principio
1424 3147 1601 3203 carentem:
1618 3139 1766 3217 cumipse

176 3226 209 3285 in
224 3227 290 3286 duo
303 3227 464 3289 Christum
486 3231 636 3292 dividere.
653 3235 783 3302 Verum,
803 3237 850 3295 uti
874 3255 948 3313 pro·
1000 3238 1094 3298 Filius
1119 3237 1304 3316 principium
1332 3236 1454 3308 habeat,
1482 3240 1634 3313 quatenus
1661 3237 1766 3291 estex

176 3317 260 3377 xime
288 3319 374 3395 dixi,
400 3322 549 3399 quiante
572 3325 684 3385 secula
707 3326 789 3387 filius
812 3328 948 3401 exstitit,
1000 3331 1100 3389 Patre.
1128 3334 1165 3389 ht
1187 3330 1319 3408 Cyrillus
1340 3330 1453 3408 passim
1477 3327 1566 3387 docet
1581 3324 1709 3402 dialogis
1729 3321 1766 3381 de

177 3410 326 3471 eumdem
341 3414 507 3490 postremis
523 3417 625 3475 saeculi
640 3418 834 3497 temporibus
847 3420 880 3478 in
896 3422 950 3480 liei
1001 3420 1164 3492 Trinitate,
1194 3427 1225 3480 et
1252 3420 1341 3492 alibi,
1379 3420 1489 3479 Filium
1519 3427 1582 3478 esse
1615 3414 1767 3493 aequalem

176 3502 278 3563 filium
292 3503 386 3565 fuisse
399 3506 609 3582 destinatum;
625 3510 702 3570 adeo
721 3515 756 3569 ut
770 3512 870 3571 carnis
884 3530 948 3572 stra}
999 3513 1113 3573 Patrit.
1139 3533 1154 3568 o
1188 3513 1258 3571 Haec
1271 3514 1476 3590 Anonymus;
1504 3510 1591 3569 locus
1616 3525 1690 3567 vero
1714 3506 1766 3566 ille

175 3597 413 3673 generationem
428 3616 465 3658 ex
484 3600 711 3678 dispensatione
726 3603 883 3681 propriam
900 3604 949 3663 fa·
1000 3603 1108 3683 Cyrilli
1128 3604 1160 3663 in
1178 3603 1344 3664 undecimo
1370 3602 1449 3661 libro
1472 3600 1683 3661 Thesauroruiu
1707 3598 1766 3658 sub

176 3693 260 3747 oeret
286 3687 358 3757 sibi,
387 3689 432 3749 ita
458 3691 513 3768 qui
540 3693 686 3769 genitoris
712 3699 758 3753 est
785 3695 948 3774 sapientia,
998 3696 1122 3755 initium
1145 3694 1288 3755 occurrit.
1320 3695 1353 3754 ln
1376 3712 1439 3774 quo
1462 3712 1534 3754 sane
1558 3692 1636 3753 nihil
1659 3697 1705 3753 est
1726 3691 1766 3751 ab

176 3780 300 3840 mmetsi
320 3783 451 3842 omnino
473 3782 626 3861 perlaetus
648 3792 704 3859 est,
727 3791 834 3865 utpote
849 3789 947 3861 Deus;
998 3795 1109 3848 caetera
1125 3787 1246 3867 Cyrilli,
1271 3792 1302 3847 at
1325 3786 1474 3847 catholiea
1498 3785 1684 3866 professione
1704 3784 1766 3844 dis-

175 3890 245 3948 quoe
268 3880 344 3932 sunt
362 3874 564 3936 humanitatis
582 3878 707 3956 propria
721 3879 833 3939 merito
847 3879 880 3939 in
903 3898 950 3939 se·
998 3898 1149 3960 crepans:
1171 3881 1197 3939 si
1216 3880 1285 3958 quis
1299 3881 1461 3959 paululum
1482 3879 1664 3958 antiquioris
1681 3878 1767 3937 theo·

174 3966 364 4044 metipsum.
399 3973 527 4046 propter
561 3987 717 4030 summam
752 3971 949 4047 unitionem,
998 3973 1088 4050 logias
1113 3972 1302 4050 degustant,
1328 3972 1362 4032 in
1388 3988 1451 4052 qua
1471 3974 1654 4049 anonymus
1681 3968 1766 4029 rudis

174 4057 410 4136 assumpsisti>
433 4059 490 4119 Hic
510 4077 584 4120 vero
605 4064 763 4140 perspicue
779 4062 951 4142 proiectum
999 4065 1100 4125 adhuc
1111 4069 1157 4125 est
1168 4071 1199 4125 et
1210 4071 1294 4142 tyro.

210 4291 233 4329 a
253 4275 369 4328 Cntta..
391 4272 500 4327 XXVlll
522 4272 602 4328 Thes.
621 4272 716 4327 Οὐκοῦν
729 4275 789 4327 ὅταν
804 4277 948 4347 προκόπτειν
997 4278 1094 4330 κόπτειν
1108 4273 1132 4328 ἔν
1142 4276 1216 4348 σοφίᾳ
1229 4276 1336 4348 λέγεται,
1346 4272 1386 4329 καί
1401 4295 1439 4329 τοι
1453 4275 1594 4337 παντίλειος
1605 4278 1640 4329 ὢν
1659 4275 1692 4337 ὡς
1703 4276 1764 4340 θεὸς,

172 4358 289 4429 limma,
308 4355 359 4428 οὔχ
378 4356 395 4424 η
413 4356 487 4426 σοφία
504 4358 558 4410 καθ’
573 4355 658 4423 {maipa
673 4357 832 4428 προέκοπτεν,
846 4354 862 4430 ᾖ
876 4358 950 4428 σορίσ
996 4360 1027 4413 τὰ
1042 4364 1084 4427 τῆς
1097 4358 1285 4430 ἀνθρωπότητος
1297 4358 1359 4426 ίδιοι,
1372 4359 1413 4412 διὰ
1426 4358 1470 4427 τὴν
1483 4358 1515 4421 είς
1532 4359 1605 4431 όκρον
1620 4359 1717 4422 ἕνωσιν,
1733 4358 1766 4423 εἰς

173 4439 251 4494 ἐστίν·
268 4439 327 4494 ἄλλ’
343 4439 368 4492 ίν
382 4441 457 4511 σοφίᾳ
470 4439 500 4493 τό
513 4439 674 4510 ἀνθρώπιον,
690 4441 832 4512 κοταόροχίι
845 4441 949 4513 trudp-
997 4443 1083 4496 ἑαυτὸν
1098 4442 1197 4506 εἰκότως
1207 4443 1345 4497 ἀναλοόών.

173 4543 220 4577 πον
233 4524 275 4577 καὶ
289 4525 438 4594 φαινόμενον
447 4524 480 4575 δι’
494 4521 576 4590 αὐτῆς.
1031 4542 1047 4581 ο
1065 4528 1177 4582 Craton.
1199 4525 1245 4582 lib.
1263 4528 1286 4582 ll
1305 4526 1444 4583 Thesaur.
1460 4525 1638 4580 Ἀκολονόοΰοα
1652 4524 1678 4578 δὲ
1691 4524 1765 4578 πόλιν

210 4608 228 4661 ὁ
246 4609 359 4663 Gruter..
378 4612 445 4662 tom.
465 4607 495 4670 ll,
511 4622 567 4675 par.
583 4606 618 4662 ll.
638 4605 681 4673 Μὴ
693 4605 715 4659 δ’
726 4600 757 4659 οὗ
771 4604 950 4677 ἔκιῖνορληνό-
995 4612 1093 4681 τῇκοιθ’
1116 4609 1179 4682 ἡμᾶς
1193 4612 1303 4681 συνηθείᾳ
1322 4610 1352 4664 τό
1371 4610 1471 4681 μείζονα
1485 4607 1618 4661 ἀποδίόωσι
1631 4613 1667 4680 τῷ
1679 4609 1764 4680 πατρί,

172 4710 225 4761 ρως
234 4690 364 4763 τολμήσῃς
378 4688 464 4755 εἰπεῖν,
479 4690 517 4742 ὅτι
531 4689 559 4742 τό
568 4691 713 4761 προκόπτειν
729 4687 753 4741 ίν
768 4689 852 4759 ἡλικίᾳ
861 4709 898 4755 τε,
908 4690 949 4743 καί
995 4691 1038 4744 ἵνα
1050 4694 1228 4766 πονταχόίινὴ
1241 4693 1299 4754 δυὰς
1308 4694 1349 4745 καί
1360 4692 1389 4746 τό
1397 4690 1420 4753 ἐξ
1430 4684 1460 4743 οὗ
1469 4687 1627 4762 σημσίνητοιι·
1638 4710 1766 4765 προσμαρ-

173 4773 259 4844 σορίρ,
276 4774 317 4825 καί
339 4773 422 4845 χάριτι
436 4778 473 4842 τῷ
494 4770 614 4843 ἀνθρώπῳ
628 4772 795 4844 προσάψομεν.
812 4777 885 4826 τοῦτο
901 4771 948 4845 γὰρ
996 4778 1067 4844 sopri
1078 4774 1104 4828 δὲ
1119 4776 1147 4829 τό
1161 4771 1225 4840 ἴσον,
1238 4776 1281 4829 luo
1296 4778 1329 4848 μή
1344 4794 1380 4837 τις
1393 4775 1447 4847 περὶ
1461 4773 1504 4842 τὴν
1517 4774 1600 4828 οὐσίαν
1616 4775 1764 4847 ἀνομοιότης

173 4850 247 4927 οἶμαί
263 4853 329 4909 ἔστιν
343 4855 426 4927 ἕτερον
444 4854 525 4919 obbia,
539 4855 555 4920 ἢ
570 4855 656 4907 διελεῖν
672 4854 705 4917 είς
719 4854 761 4907 δύο
774 4855 817 4908 τὸν
827 4855 875 4908 ’ἕνα
887 4857 947 4927 Χρι-
996 4862 1081 4924 νοῆται
1095 4859 1195 4932 πατρὸς,
1217 4858 1258 4911 καί
1282 4860 1346 4912 οἱοῦ.
1367 4852 1422 4920 ’ίσος
1436 4863 1565 4930 τοιγαροῦν
1583 4857 1646 4912 κατὰ
1660 4859 1702 4912 τόν
1721 4862 1764 4925 τῆς

173 4937 315 4993 πᾶνάλλ’
329 4939 413 5010 ὥσπερ
429 4937 487 5009 ἔρην
502 4935 590 5009 ἀρτίως
615 4939 762 5010 προοιώνιος
775 4940 810 4991 ὢν
825 4936 947 5000 halbata
996 4940 1079 5002 οὐσίας
1092 4942 1168 5013 λόγον
1182 4941 1299 5014 ὑπάρχων
1315 4941 1329 4995 ό
1343 4942 1394 5004 υίὸς
1407 4948 1443 5013 τῷ
1453 4943 1536 5014 πατρὶ,
1550 4943 1591 4995 καὶ
1605 4942 1689 5014 ὅμοιος
1701 4940 1765 4994 κατὰ

174 5020 291 5094 ἐσχάτοις
312 5026 357 5075 τοῦ
372 5019 461 5082 αίώνος
481 5022 575 5091 καιροῖς
600 5020 632 5083 είς
654 5020 705 5073 olba
726 5021 827 5093 diptota:
850 5021 948 5092 λέγεται
996 5024 1085 5089 πάντα,
1101 5024 1201 5095 μείζονα
1222 5023 1295 5078 αὐτόν
1314 5044 1385 5096 φησιν
1412 5025 1446 5088 ὤς
1465 5025 1583 5098 ἄναρχον,
1606 5023 1671 5097 ἔχων
1686 5022 1762 5096 ἀρχὴν

172 5101 241 5167 θεοῦ,
257 5110 303 5172 τῆς
318 5104 380 5166 ota<
396 5103 486 5176 σαρκός
500 5102 544 5171 τὴν
558 5104 667 5175 γέννησιν
680 5104 841 5175 οἰκειούμενος
854 5104 949 5156 οίκονο-
996 5106 1059 5158 κατὰ
1075 5110 1149 5177 μόνον
1164 5107 1193 5160 τό
1209 5105 1233 5168 ἔξ
1246 5100 1284 5161 οὗ.

175 5194 264 5259 μικῶς.
285 5188 351 5242 οὗτοι
364 5187 406 5239 καί
418 5187 537 5259 ὑπάρχων
550 5189 624 5259 σορίοι
638 5182 682 5240 τοῦ
693 5189 875 5260 γεγεννηκότος,
888 5206 949 5259 προ·

209 5385 379 5450 'hommum
394 5381 456 5433 hmo
468 5379 552 5433 retollit
572 5380 639 5432 ειίιισ
663 5381 799 5447 liuprandus
816 5380 947 5434 Ειοιεοισ·
995 5380 1172 5509 widem
1182 5386 1209 5508 ρι
1222 5383 1297 5510 χιχίγι
1311 5382 1390 5434 tibris.
1405 5381 1493 5434 ouon
1502 5380 1620 5449 vidoapud
1634 5380 1761 5433 Fahdctura
