4076 6180
179 477 249 521 Varla

308 308 368 371 ste
810 303 1145 370 THEOLOGICORUM
1167 301 1388 367 DOGMATUM

309 472 358 534 Sic
372 475 405 533 in
430 472 559 552 epistola
574 489 648 537 orn.
678 495 694 533 s
716 474 914 537 Manifestum
927 478 984 547 est,
1009 491 1074 547 eos,
1125 470 1249 532 milium
1261 471 1405 550 exempla
1426 470 1632 547 locutionum,
1649 488 1720 551 quae
1740 470 1780 531 ad
1799 470 1860 532 hoc
1882 491 1902 533 e

152 532 185 576 flu
218 529 271 575 sint
354 566 360 579 .
427 566 434 579 ,
530 564 537 578 .
835 569 841 583 ,
994 565 1000 577 .
1051 564 1057 576 .
1184 563 1191 577 .

153 542 284 639 aplf'ouo-
308 584 363 645 qur
380 566 454 626 liure
480 570 626 626 resistunt
652 572 717 628 tam
741 584 910 648 perspicuae
936 570 1071 631 veritati,
1127 562 1300 643 Scripturas
1314 563 1498 640 afferuntur,
1514 571 1727 626 utvoxomncs
1746 583 1805 643 pro
1820 565 1904 625 muf-

159 650 198 682 ncs
209 637 266 682 dicti

185 692 246 735 llllus

147 744 260 798 apostolici
269 755 277 788 t

151 799 209 841 Deus
223 798 272 840 ruit

175 862 251 894 omnes

308 676 371 718 non
391 659 562 738 intelligere
593 661 732 733 omnino,
761 679 823 740 qua
856 659 1012 721 locutione
1036 657 1088 717 sit'
1125 655 1173 729 tis,
1186 661 1268 717 certe
1283 674 1413 736 uoupro
1426 657 1579 719 universis
1599 656 1696 737 accipi
1709 656 1764 716 illo
1784 657 1903 719 inloco

308 750 437 823 dictum,
454 751 537 830 quod
558 769 666 813 omnes
678 752 821 813 lromiues
834 753 903 813 vult
923 753 1003 813 fleus
1015 750 1075 811 sal-
1124 748 1277 822 videatur,
1294 767 1360 811 non
1371 751 1443 811 satis
1452 750 1489 811 ad
1511 751 1544 811 id
1561 750 1761 829 probandum
1780 751 1899 812 valere.

307 859 362 901 vos
372 841 450 914 fieri,
466 861 538 903 cum
552 850 616 904 tam
632 843 724 905 multi
738 843 813 905 salvi
826 863 888 905 non
903 844 998 915 fia11t;
1010 859 1075 903 non
1125 842 1169 903 Ac
1183 842 1246 903 duo
1260 849 1333 903 suut
1347 862 1455 905 earum
1469 863 1575 906 rerum
1588 863 1715 924 genera,
1731 863 1811 923 quas
1819 845 1906 904 circa

137 906 283 1012 ,ambiat
308 934 382 1014 quia
396 936 467 1013 ipsi,
483 936 536 997 sed
548 937 622 1015 quia
639 938 719 997 Deus
731 956 794 997 non
810 937 894 998 rult:
911 937 996 1016 quod
1009 936 1075 996 sine
1126 951 1235 996 omncs
1258 935 1401 998 homines
1413 956 1505 1017 agere
1526 937 1804 1015 administransque
1825 937 1907 997 dici-

158 4951 260 5003 Quartam

307 1026 371 1087 ulla
396 1027 526 1107 caligine
551 1029 767 1092 manifestatur
789 1030 823 1090 in
849 1030 996 1110 parvulis.
1015 1029 1076 1090 Sed
1127 1040 1178 1087 tur
1200 1029 1295 1088 Deus:
1312 1028 1427 1108 quippe
1449 1029 1524 1090 alias
1546 1048 1602 1109 per
1624 1047 1657 1089 se
1679 1030 1746 1108 ipse
1761 1035 1903 1108 praestat,

306 1118 385 1179 sicut
398 1118 485 1193 illud,
497 1121 580 1199 quod
594 1121 779 1197 dictumest,
796 1120 899 1183 Omnes
911 1122 942 1182 io
960 1119 1076 1183 Cdrr'sto
1125 1136 1161 1178 ac
1174 1118 1277 1195 solus;
1294 1120 1368 1181 alias
1382 1121 1510 1182 nonnisi
1523 1139 1597 1182 cum
1609 1120 1793 1182 hominibus
1804 1120 1905 1182 libere

307 1209 551 1290 ιιίυίβοαὸιιηίιιι·1
566 1233 574 1288 ;
587 1231 659 1274 cum
668 1218 733 1273 tam
743 1212 835 1275 multi
848 1219 963 1275 aeterna
976 1219 1076 1275 morte
1125 1212 1399 1287 consentientibus,
1416 1221 1447 1274 et
1468 1213 1561 1275 simul
1575 1212 1789 1294 operantibus.
1820 1214 1906 1273 Nam

307 1303 497 1385 puniantur;
528 1305 598 1365 ideo
617 1306 733 1366 dietum
762 1310 820 1383 est,
847 1308 920 1385 elisia
955 1324 1072 1379 omncs,
1126 1303 1289 1381 uindicare,
1321 1303 1503 1379 illuminare,
1533 1313 1565 1368 et
1588 1305 1819 1386 ejusdemmodi
1841 1305 1904 1366 alia

306 1395 493 1478 quicumque
512 1399 607 1458 vitam
634 1402 782 1458 aeternam
810 1399 995 1479 percipiunt,
1012 1416 1076 1458 non
1124 1396 1275 1457 vocabula
1288 1396 1382 1458 talem
1398 1398 1598 1460 efficientiam
1618 1399 1808 1476 significant,
1831 1422 1904 1483 qun

305 1487 482 1569 percipiunt
504 1489 563 1549 nisi
587 1489 619 1550 in
639 1490 774 1550 Christo:
790 1489 834 1550 ita
856 1491 940 1570 quod
959 1491 1076 1551 dicium
1126 1505 1165 1549 ex
1193 1489 1292 1550 libero
1314 1491 1427 1570 pendet
1453 1491 1601 1553 humanae
1625 1491 1796 1554 voluntatis
1821 1496 1904 1557 arbi·

305 1584 362 1655 est,
377 1598 486 1642 omnes
508 1581 576 1641 vult
597 1582 678 1643 Deus
700 1581 799 1642 salvos
819 1581 898 1655 fieri,
925 1601 997 1643 cum
1011 1589 1077 1644 tam
1127 1580 1198 1653 trio,
1228 1600 1333 1661 quam,
1356 1589 1391 1643 ut
1413 1583 1500 1660 velit,
1525 1602 1560 1645 ao
1584 1585 1768 1659 consentiat,
1798 1589 1904 1661 gratie

303 1672 419 1734 multos
447 1675 525 1735 nolit
546 1674 646 1735 salvos
671 1673 750 1747 fieri,
778 1674 849 1736 ideo
877 1676 995 1737 dictum
1017 1682 1074 1749 est,
1126 1673 1252 1752 quidem
1264 1693 1330 1735 sum
1344 1675 1538 1754 permotione
1553 1678 1635 1738 Deus
1648 1678 1775 1750 excitat,
1792 1685 1824 1740 et
1838 1680 1906 1741 elli-

305 1766 378 1844 quia
391 1785 511 1843 omnes,
527 1768 579 1848 qui
591 1766 668 1828 solvi
683 1768 771 1841 flunt,
789 1767 849 1829 nisi
867 1768 934 1851 ipso
954 1768 1077 1831 volente
1127 1766 1185 1840 oit;
1201 1767 1256 1827 sed
1270 1766 1322 1840 ita,
1339 1773 1375 1828 ut
1393 1769 1569 1846 dissentire,
1591 1771 1616 1831 si
1631 1770 1731 1847 malit,
1748 1772 1818 1852 ipsa
1836 1792 1906 1853 pos-

305 1877 367 1920 non
384 1858 476 1920 liunt.
493 1882 509 1918 u
1126 1857 1174 1918 sit.
1206 1860 1260 1919 Est
1286 1859 1370 1920 enim
1398 1866 1568 1940 utrumque
1596 1862 1630 1922 iu
1655 1862 1722 1941 ejus
1750 1871 1905 1943 potestate

346 1953 395 2013 Sic
408 1953 440 2013 in
455 1951 645 2027 Eucdrridio,
663 1954 763 2032 capite
778 1954 947 2015 centesimo
962 1956 1073 2017 tertio:
1127 1949 1231 2011 situm.
1247 1952 1349 2016 Qtrare
1357 1953 1483 2013 nonnisi
1495 1953 1633 2015 volentes
1645 1954 1795 2017 homines
1804 1958 1905 2038 reipsa

305 2043 358 2104 ubi
382 2049 413 2104 et
435 2044 568 2106 similem
586 2044 776 2106 locutionem
797 2047 878 2106 hanc
902 2064 967 2107 esse
981 2047 1074 2108 dicit:
1131 2042 1337 2120 vivificantur,
1352 2049 1384 2104 ei
1405 2045 1633 2119 illuminantur,
1649 2048 1709 2109 ¹¹⁰⁰
1727 2058 1777 2110 θὸῑ
1796 2068 1816 2109 ⁸
1838 2070 1905 2131 1³0⁰·

309 2156 325 2193 u
338 2136 397 2211 Qui
411 2134 568 2196 illuminat
594 2154 706 2197 omnem
719 2136 901 2213 dominem²3
924 2156 989 2199 non
1001 2140 1075 2218 quia

305 2226 411 2287 nullus
426 2233 472 2288 est
494 2229 671 2302 hominum,
693 2229 746 2308 qui
776 2248 840 2289 non
861 2230 1073 2293 illuminetur:

305 2320 360 2380 scd
374 2320 447 2399 quia
458 2321 519 2380 nisi
532 2321 571 2381 ab
585 2322 652 2400 ipso
667 2320 772 2382 nullus
785 2320 991 2383 illuminatur.
1007 2346 1022 2381 u

347 2413 507 2473 Secundus
534 2412 707 2492 explicandi
733 2413 844 2474 modus
870 2418 926 2491 est,
957 2421 993 2475 ut
1016 2435 1076 2477 vox

306 2522 421 2573 onnes,
448 2505 486 2565 de
525 2504 599 2565 solis
632 2505 856 2584 praedestinatis
897 2507 1070 2586 accipiatur.

313 2598 412 2671 uQuia
438 2614 531 2657 omne
554 2614 653 2676 genus
675 2597 839 2658 hominum
851 2597 885 2658 in
899 2599 943 2659 eis
957 2604 1013 2673 est,
1033 2601 1077 2661 ait

307 2688 510 2765 Atrgustinus,
525 2689 605 2750 sicut
618 2689 791 2751 dictumest
805 2689 1000 2767 Pharisaeisl,
1016 2691 1076 2752 lle-

307 2781 414 2844 cimnte
442 2799 526 2843 omae
548 2781 652 2842 olnr‘:
675 2781 730 2843 ubi
749 2801 814 2842 nou
836 2789 883 2844 cst
905 2783 1078 2862 intelligen-

308 2874 396 2950 dum,
412 2874 470 2935 nisi
485 2892 578 2935 omne
592 2875 673 2954 quod
689 2874 854 2936 habebant.
874 2876 979 2954 Neque
992 2878 1077 2937 enim

309 2984 401 3028 omne
417 2967 496 3041 olus,
512 2969 596 3047 quod
610 2973 676 3029 erat
689 2968 723 3029 in
741 2972 807 3028 toto
828 2974 981 3030 terrarum
1002 2969 1077 3029 orbe

308 3059 513 3121 decimabant.
529 3081 544 3117 u
564 3062 612 3120 Ita
628 3061 722 3121 etiam
736 3062 768 3120 in
780 3058 961 3120 d'ccdfridii
978 3062 1077 3140 capite

308 3153 476 3214 centesimo
489 3151 600 3212 tertio:
623 3172 636 3209 u
655 3157 691 3213 ut
704 3170 813 3213 omnes
827 3152 969 3213 homines
984 3172 1078 3216 omne

307 3263 406 3323 geniis
419 3245 595 3305 humanum
611 3245 831 3321 intelligamus,
845 3263 900 3325 per
914 3265 1077 3326 quascum-

309 3356 369 3420 que
390 3336 578 3398 differentias
592 3336 805 3414 distributum,
819 3355 918 3417 reges,
930 3339 1075 3418 privatos,

308 3429 438 3500 nobiles,
452 3429 612 3509 ignobiles,
627 3429 784 3506 sublimes,
796 3431 941 3505 humiles,
957 3431 1075 3508 doctos,

308 3522 462 3598 indoctos,
483 3523 595 3601 integri
617 3523 766 3602 corporis,
781 3521 908 3597 debiles,
931 3523 1076 3603 ingenio-

317 3633 379 3689 sos,
405 3615 609 3691 tardicordes,
623 3615 735 3688 fatuos,
763 3613 884 3691 divites,
912 3635 1074 3695 pauperes,

308 3707 489 3784 mediocres,
504 3726 617 3781 mares,
636 3707 778 3783 feminas,
794 3706 937 3785 infantes,
952 3727 1074 3788 pueros,

308 3800 528 3876 adolescentes,
540 3800 682 3878 juvenes,
696 3799 844 3875 seniores,
856 3817 944 3861 senes
956 3821 963 3860 :
977 3802 1010 3860 in
1020 3801 1077 3861 lin-

309 3891 379 3970 guis
392 3892 548 3967 omnibus,
559 3893 593 3952 in
604 3891 743 3952 moribus
756 3892 911 3965 omnibus,
921 3893 954 3952 in
968 3893 1076 3954 volun·

309 3989 421 4060 talum,
431 3991 460 4044 et
470 3983 884 4045 conscientiarumvariotate
898 3984 1076 4046 innumera·

309 4075 555 4137 biliconstitutos
563 4077 640 4153 ;etsi
650 4076 725 4156 quid
734 4075 819 4136 aliud
834 4075 1076 4138 differentiarum

310 4173 356 4228 est
369 4168 402 4229 in
415 4168 605 4230 hominibus.
617 4190 632 4226 ι)
651 4169 701 4230 Sic
710 4169 744 4229 iu
758 4167 837 4228 libro
853 4172 961 4246 quarto
977 4177 1078 4231 contra

310 4260 477 4336 lulianam,
502 4261 602 4341 capite
628 4266 748 4337 oetam,
767 4279 874 4335 omnes,
891 4278 948 4340 pro
963 4261 1076 4338 multis,

310 4353 448 4434 positum
462 4371 526 4414 esse
541 4353 638 4415 docet.

350 4446 471 4506 Tertius
495 4446 606 4507 modus
633 4448 690 4520 est,
724 4448 759 4504 ut
786 4460 823 4504 eo
849 4443 928 4504 velle
958 4444 1078 4506 dicatur

310 4540 394 4598 Deus
414 4555 523 4598 omnes
541 4537 641 4597 salvos
667 4536 744 4607 lieri,
773 4535 857 4614 quod
879 4557 894 4593 s
919 4536 992 4596 facit
1021 4556 1078 4599 nos

309 4629 431 4706 vellel,
460 4631 538 4690 sicut
563 4629 715 4709 Spiritum
735 4631 877 4686 sanctum
891 4627 1077 4690 clamantem

310 4721 398 4782 Abba
418 4727 506 4801 pater
524 4721 596 4781 dicit
615 4714 812 4800 apostolum,
828 4717 860 4777 id
882 4724 927 4780 est
943 4736 1001 4780 nos
1015 4720 1076 4782 cla·

308 4830 395 4874 mare
407 4814 581 4875 facientem.
596 4834 608 4869 ι

349 4907 389 4966 ll.
405 4907 521 4966 Verum
536 4906 570 4965 in
585 4905 648 4965 istis
662 4902 903 4984 interpretandae
921 4904 1073 4982 Apostoli-

1130 2135 1190 2195 cati
1203 2141 1284 2196 statu
1298 2142 1523 2199 convertuntur
1538 2139 1578 2199 ad
1588 2140 1696 2217 gratiae
1710 2146 1849 2205 statum:
1861 2145 1905 2205 sic

1128 2227 1222 2288 etiam
1233 2246 1326 2289 nomo
1340 2229 1476 2290 salvatur
1489 2230 1615 2292 invitus.
1631 2235 1756 2294 atvero
1771 2235 1902 2312 salvare,

1127 2319 1293 2396 vivificare,
1322 2321 1560 2402 illtsminareque
1586 2324 1677 2401 velle,
1700 2326 1787 2387 solus
1802 2335 1904 2407 potest

1127 2410 1221 2487 Deus,
1242 2431 1301 2474 nec
1314 2413 1354 2473 ad
1373 2413 1404 2474 id
1423 2415 1553 2475 humani
1565 2435 1752 2478 eonsensum
1771 2422 1904 2500 requirit

1128 2503 1265 2580 arbitrii;
1302 2524 1374 2566 cum
1402 2506 1483 2568 hauc
1525 2526 1563 2569 ex
1603 2509 1689 2569 omui
1727 2513 1903 2575 eternitate

1127 2596 1324 2658 voluntatem
1349 2597 1508 2672 habuerit3
1524 2617 1620 2678 quam
1644 2601 1679 2661 iu
1700 2607 1857 2682 tempore,
1872 2613 1904 2665 et

1127 2687 1381 2762 allaborantibus,
1401 2691 1624 2753 seruientibus
1636 2691 1820 2755 hominibus
1834 2715 1903 2758 exe-

1128 2780 1246 2859 quitur.
1273 2781 1422 2855 Quocirca
1440 2801 1505 2843 non
1525 2784 1654 2863 perfude
1674 2790 1710 2845 ut
1723 2786 1826 2849 salros
1838 2807 1902 2850 esse

1127 2872 1357 2935 vellebomines
1370 2892 1489 2947 omues,
1508 2875 1551 2936 ita
1565 2877 1664 2937 salros
1676 2878 1780 2957 reipsa
1793 2898 1903 2942 omnes

1127 2964 1227 3026 facere
1247 2965 1472 3027 diciturlleus:
1490 2985 1548 3029 nec
1562 2967 1752 3045 illuminare,
1779 2977 1835 3032 out
1856 2975 1901 3032 vi-

1127 3056 1252 3118 vificare
1279 3064 1361 3132 octar,
1377 3058 1462 3136 qnod
1484 3058 1604 3135 dicunt,
1629 3061 1692 3121 sire
1708 3069 1900 3139 convertere,

1129 3149 1259 3230 perinde
1278 3168 1313 3210 ac
1328 3150 1495 3226 vivificare,
1508 3156 1540 3211 ct
1551 3151 1730 3214 illuminare
1743 3155 1834 3216 velle.
1856 3159 1901 3217 [lx

1128 3260 1191 3321 quo
1205 3241 1404 3303 manifestum
1420 3248 1465 3304 est
1492 3261 1565 3304 oum
1585 3244 1638 3305 illo
1657 3246 1797 3325 Apostoli
1819 3248 1898 3323 loco,

1130 3333 1186 3394 ubi
1201 3335 1299 3396 Deum
1313 3335 1423 3396 asserit
1436 3353 1545 3396 omues
1554 3335 1787 3400 homincsrello
1801 3342 1901 3403 salros

1131 3425 1209 3503 fieri,
1232 3445 1297 3489 non
1311 3446 1483 3506 congruere
1497 3428 1550 3490 illa
1569 3429 1747 3492 testimonia
1760 3434 1900 3512 Scriptu-

1130 3537 1185 3593 ree,
1198 3538 1267 3599 quae
1278 3520 1328 3581 rel
1340 3521 1495 3581 Christum
1505 3522 1594 3583 aiunt
1606 3522 1784 3587 illuminare
1793 3544 1900 3587 omnes

1127 3611 1281 3687 homines,
1297 3613 1347 3673 vel
1360 3631 1470 3675 omnes
1482 3614 1651 3691 vivificare,
1672 3616 1723 3677 rel
1737 3616 1777 3678 ab
1791 3619 1898 3681 eodem

1128 3704 1248 3764 Christo
1263 3705 1296 3765 in
1314 3723 1424 3766 omnes
1442 3706 1589 3768 transisse
1612 3707 1866 3787 justificationem
1874 3710 1896 3785 ¹,

1130 3795 1290 3875 Siquidem
1316 3804 1444 3877 apparet
1460 3798 1529 3859 hec
1542 3803 1573 3859 et
1592 3798 1704 3860 similia
1714 3800 1832 3862 divinoe
1846 3803 1896 3864 be

1128 3887 1288 3966 nigritatis
1299 3889 1409 3950 effecta
1416 3890 1542 3951 nonnisi
1549 3891 1819 3954 consentientibus
1831 3894 1896 3956 fieri

1127 3979 1230 4040 nobis.
1244 3980 1317 4041 Ideo
1332 3981 1461 4042 comiter
1475 3982 1657 4060 explicanda
1674 3989 1829 4045 suntuna
1842 3986 1895 4047 ali·

1127 4088 1190 4151 quo
1204 4089 1241 4133 ex
1251 4072 1310 4133 illis
1324 4072 1435 4147 modis,
1447 4074 1743 4153 quosattnlimusex
1757 4078 1896 4153 Augusti

1127 4182 1180 4225 no.
1196 4164 1236 4226 at
1258 4182 1331 4225 cum
1344 4164 1423 4226 velle
1439 4183 1548 4227 omnes
1560 4166 1661 4228 salvos
1681 4183 1760 4235 esse,
1782 4168 1834 4229 rel
1846 4168 1893 4229 lu·

1128 4273 1207 4332 cem,
1222 4261 1254 4317 et
1266 4255 1364 4317 vitam
1379 4255 1537 4337 impertire
1551 4257 1630 4319 velle
1643 4258 1892 4321 omnibusbeum

1126 4346 1269 4423 legimus,
1285 4364 1351 4408 non
1362 4365 1485 4409 necesse
1499 4348 1592 4409 estad
1606 4347 1725 4409 illanos
1731 4350 1892 4430 confugere

1127 4438 1213 4499 velut
1241 4438 1420 4513 laborantis,
1442 4457 1478 4500 ac
1509 4439 1712 4519 periclitantis
1736 4442 1892 4503 sententie

1127 4529 1273 4606 subsidia,
1295 4548 1367 4591 curn
1382 4531 1574 4611 simpliciter,
1590 4531 1795 4612 absoluteque
1816 4533 1891 4594 istud

1126 4640 1277 4702 usurpare
1296 4622 1397 4698 liceat,
1413 4624 1497 4702 quod
1522 4622 1685 4702 hucusque
1702 4624 1889 4686 demonstra·

1126 4720 1196 4776 tum
1208 4721 1265 4791 est,
1291 4715 1392 4776 Deum
1413 4715 1502 4787 velle,
1525 4720 1679 4794 quantum
1697 4715 1733 4776 in
1746 4733 1780 4777 se
1794 4722 1849 4788 et
1863 4722 1890 4777 et

1126 4808 1229 4887 quoad
1242 4807 1404 4882 generalis,
1427 4824 1463 4868 ae
1481 4807 1643 4886 prudentis
1659 4806 1888 4884 gubernationis

1125 4900 1221 4978 ipsius
1242 4898 1323 4959 ratio
1349 4899 1495 4978 postulat,
1523 4898 1611 4959 nullo
1634 4900 1887 4978 exceptaculum

137 5006 281 5049 animadver-
308 5018 348 5061 coe
363 4998 525 5060 sententie
541 4998 642 5058 modis
653 4996 729 5056 illud
749 5001 796 5056 cst
809 4994 1076 5057 animadversione
1126 5009 1235 5053 omnes
1246 4991 1387 5052 homines
1403 4991 1482 5067 lieri,
1497 4997 1528 5053 et
1542 4991 1582 5052 ad
1605 4991 1798 5070 agnitionem
1809 4990 1884 5052 reri·

157 5062 235 5102 tuotur
246 5060 269 5103 ln

137 5110 284 5167 instuarare-
308 5093 449 5170 dignum,
466 5090 547 5169 quod
563 5090 620 5149 etsi
631 5088 785 5168 imprimis
798 5087 834 5147 ad
853 5103 920 5146 rem
931 5088 1073 5165 pertinet,
1126 5085 1196 5145 tatis
1209 5083 1383 5163 pervenire.
1654 5175 1661 5188 ο
1679 5175 1686 5188 ·
1733 5175 1740 5189 ο

147 5166 274 5210 ”“’”““’“”’
307 5183 386 5246 follit
408 5189 512 5244 tamen
527 5183 679 5243 incautos.
696 5181 851 5243 Nimirum
865 5179 1012 5261 pleraque
1031 5180 1075 5240 si·
1166 5176 1322 5238 illidam
1343 5174 1381 5236 de
1401 5193 1438 5237 eo
1453 5192 1577 5256 quoque
1595 5174 1663 5236 tien
1673 5174 1827 5255 judicium
1838 5175 1884 5235 de·

333 5430 345 5471 1
359 5427 433 5473 Corin.
442 5438 478 5472 xv.
488 5424 538 5469 -9
548 5426 626 5471 mac.
642 5435 659 5478 ι,
670 5423 691 5468 9.
701 5424 753 5467 -s
766 5423 860 5479 logum
872 5422 912 5468 ltb.
924 5422 951 5467 de
962 5424 1059 5476 dorem
1073 5432 1121 5478 cap.
1132 5430 1208 5467 nt.-
1221 5418 1235 5463 f
1247 5420 1297 5464 tue.
1308 5417 1391 5462 xs-ti
1400 5415 1432 5460 lta
1441 5415 1498 5471 Aug,
1510 5416 1537 5460 de
1548 5417 1646 5470 corrept
1656 5419 1677 5460 et
1688 5420 1756 5473 pm,
1767 5428 1813 5473 esp.
1821 5425 1882 5461 rr.-

306 5492 377 5535 that.
392 5501 421 5539 rr,
431 5491 451 5533 c.
463 5491 511 5533 -7
521 5491 581 5533 Boua
596 5499 618 5539 r,
632 5486 665 5531 ts.
