4076 6180
611 265 660 326 nn
679 263 982 333 ruennuarroue,
1005 265 1077 326 ern.
1100 238 1180 342 xiii,
1203 266 1289 327 mr.
1312 266 1366 325 vr.
1711 260 1773 322 aaa

184 427 266 490 llam
292 429 318 489 si
344 429 494 509 reprobis,
519 434 555 491 ut
579 430 729 492 catholiea
758 428 834 491 fides
854 430 952 503 docet,
1006 430 1121 491 Deinde
1136 436 1300 511 postquam
1315 430 1469 490 volantati
1487 429 1668 508 adjutricem
1687 445 1773 489 aece-

184 519 302 581 honam
324 521 527 595 voluntatem,
553 527 584 584 et
611 524 646 584 in
671 542 706 583 ea
738 521 955 602 perseverandi
1005 522 1078 583 dere
1100 528 1242 602 oportere
1262 522 1394 601 gratiam
1416 521 1531 594 docuit,
1544 521 1603 580 ista
1625 519 1771 599 subjicit:

184 611 373 674 desiderium
386 614 501 694 aspiret
514 615 681 694 aliqnando
697 614 781 675 Dens
797 635 804 675 ε
821 633 859 675 ex
873 610 955 674 illius
1009 635 1024 672 a
1040 614 1099 674 Sed
1115 614 1175 674 nisi
1187 613 1301 675 talibus
1314 613 1440 674 monitis
1454 618 1485 673 et
1495 612 1638 673 voluntas
1655 618 1771 689 nostra,

183 705 301 783 reguloe
314 705 494 786 preeserlpto
507 707 576 767 vult
588 707 676 778 ¹idern
692 709 775 768 Deris
789 705 953 787 perfeetum
1005 724 1074 785 qaae
1088 706 1187 766 libera
1201 711 1257 783 est,
1274 711 1304 767 et
1323 705 1412 766 labor
1432 710 1557 783 praestet
1574 703 1771 780 obsequium,

182 794 257 871 fieri
267 796 465 866 desiderium,
481 797 559 878 qaod
572 797 703 859 donavit.
719 798 883 859 Periieitur
902 815 954 857 au·
1004 798 1044 858 ad
1077 798 1270 877 perieulum,
1298 804 1329 859 et
1356 797 1530 876 geliennam
1557 814 1621 856 rron
1643 795 1773 875 imperio

182 893 336 949 temtune
351 891 470 951 eumad
483 896 623 969 optatum
637 891 731 951 llnem
748 890 952 969 perducitur:
1004 890 1119 969 aliquo,
1149 891 1202 952 sed
1224 897 1333 971 sponte
1355 889 1559 950 devolvimur.
1586 889 1694 967 ltaque
1720 892 1775 948 aut

184 981 410 1060 quoeestsalus
424 987 549 1043 esterna.
566 983 668 1048 erare
682 983 812 1042 salntem
829 980 955 1059 adipisci
1005 983 1170 1061 preamium
1197 980 1330 1056 devotio,
1355 986 1410 1041 aut
1431 999 1557 1061 prauam
1579 985 1774 1059 contemptas

185 1072 335 1151 reprobos
356 1073 567 1148 antecedente,
582 1093 618 1135 ae
637 1074 775 1153 generali
797 1073 955 1133 voluntate
1004 1080 1162 1153 operatur.
1190 1073 1314 1153 Alioqui
1333 1093 1398 1134 non
1419 1074 1477 1134 erit
1492 1073 1577 1151 justa
1598 1071 1772 1148 retributio,

184 1163 347 1225 vnltlteus
362 1184 370 1225 ε
387 1166 510 1226 temetsi
522 1184 587 1227 non
600 1166 659 1226 boe
676 1166 817 1227 absolata
831 1164 909 1240 vult,
926 1170 956 1223 et
1005 1184 1075 1244 qum
1097 1172 1150 1226 aut
1175 1186 1231 1245 per
1257 1166 1409 1245 supplicia
1437 1164 1570 1225 refertur
1594 1163 1774 1240 necessitqte

140 1309 143 1314 .
185 1255 288 1334 reipsa
311 1256 393 1336 quod
426 1257 495 1318 vult
521 1258 697 1336 perficiente
723 1258 893 1318 voluntate.
920 1256 955 1315 ln
1005 1257 1220 1335 peccantibus3
1258 1262 1312 1318 aut
1344 1257 1459 1316 bonam
1487 1256 1661 1316 mercedem
1685 1254 1775 1315 offert

185 1364 282 1426 quam
295 1348 423 1409 intuens
449 1349 533 1409 illius
552 1355 659 1410 arretor
676 1349 748 1409 libri
767 1348 825 1408 snb
848 1347 953 1419 linem,
1006 1348 1103 1427 operi,
1120 1349 1158 1409 ad
1173 1350 1255 1428 quod
1270 1349 1437 1409 trabuntur
1451 1347 1551 1407 inriti.
1574 1368 1590 1405 n
1614 1347 1772 1422 erooirea,

187 1441 328 1518 Apostoli
338 1442 606 1520 sententiamque
616 1439 955 1501 omnesbominesrelle
1006 1441 1133 1519 utjnste
1155 1443 1231 1503 affici
1255 1460 1357 1520 prena,
1371 1439 1419 1500 vel
1442 1440 1581 1518 preemio,
1600 1438 1633 1498 id
1656 1443 1702 1499 est
1715 1437 1774 1498 sal·

186 1532 287 1593 Deum
300 1533 400 1593 salvos
419 1534 487 1594 fieri
505 1535 593 1607 dicit,
613 1552 649 1593 eo
666 1533 759 1593 modo
774 1532 956 1609 interpreta—
1006 1534 1082 1609 vari,
1100 1540 1155 1593 aut
1181 1533 1323 1594 damnari
1351 1531 1475 1591 adultus
1502 1531 1640 1609 quipiam
1666 1531 1771 1609 possit,

185 1628 250 1697 tur,
265 1642 327 1704 qno
342 1627 544 1705 Augustinus,
563 1627 609 1685 uti
624 1643 719 1704 supra
738 1623 954 1685 meminimus.
1006 1644 1079 1686 enm
1099 1644 1221 1687 neeesse
1245 1630 1290 1686 est
1313 1625 1346 1684 iu
1369 1624 1539 1696 voluntate,
1567 1641 1602 1683 ae
1625 1626 1774 1701 potestate

227 1715 282 1777 IV.
306 1717 421 1778 Eadem
456 1717 510 1777 bei
542 1716 681 1777 benefica
718 1716 891 1791 uoluntas,
926 1724 957 1776 et
1006 1717 1121 1778 babere
1134 1719 1263 1778 liberam
1279 1716 1423 1777 utriusvis
1436 1714 1569 1792 eligendi
1583 1714 1772 1791 incrrltatem,

185 1807 341 1881 omnium,
365 1810 458 1869 etiam
487 1808 703 1887 reproborum,
730 1808 836 1868 salutis
862 1826 955 1886 appe·
1008 1816 1041 1869 nt
1054 1811 1147 1870 sentit
1159 1811 1326 1870 Ennodius.
1342 1810 1389 1868 En
1402 1826 1464 1886 quo
1478 1807 1619 1885 sequitur
1633 1812 1774 1885 paratam

184 1902 264 1973 tens,
294 1901 433 1960 Ennodio
467 1899 623 1961 Ticinensi
656 1901 777 1977 cognita
805 1898 873 1958 fuit.
899 1900 955 1957 Hie
1006 1902 1051 1962 illi
1066 1920 1130 1962 esse
1145 1902 1291 1961 divinitus
1306 1906 1448 1979 oportere
1463 1900 1604 1977 gratiam,
1630 1898 1771 1976 quanti,

185 1990 272 2050 enim
295 2010 412 2065 veram,
438 1998 469 2052 et
496 1992 657 2070 utriusque
685 1992 780 2070 partis
805 1990 955 2069 eligenda
1006 1994 1031 2052 ai
1052 1994 1137 2068 uelit,
1162 1998 1264 2072 queat.
1290 1994 1369 2052 Nam
1397 1992 1422 2051 si
1450 1991 1570 2051 nnllam
1591 1992 1618 2050 ei
1638 1990 1774 2052 tribuere

185 2086 336 2161 potestate
357 2084 519 2163 prmditem
538 2084 673 2144 hominis
694 2083 869 2143 libertatem
883 2100 954 2161 pro·
1007 2086 1081 2145 uelit
1109 2087 1188 2145 lteus
1212 2084 1305 2166 (quod
1326 2083 1433 2162 utique
1455 2098 1646 2160 consequens
1668 2088 1724 2154 est,
1748 2081 1775 2142 si

185 2191 339 2253 pugnans,
369 2195 405 2237 ea
430 2176 504 2236 dicit
530 2176 569 2236 de
593 2177 763 2237 electorum
791 2174 901 2249 salute,
925 2179 957 2233 et
1008 2177 1126 2237 nullam
1141 2177 1206 2255 ejus
1220 2175 1362 2237 servandi
1383 2173 1586 2247 uoluntatem,
1610 2192 1651 2234 ne
1671 2174 1776 2234 eondi-

184 2266 391 2345 reproborum
405 2268 616 2340 damnatione,
633 2286 703 2346 quae
724 2267 811 2326 illam
834 2267 868 2325 in
893 2266 955 2326 Deo
1007 2268 1154 2328 tionalem
1169 2268 1305 2347 quidem,
1322 2285 1357 2327 ac
1375 2267 1550 2345 generalem
1568 2264 1673 2337 habet,
1688 2265 1776 2344 eujus

183 2359 378 2422 voluntatem
390 2361 536 2438 consequi
551 2358 681 2429 debent3
698 2364 728 2420 et
743 2363 955 2436 usurpatama
1008 2360 1151 2421 effectam
1179 2359 1217 2419 sit
1240 2358 1362 2434 largitio
1386 2358 1510 2434 gratior,
1537 2362 1568 2418 et
1595 2355 1776 2419 sufficientis

184 2450 276 2511 nobis
289 2451 324 2513 in
337 2450 546 2531 expendendis
560 2458 700 2512 veteram
714 2448 896 2509 testimoniis
908 2466 957 2507 ra·
1008 2450 1125 2532 auxilii)
1149 2450 1216 2511 fieri
1237 2468 1302 2510 non
1336 2455 1447 2528 potest,
1469 2454 1506 2508 ut
1533 2454 1586 2509 aut
1613 2448 1697 2519 velit,
1721 2455 1776 2511 aut

184 2542 305 2604 tionem
318 2543 476 2622 adjuvant.
494 2543 529 2603 ln
549 2544 678 2621 epistola
701 2542 804 2619 itaque
827 2539 955 2600 undevi-
1006 2544 1102 2623 possit
1115 2543 1246 2603 salntem
1260 2541 1395 2621 adipisci.
1413 2542 1514 2614 Quare
1528 2545 1593 2600 tam
1607 2539 1697 2601 illum
1711 2541 1774 2602 sal-

184 2635 300 2695 cesima
311 2635 382 2697 libri
389 2635 605 2713 secundique
614 2639 659 2695 est
683 2632 723 2693 od
739 2631 954 2707 Cantennam.
1006 2635 1071 2695 vari
1085 2635 1152 2695 uult
1170 2636 1261 2708 Deus,
1277 2650 1371 2711 quam
1384 2632 1463 2692 velle
1481 2633 1545 2710 ipse
1564 2637 1681 2710 potest;
1703 2638 1734 2693 et
1748 2634 1775 2694 si

184 2725 346 2805 eujusdam
360 2727 520 2805 redarguit
533 2743 682 2797 errorem,
700 2723 752 2803 qui
774 2744 786 2779 a
802 2722 957 2782 asserebat
1005 2727 1089 2802 velit,
1105 2727 1205 2805 reipsa
1224 2725 1307 2785 istud
1329 2725 1462 2801 assequi,
1479 2724 1562 2802 quod
1585 2724 1644 2784 nisi
1667 2725 1772 2803 possit,

184 2820 225 2881 de
250 2818 371 2880 arbitrii
392 2818 531 2879 libertate
555 2816 675 2878 bomini
698 2816 731 2875 in
752 2834 815 2875 nna
835 2820 955 2875 tantum
1005 2837 1070 2879 non
1104 2818 1143 2877 ob
1177 2821 1402 2894 contemptum,
1431 2814 1669 2893 repudiatnmve
1690 2816 1774 2894 quod

184 2917 286 2990 parte,
302 2929 372 2990 quus
392 2911 526 2972 deterior
539 2915 597 2983 cst,
618 2908 752 2983 eligendi
768 2907 871 2967 datam
890 2924 955 2967 esse
1005 2912 1123 2971 bonum
1138 2915 1184 2970 est
1197 2909 1307 2969 merito
1322 2909 1487 2968 damnetur
1502 2926 1508 2966 :
1526 2912 1561 2966 ut
1579 2911 1660 2967 reete
1675 2908 1776 2968 Enno-

184 3002 354 3065 licentiam.
370 3024 386 3061 n
402 3003 459 3076 Qui
481 3019 568 3063 error
589 2998 785 3062 Gotbesealeo
807 2996 956 3058 tribuitur
1005 3003 1074 3063 dius
1092 3002 1304 3062 ratiocinatur.
1328 2999 1424 3078 lgitnr
1441 2999 1633 3058 uoluntatem
1652 2999 1685 3058 in
1709 2999 1774 3060 Deo

185 3097 228 3156 ab
250 3095 428 3170 Hinomsro,
444 3094 476 3154 in
500 3093 628 3172 epistola
649 3092 752 3173 prima
779 3090 817 3149 de
843 3090 952 3164 tribus,
1005 3094 1193 3173 generalem,
1212 3098 1243 3153 et
1267 3097 1474 3166 antegressam
1496 3088 1638 3151 omnium
1652 3090 1774 3151 saluau-

185 3204 265 3267 quas
276 3187 433 3266 Remigius
447 3184 661 3265 Lugdunensis
675 3182 786 3243 refellit
802 3200 809 3240 ε
825 3199 895 3259 quea
914 3182 954 3241 ad
1006 3187 1118 3247 dorum
1141 3184 1301 3246 constituit
1328 3188 1434 3243 auctor
1456 3183 1528 3257 ille,
1551 3201 1589 3243 er
1615 3200 1677 3261 qus
1699 3182 1775 3245 boni

184 3279 356 3355 Amatam,
391 3278 456 3338 sive
488 3275 681 3337 Amalariam
717 3273 954 3352 Lugdunensem
1005 3273 1773 3358 optandi,eteontrariirespuendi,boeestaeternae

183 3370 298 3450 scripta
321 3370 466 3432 creditur.
496 3369 576 3429 Nam
597 3367 685 3429 illum
709 3365 752 3426 sie
778 3364 890 3425 dixisse
909 3363 953 3424 ibi
1004 3372 1075 3431 virae
1097 3369 1272 3447 diligendis,
1291 3366 1530 3444 aversandaeque
1544 3366 1696 3443 gebennas
1716 3385 1773 3443 po·

183 3462 344 3542 proditum
368 3460 463 3524 est¹:
495 3460 607 3539 «qnod
639 3464 802 3538 postquam
835 3456 954 3536 primus
1004 3468 1096 3523 testas
1110 3462 1143 3520 in
1159 3477 1347 3538 unoquoque
1360 3458 1409 3531 sit,
1425 3475 1487 3535 qua
1507 3458 1532 3518 si
1553 3457 1637 3526 velit,
1653 3464 1771 3521 utatur.

183 3552 280 3614 bomo
301 3552 399 3614 libero
422 3552 549 3613 arbitrio
573 3551 690 3624 cecidit,
705 3566 798 3610 nemo
812 3553 955 3608 nostrum
1045 3555 1081 3613 V.
1101 3555 1158 3612 Est
1170 3554 1229 3612 boc
1243 3552 1370 3629 insuper
1382 3568 1447 3610 non
1464 3551 1532 3611 lere
1552 3557 1772 3629 argumentum

183 3645 225 3706 ab
240 3645 319 3706 liene
333 3643 508 3724 agendum3
523 3644 577 3704 sed
591 3640 954 3716 tantumadmaleagen·
1004 3644 1178 3707 eommunis
1200 3645 1235 3703 in
1258 3643 1320 3703 Deo
1343 3641 1511 3702 voluntatis
1533 3643 1677 3703 omnium
1699 3642 1774 3705 libe-

184 3736 263 3798 dum
275 3736 372 3797 libero
386 3741 488 3816 potest
511 3735 556 3794 uti
578 3733 716 3794 arbitrio.
728 3754 743 3789 n
771 3732 869 3805 Qiram
887 3749 954 3810 per·
1005 3736 1183 3810 randorum,
1200 3734 1292 3813 idque
1304 3750 1360 3812 per
1374 3733 1486 3793 Christi
1501 3736 1621 3801 merita,
1636 3734 1721 3812 qnod
1735 3753 1774 3796 ex

183 3847 318 3902 versam,
347 3834 378 3888 et
412 3826 587 3888 hereticam
621 3824 801 3904 opinionem
827 3822 954 3883 damnat
1005 3828 1254 3897 Catholieorum‚
1287 3823 1338 3904 qai
1368 3842 1400 3885 se
1426 3825 1590 3903 Augustini
1624 3826 1772 3888 doctrinm

183 3922 356 3982 Ennodius.
372 3924 403 3980 et
416 3922 449 3979 in
462 3937 531 3980 eam
541 3918 585 3979 sie
598 3918 749 3978 exclamat
765 3936 772 3976 t
792 3915 952 3977 «Osehir
1004 3920 1139 3980 fautores
1161 3917 1289 3997 professi
1312 3922 1394 3988 sunt,
1413 3918 1609 3998 contentione
1637 3918 1770 3992 ducitur,

182 4014 329 4074 malicum
355 4010 614 4090 propositionem,
637 4026 707 4088 qiua
725 4007 815 4084 juxta
834 4013 953 4086 Apoea-
1005 4028 1099 4090 quam
1120 4010 1267 4071 adversus
1295 4008 1587 4069 Proedestinatianos
1612 4009 1774 4071 haereticos

182 4104 299 4183 lypsim
312 4103 441 4182 scriptas
453 4100 549 4162 babet
563 4102 595 4161 in
614 4098 715 4160 fronte
730 4097 951 4177 blasphemiasl
1005 4106 1216 4181 susceperunt.
1237 4100 1332 4177 Cujus
1355 4099 1419 4160 vim
1440 4102 1578 4166 rationis.
1594 4120 1629 4179 ae
1651 4102 1773 4180 pondus

184 4196 259 4268 Qua
274 4194 471 4255 istulibertas
486 4198 541 4267 est,
557 4193 583 4253 si
605 4191 696 4262 valet,
718 4189 874 4265 edisserat,
900 4189 955 4250 ubi
1005 4194 1050 4254 uti
1064 4194 1175 4254 melius
1197 4193 1348 4252 aestimare
1362 4194 1524 4270 possimus,
1549 4193 1655 4271 paucis
1678 4192 1773 4272 expli-

182 4286 245 4348 hoe
270 4287 361 4347 datur
386 4285 488 4345 solum
514 4283 604 4357 uelle,
632 4283 714 4363 qnod
742 4282 852 4359 puniat
873 4302 880 4341 :
901 4288 956 4343 aut
1005 4286 1140 4346 candum
1153 4291 1208 4358 est,
1225 4283 1382 4362 quodnam
1396 4302 1495 4362 genus
1516 4284 1576 4343 boe
1593 4284 1769 4360 hominum,

183 4395 282 4460 quare
296 4377 476 4439 electionem
490 4376 641 4450 nominet,
656 4374 710 4434 ubi
723 4392 819 4434 anam
832 4378 955 4434 tantum
1005 4377 1118 4456 etquis
1132 4395 1220 4437 error
1233 4375 1396 4455 peerrliaris
1408 4376 1535 4436 illorum
1545 4376 1649 4436 inerit.

184 4476 306 4552 partem
319 4468 424 4529 asserit
437 4467 530 4527 inisse
549 4484 737 4527 concessam.
760 4464 846 4538 Quod
864 4465 954 4525 sire·
1045 4467 1403 4542 Prmdestr'natr'ouoruru,
1439 4473 1475 4527 nt
1508 4485 1560 4527 eos
1595 4468 1773 4528 Gennadius
1837 4509 1906 4552 arur

183 4563 276 4625 ritate
297 4561 487 4632 subsisteret,
508 4559 612 4620 loenm
633 4557 740 4618 divina
753 4556 870 4634 judicia
891 4576 956 4617 non
1005 4567 1106 4633 vocat,
1119 4560 1178 4633 vel,
1193 4560 1314 4631 utl‘iro
1335 4562 1475 4638 Prosper,
1494 4559 1619 4637 aliique,
1638 4558 1772 4621 Proedea-
1797 4562 1942 4661 affigat·

183 4654 345 4717 baberent.
363 4653 442 4727 Quid
449 4652 535 4713 enim
549 4650 750 4712 bonianobis
764 4650 842 4711 Deus
852 4654 957 4710 noster
1008 4651 1771 4714 tinctoromhaeresissteaGennadiodeseribiturt.
1922 4644 1927 4656 ’

183 4755 269 4810 reete
282 4750 444 4827 quaereret,
460 4745 513 4823 qni
537 4742 748 4823 appetentiam
759 4742 826 4820 ejus
844 4742 882 4802 de
900 4760 954 4802 vo·
1011 4766 1026 4802 u
1038 4743 1301 4805 Praedestinatiani
1314 4748 1387 4803 sunt
1401 4743 1456 4822 qui
1468 4744 1585 4816 dieunt,
1600 4746 1683 4823 quod
1694 4746 1775 4806 lleus

186 4840 307 4901 luntata
325 4837 543 4898 subtraxerat?
567 4835 629 4895 Sed
635 4834 726 4913 juata
740 4832 953 4912 Apostolnm';
1007 4854 1071 4897 non
1083 4854 1191 4896 omnes
1204 4835 1347 4896 homines
1362 4836 1401 4896 ad
1424 4836 1483 4897 boc
1505 4842 1597 4910 creet,
1614 4843 1649 4898 ut
1666 4856 1775 4900 omnes

186 4928 346 5011 Numquid
360 4929 477 5010 iniquus
489 4926 588 4989 Deus?
602 4926 696 4988 Absit.
715 4926 797 4987 lnter
814 4925 957 4987 homines
1006 4927 1175 5002 salventur,
1189 4927 1242 4987 sed
1266 4932 1302 4986 ut
1319 4926 1519 4989 multitudine
1538 4916 1705 4991 bominum
1727 4949 1775 4992 or·

185 5022 296 5085 arreti
311 5020 464 5082 discordat
483 5019 604 5090 affeetu,
621 5018 675 5099 qui
692 5036 710 5077 a
728 5016 872 5095 subjectis
891 5019 955 5079 exi·
1006 5026 1098 5080 nstin·
1111 5019 1259 5080 mundus.
1275 5019 1364 5092 Quod
1382 5026 1413 5080 et
1430 5020 1456 5080 si
1469 5021 1606 5099 generali
1627 5024 1776 5102 praediea-

186 5116 244 5195 git,
269 5114 353 5195 qnod
374 5113 409 5173 in
432 5116 581 5192 potestate
601 5129 666 5171 non
687 5109 796 5170 tribuit
820 5110 904 5170 :boe
917 5111 955 5172 de
1006 5113 1090 5173 tione
1104 5111 1185 5172 dieat
1202 5130 1209 5171 ι
1227 5110 1324 5172 Venite
1331 5109 1370 5174 od
1383 5130 1427 5173 ure
1439 5113 1608 5194 amaraque
1617 5114 1773 5190 laboretis,

188 5211 253 5271 lleo
280 5225 342 5287 qua
364 5204 553 5267 conscientia
575 5203 737 5276 sentiatur,
762 5202 951 5263 atlvertitm
1007 5213 1034 5265 et
1048 5203 1256 5273 caecutientem·
1271 5208 1299 5265 et
1311 5204 1506 5288 egorefier'am
1518 5224 1564 5267 eos
1577 5226 1584 5268 ε
1598 5214 1776 5270 nontamen

219 5420 230 5463 i
245 5417 308 5462 lieet.
323 5416 392 5473 bugd.
404 5414 443 5460 tn.
455 5414 482 5458 do
493 5413 563 5459 tatur
578 5414 640 5469 spur.
657 5417 707 5459 tum.
721 5413 756 5466 lV.
770 5413 827 5459 nttt.
841 5414 884 5459 PR
898 5437 926 5448 -
938 5414 953 5458 b
964 5415 1024 5461 Rom.
1034 5426 1062 5464 tr.
1071 5438 1099 5450 -
1111 5416 1125 5461 8
1135 5416 1159 5460 ln
1175 5415 1219 5462 due
1231 5415 1269 5462 ut.
1282 5414 1341 5462 lller.
1352 5417 1379 5462 aa
1390 5417 1443 5461 boet'.
