3936 6146
483 320 534 381 DE
553 318 859 397 rucuuuumoum
882 312 956 382 LIB.
980 320 1017 391 X,
1046 320 1129 383 GAP.
1152 322 1206 382 IX.
1576 321 1634 381 397

97 486 178 547 terior.
195 484 318 546 Stultum
339 488 386 544 est
411 484 519 562 igitur,
546 485 629 546 illius
651 484 824 565 potentiam
875 492 939 546 tem
952 505 1153 565 consequens,
1170 491 1206 546 ut
1226 486 1309 565 quod
1329 485 1363 545 in
1387 487 1451 545 Deo
1475 490 1531 559 est,
1547 485 1591 544 ita
1603 485 1642 544 sit

97 580 167 639 unius
180 576 337 656 corpusculi
357 579 509 656 parvitate
533 578 628 653 hirini,
646 596 739 656 quern
760 596 824 638 nou
875 578 990 656 ubique
1002 585 1038 638 ut
1052 581 1170 639 Deus.»
1188 580 1226 637 Et
1239 579 1271 637 iu
1285 578 1348 638 fine
1359 577 1508 656 epistola,
1528 596 1543 633 u
1557 575 1643 637 Chri-

97 670 158 749 aapit
167 670 274 730 ooelum.
289 670 442 730 Ettameu
453 671 506 749 qui
515 669 630 749 ubique
644 676 721 746 erat,
732 670 825 730 etiam
875 675 956 729 stum
976 677 1080 731 autem
1100 671 1267 731 llominurn
1290 675 1432 730 nostrum
1447 668 1642 746 unigenitum

97 762 121 821 iu
137 762 188 821 lilio
208 762 335 822 hominis
361 766 447 823 totus
470 768 548 824 erat.
579 763 689 823 Divina
710 764 825 841 quippe
874 762 931 822 Dei
946 762 1056 838 lilium,
1072 763 1223 841 aequalem
1244 762 1339 836 Patri,
1354 761 1561 840 eumdemque
1585 762 1642 821 ho-

22 920 24 931 ,
96 858 190 929 uatum,
203 859 230 914 et
245 854 295 914 [lei
308 872 410 916 sermo
423 855 455 914 in
470 861 573 934 partes
584 855 679 915 secari
694 873 759 915 non
772 873 824 933 po·

97 949 206 1019 testum
224 945 293 1007 louis
312 946 409 1007 dividi
433 966 440 1007 :
463 947 516 1007 sed
539 965 610 1008 cum
632 946 749 1025 ubique
774 946 823 1019 sit,

96 1041 158 1098 totus
168 1037 269 1117 ubique
286 1043 343 1100 est.
359 1040 434 1098 Erat
447 1038 542 1117 igitur
562 1057 638 1115 uno,
655 1039 824 1117 eodemque

94 1134 204 1206 tenpore
213 1136 317 1190 etcum
327 1130 480 1210 Apostolis
490 1131 693 1210 quadraginta
702 1131 822 1207 diebus,

95 1226 184 1282 etcum
198 1222 327 1300 iugalia,
342 1234 373 1282 et
395 1222 429 1283 in
453 1224 553 1297 Patre,
574 1230 604 1284 et
626 1223 659 1282 iu
682 1223 827 1283 extremis

93 1313 164 1372 uaris
182 1312 287 1374 linibus
311 1319 399 1374 erat:
421 1315 455 1374 in
474 1315 618 1375 omnibus
636 1314 710 1375 loeis
722 1333 824 1375 uersa-

93 1402 171 1479 batm,
202 1424 266 1467 cum
300 1407 422 1467 Thoma
456 1407 610 1480 inludia,
632 1426 703 1468 oum
735 1410 825 1469 Petro

92 1498 186 1572 Roma,
207 1516 274 1559 oum
295 1499 390 1559 Paulo
410 1499 445 1559 in
466 1499 600 1579 lllyrieo,
618 1517 691 1560 eum
709 1500 778 1560 Tito
791 1501 824 1560 in

92 1589 243 1667 Cretaeam
264 1591 388 1652 Andrea
407 1592 441 1651 in
461 1592 589 1665 Achaia,
605 1611 677 1653 eum
696 1593 825 1672 singulis

92 1681 221 1761 lpouolis,
243 1688 272 1744 et
299 1684 481 1763 Apostolieis
514 1685 589 1745 viris
619 1685 652 1744 iu
680 1685 823 1762 singulis,

91 1774 234 1854 mucusque
247 1775 438 1855 regionibus.
453 1797 468 1833 o

119 1864 163 1926 Hie
180 1868 287 1946 ubique
318 1868 487 1944 Christum,
513 1886 575 1946 qua
602 1868 741 1930 Verbum
766 1874 822 1944 est,

91 1955 137 2019 isse
151 1961 293 2037 coneedit3
310 1965 349 2021 ut
367 1966 473 2022 autem
495 1961 589 2022 homo
604 1962 693 2021 troius
706 1980 825 2042 eorpus·

89 2048 135 2108 coli
157 2053 300 2130 paruitate
327 2052 417 2133 finiri
429 2099 437 2129 ,
463 2053 558 2114 etiam
578 2059 646 2133 post
670 2072 824 2115 resurree-

89 2141 190 2205 tionem.

22 2254 76 2299 uri·
118 2235 160 2295 Ill.
180 2238 320 2317 Sequitur
336 2239 549 2317 Augustinus;
570 2239 658 2317 eujus
676 2244 740 2300 tam
758 2259 824 2301 ore·

89 2323 139 2400 bra,
153 2334 265 2409 umque
288 2332 405 2392 diserta
426 2338 500 2392 sunt
518 2331 694 2392 testimonia
719 2340 826 2394 eontra

87 2416 238 2493 figmentum
266 2423 347 2485 illud
375 2424 626 2502 Ubiquistarum,
649 2428 684 2483 ut
709 2424 824 2485 mirum

87 2509 116 2567 ait
133 2529 185 2590 eos,
207 2517 256 2594 qui
279 2517 314 2576 in
333 2516 437 2595 aliquo
460 2517 557 2593 pretio
580 2521 702 2575 tantum
718 2517 824 2578 virum

86 2599 221 2683 lubentio
235 2608 431 2669 stolidissima
445 2611 767 2687 errore'perseverare.
780 2613 825 2669 Ao

86 2692 123 2752 rel
132 2713 184 2757 uua
190 2699 313 2778 epistola
325 2700 582 2779 quinquagesima
597 2701 726 2779 septima
738 2701 825 2761 lueu·

84 2782 174 2848 lerum
193 2793 313 2870 cupiam
342 2792 481 2853 sufficere
505 2798 615 2871 potest,
645 2792 678 2850 in
701 2793 824 2870 quade

86 2875 123 2936 llti
139 2883 300 2961 praeusta,
325 2889 357 2943 et
379 2884 586 2944 immensitate
607 2885 668 2944 lale
689 2884 820 2944 disserit.

83 2966 115 3027 lbi
135 2974 258 3047 primum
283 2994 397 3036 vocem
425 2976 512 3037 illam
539 2977 651 3037 Christi
676 2976 821 3051 Domini;

83 3056 159 3123 llodie
173 3078 277 3129 meeum
302 3069 365 3129 eris
388 3069 421 3128 in
444 3067 619 3142 Perediam,
633 3087 698 3129 non
717 3087 824 3130 seeun-

82 3150 139 3214 dum
157 3157 185 3218 id
205 3161 286 3238 quod
310 3161 408 3221 homo
431 3166 507 3233 erat,
524 3162 577 3221 sed
602 3162 773 3222 seeundum
791 3162 823 3222 id

83 3247 148 3320 quod
165 3250 343 3327 Deusarat²,
362 3274 378 3310 u
406 3258 584 3331 usurpatam
603 3252 696 3313 fuisse
719 3258 822 3332 putat.

83 3336 187 3401 ollomo
204 3345 320 3423 quippe
345 3344 485 3404 Christus
510 3343 564 3404 illo
584 3345 633 3405 die
652 3345 823 3405 seeundum

80 3446 181 3492 amem
200 3435 233 3495 in
253 3436 409 3516 sepulcro,
434 3436 545 3514 inquit,
568 3437 740 3497 seeundum
753 3436 822 3496 aui·

78 3536 144 3582 mam
155 3525 185 3584 in
198 3527 319 3589 inferno
334 3527 458 3588 futtrrus
467 3535 544 3596 erat,
557 3529 637 3589 Deus
650 3547 723 3589 uero
738 3528 822 3588 idem

78 3608 128 3689 ipse
138 3616 266 3680 Christus
279 3620 402 3698 ubique
416 3638 538 3700 semper
547 3625 602 3682 est.
614 3641 630 3677 o
643 3622 715 3682 Mox
728 3638 819 3681 vero:

874 853 968 913 minis
983 854 1095 930 lilium,
1111 873 1173 933 quo
1188 854 1287 932 major
1301 860 1346 914 est
1365 854 1466 926 Pater,
1483 860 1514 912 et
1527 853 1643 932 ubique

874 951 974 1007 totum
988 952 1172 1025 punientem
1183 964 1248 1007 esse
1268 963 1333 1006 non
1347 945 1478 1020 dubites,
1493 951 1643 1023 tauquam

875 1038 984 1111 Deum,
997 1043 1029 1098 et
1042 1038 1076 1098 in
1089 1039 1198 1099 eodem
1207 1037 1325 1116 templo
1336 1037 1392 1097 Dei
1406 1055 1483 1111 esse,
1492 1047 1643 1116 tauquam

874 1130 1100 1191 inhabitantem
1115 1132 1237 1205 Deum;
1253 1135 1284 1191 et
1302 1132 1334 1189 iu
1355 1129 1422 1190 loeo
1436 1129 1540 1208 aliquo
1561 1129 1641 1207 emli,

874 1228 1001 1302 propter
1014 1223 1081 1283 ueri
1097 1224 1233 1301 eorporis
1245 1223 1386 1282 modum.
1402 1244 1418 1307 u

916 1316 1004 1375 Idem
1017 1320 1148 1376 tractatu
1162 1334 1241 1375 xxxi
1258 1315 1289 1375 io
1306 1314 1457 1389 Joouuem,
1474 1316 1513 1375 de
1533 1333 1569 1376 eo
1584 1316 1643 1378 dis

875 1425 990 1482 serens,
1004 1408 1088 1486 quod
1113 1407 1155 1468 ait
1178 1407 1330 1482 Christus,
1349 1406 1408 1467 tlte·
1418 1426 1469 1487 eqo
1488 1407 1577 1484 sumi,
1595 1427 1644 1469 uos

875 1518 931 1559 ooo
944 1500 1062 1579 potestis
1077 1500 1189 1575 uenire,
1205 1499 1340 1572 adnotat,
1355 1500 1414 1559 hoe
1424 1500 1510 1560 dicia
1525 1502 1642 1563 Christo

875 1597 1002 1670 propter
1014 1592 1154 1652 divinam
1173 1597 1328 1652 naturam.
1353 1612 1368 1649 u
1383 1592 1483 1652 Homo
1498 1593 1582 1653 enim
1595 1612 1642 1654 se-

874 1683 1012 1744 eundum
1027 1702 1139 1764 eorpus
1152 1683 1186 1744 in
1198 1684 1265 1744 loeo
1280 1688 1335 1758 est,
1349 1688 1380 1743 et
1392 1684 1508 1744 deloco
1518 1685 1641 1763 migrat,
1757 1750 1761 1753 ⁷

874 1782 989 1839 etcum
1010 1779 1047 1837 ad
1062 1777 1158 1836 alium
1170 1777 1276 1836 locum
1295 1776 1423 1848 venerit,
1445 1776 1480 1836 iu
1502 1795 1538 1837 eo
1561 1777 1640 1852 loeo,

874 1869 957 1929 unde
968 1870 1063 1943 venit,
1081 1874 1214 1929 nonest.
1239 1870 1322 1929 Deus
1338 1873 1442 1929 autem
1456 1868 1566 1947 implet
1578 1888 1643 1930 om-

874 1960 937 2032 nia,
949 1967 980 2020 et
994 1960 1109 2039 ubique
1122 1966 1206 2021 totus
1218 1965 1274 2035 est,
1290 1980 1354 2020 non
1363 1961 1531 2022 seeundum
1545 1964 1642 2041 spatia

873 2057 997 2113 tenetur
1012 2052 1098 2113 loeis.
1115 2054 1187 2113 Erat
1199 2059 1305 2113 tamen
1318 2054 1455 2113 Christus
1472 2055 1642 2115 seeundum

873 2144 1024 2205 visibilem
1039 2163 1163 2206 earnem
1185 2146 1218 2204 in
1242 2151 1334 2220 terra,
1351 2147 1520 2206 seeundum
1541 2147 1643 2208 invisi-

876 2235 970 2297 bilem
990 2238 1184 2315 majestatem
1205 2238 1239 2298 in
1255 2238 1345 2314 eoelo,
1361 2245 1391 2299 et
1411 2240 1552 2300 interra
1569 2241 1642 2301 Ideo

874 2328 935 2388 ait:
953 2328 1009 2390 Ubi
1023 2349 1074 2410 eqo
1087 2349 1163 2403 suot,
1180 2348 1228 2390 vos
1239 2348 1299 2390 nou
1307 2330 1426 2409 potesta
1440 2331 1545 2392 uenire.
1563 2355 1577 2391 o

913 2422 950 2480 Et
961 2422 1034 2483 alibi
1047 2422 1084 2483 de
1097 2441 1134 2483 eo
1149 2423 1231 2503 qrrod
1242 2422 1392 2482 Dominus
1404 2423 1482 2484 dixit
1491 2421 1513 2483 ⁵:
1522 2424 1642 2486 Anticus

873 2523 966 2573 noster
979 2514 1113 2576 Lazarus
1126 2523 1260 2576 mortuus
1275 2523 1325 2588 est,
1338 2513 1388 2575 sed
1398 2515 1510 2596 quodeo
1522 2525 1643 2598 propter

873 2621 934 2673 ooo,
949 2606 1021 2686 quio
1035 2626 1092 2667 non
1105 2627 1187 2669 erum
1199 2607 1257 2681 ioi3
1274 2606 1426 2680 observat,
1444 2607 1603 2669 diuinitate
1613 2615 1644 2670 et

872 2695 946 2770 illio,
962 2703 993 2758 et
1006 2699 1122 2778 ubique
1139 2705 1323 2779 presentem
1342 2700 1446 2775 fuisse,
1461 2701 1514 2759 sed
1532 2701 1642 2762 absen-

873 2793 936 2849 tem
950 2808 1078 2870 corpore
1095 2811 1102 2850 ε
1122 2812 1138 2848 u
1152 2793 1221 2851 Non
1241 2797 1308 2851 erat
1327 2790 1372 2850 ibi
1387 2793 1559 2853 seeundum
1573 2813 1646 2854 ear--

872 2900 957 2955 uem,
974 2880 1025 2943 bio
1047 2890 1113 2943 erat
1132 2883 1303 2944 seeundum
1327 2883 1521 2945 divinitatem
1542 2905 1548 2945 :
1570 2887 1644 2964 quia

873 2975 953 3035 Deus
967 2975 1083 3053 ubique
1092 2980 1146 3036 est.
1163 2996 1179 3033 u

913 3068 992 3128 Item
1015 3066 1055 3127 ud
1076 3067 1231 3128 Paulinum
1255 3065 1363 3128 uxxv‘.
1390 3089 1406 3126 (ι
1425 3068 1457 3130 Si
1473 3070 1574 3131 filium
1594 3089 1644 3131 eo-

872 3158 962 3237 gites,
989 3158 1101 3239 inquit,
1116 3160 1287 3221 seeundum
1308 3159 1440 3221 formam
1462 3162 1641 3239 divinitatis,

872 3257 903 3310 et
916 3251 981 3329 ipse
996 3270 1068 3312 oum
1089 3254 1182 3313 Patre
1205 3252 1320 3331 ubique
1341 3258 1397 3328 est,
1415 3259 1471 3314 eta.
1493 3255 1525 3315 Si
1538 3262 1643 3315 autem

872 3341 973 3402 lilium
1007 3343 1051 3403 sie
1084 3344 1259 3422 intelligas,
1284 3345 1457 3405 secundum
1486 3347 1570 3424 quod
1598 3365 1644 3407 as-

872 3433 1003 3512 sumpsit
1020 3453 1157 3510 earnem,
1174 3442 1205 3495 et
1222 3435 1305 3495 visus
1323 3443 1369 3497 est
1390 3437 1472 3497 inter
1488 3437 1641 3515 homiues,
1678 3447 1682 3454 ’

872 3531 903 3584 et
916 3526 1079 3587 eruoifixus
1092 3534 1148 3602 est,
1161 3533 1192 3586 et
1210 3528 1389 3604 resurrexit,
1407 3528 1551 3590 novimus
1569 3531 1643 3608 quia

872 3618 1011 3679 aseendit
1024 3619 1057 3679 in
1071 3619 1195 3694 eaelum,
1210 3624 1266 3680 eta.
1286 3619 1319 3679 Si
1340 3620 1478 3698 sepultus
1492 3623 1642 3683 Dominus

80 3705 260 3772 osmundum
274 3713 439 3773 hominem
451 3730 587 3791 namque
599 3713 633 3773 in
647 3719 730 3773 terra
744 3718 820 3787 erat,
873 3716 976 3772 noster
990 3711 1041 3771 bie
1052 3717 1130 3772 esset
1144 3712 1177 3771 in
1192 3716 1285 3780 terre,
1302 3717 1332 3772 et
1338 3712 1455 3790 jaceret
1469 3732 1581 3794 eorpus
1594 3715 1641 3794 ip·

76 3796 118 3871 ait,
130 3818 188 3861 uon
200 3804 233 3862 in
252 3805 345 3881 ooelo;
356 3804 411 3864 ubi
429 3823 514 3865 nuno
529 3810 585 3879 est,
602 3806 725 3882 quando
738 3805 821 3865 dioe—
873 3798 946 3877 sius,
957 3804 1112 3883 quomodo
1127 3803 1479 3883 aliorrjusmartyris,vel
1491 3808 1639 3886 Apostoli,

74 3885 123 3949 bol.
135 3890 222 3956 Neruo
236 3895 371 3959 aseendit
385 3901 418 3957 1η
432 3896 546 3973 calum,
562 3897 621 3956 uisi
633 3898 688 3977 qui
700 3895 735 3957 de
749 3895 822 3958 coelo
873 3897 1102 3958 attenderemus
1116 3914 1180 3970 eos,
1202 3898 1256 3975 qui
1277 3897 1312 3956 in
1331 3897 1461 3957 circuitu
1476 3898 1541 3977 ejus
1556 3906 1639 3973 sunt,

74 3979 213 4061 tuendi,
240 3987 330 4069 filias
354 3988 492 4063 dominis,
520 3990 574 4069 qui
601 3997 641 4049 eat
669 3992 700 4049 io
724 3988 819 4049 coelo:
873 3994 930 4048 eto.
946 3989 1036 4049 Nune
1049 3994 1154 4049 autem
1174 3987 1321 4063 aseendit,
1337 4006 1461 4049 sursum
1476 3996 1532 4050 est.
1552 4014 1563 4049 ι
1583 3992 1642 4053 Sed

72 4078 192 4150 quamne
209 4081 386 4142 moundum
406 4081 450 4157 id,
464 4081 547 4160 quod
569 4080 652 4141 filius
667 4080 721 4141 Dei
744 4087 820 4157 erat,
872 4079 1037 4141 innumera
1051 4082 1165 4160 passim
1186 4099 1241 4159 per
1266 4081 1428 4156 Augustini
1448 4082 1542 4142 libros
1560 4084 1641 4161 ejus·

72 4174 133 4227 eset
145 4169 176 4230 in
188 4173 265 4233 eoelo
282 4192 290 4235 :
308 4174 482 4234 seeundum
495 4174 526 4233 id
541 4191 624 4247 uero,
641 4174 725 4253 quod
739 4173 822 4234 filius
872 4172 1029 4233 dammodi
1046 4178 1212 4234 aecurrunt
1231 4172 1309 4233 loca.
1326 4173 1432 4251 ltaque
1454 4174 1559 4252 paucis
1576 4176 1642 4236 istis

71 4253 184 4324 hominis
190 4271 267 4339 erat,
274 4266 379 4327 adhue
386 4271 465 4327 esset
473 4266 506 4326 iu
517 4273 608 4339 terra,
620 4266 823 4345 nondumque
873 4266 1010 4326 conteuti
1023 4265 1074 4326 hio
1088 4265 1215 4327 erimus.

71 4355 233 4418 unauna
245 4359 281 4418 in
295 4358 420 4419 ooelum.
439 4380 453 4415 a
913 4358 965 4418 lV.
978 4358 1142 4436 Gregorius
1151 4360 1237 4438 Papa
1250 4358 1377 4419 homilia
1388 4376 1465 4419 xxrx
1475 4358 1511 4420 de
1521 4359 1639 4424 Christo

101 4443 151 4506 Sed
170 4450 254 4529 quod
273 4449 409 4528 subjicit,
425 4449 524 4510 multo
538 4457 584 4511 est
602 4449 784 4530 expressius,
793 4455 825 4511 et
874 4449 907 4508 iu
921 4448 1028 4510 oolam
1051 4448 1235 4525 ascendeute3
1265 4450 1349 4510 olllo
1367 4451 1482 4511 etenim
1504 4460 1638 4516 reverte-

71 4532 202 4600 effioarius
223 4543 267 4603 ad
288 4542 464 4604 elidendam
478 4541 656 4623 ubr'quitotis
670 4542 821 4618 fabulam,
872 4540 975 4617 batur,
991 4542 1104 4620 iuquit,
1125 4541 1179 4601 ubi
1199 4547 1264 4602 erat
1281 4549 1335 4602 :et
1353 4542 1425 4603 inde
1438 4544 1568 4621 redibat,
1585 4548 1639 4607 ubi

69 4643 120 4689 uon
135 4632 232 4696 solum
260 4635 402 4696 mortalis
415 4635 516 4696 adhue
540 4635 675 4696 hominis
698 4635 821 4702 Christi,
873 4634 1075 4695 remanebat:
1091 4634 1163 4712 quia
1184 4651 1257 4695 orum
1272 4653 1328 4713 per
1350 4635 1577 4698 humanitatem
1591 4658 1639 4700 aa·

68 4734 160 4783 rerum
185 4727 281 4788 etiam
302 4727 462 4806 regnantis
489 4726 522 4787 in
543 4727 632 4788 eaelo.
658 4729 825 4805 Postquam
873 4726 1017 4787 canderet
1029 4726 1062 4786 iu
1076 4726 1199 4800 eoelum,
1216 4744 1271 4805 per
1285 4726 1478 4787 divinitatem
1495 4746 1595 4807 suam,
1611 4737 1642 4793 et

68 4811 138 4874 euim
154 4816 242 4894 dixit,
267 4840 285 4877 u
299 4818 345 4879 ibi
364 4837 449 4879 nuno
468 4835 533 4880 esse
546 4816 708 4879 hominem
722 4819 824 4879 Chris·
872 4824 988 4878 terram
1001 4820 1115 4897 pariter
1129 4818 1316 4892 continebat,
1331 4824 1361 4878 et
1375 4818 1498 4881 ooelurn.
1518 4844 1530 4878 o

68 4905 125 4963 tum
136 4908 255 4983 lesum,
272 4911 359 4973 unde
372 4916 522 4971 reatinus
532 4917 617 4986 estu
635 4911 678 4971 ita
692 4911 826 4970 subinde
913 4910 1072 4971 Cassianus
1087 4928 1210 4989 quoque
1223 4911 1257 4969 in
1268 4910 1348 4970 libro
1362 4913 1521 4989 quartoue
1535 4913 1640 4979 locor-

68 4990 211 5075 loquitur:
232 5004 445 5065 «Secundum
458 5004 539 5064 hane
552 5003 686 5063 formam
700 5022 764 5077 non
780 5007 827 5062 est
876 5002 1008 5077 notione,
1043 5003 1141 5081 eapite
1164 5008 1268 5078 sexto,
1298 5008 1482 5065 naturarum
1508 5007 1639 5070 duarum

69 5093 208 5161 ruaudus
238 5096 360 5175 ubique
394 5095 533 5160 diffusus.
569 5095 749 5156 Cavendum
781 5111 827 5166 est
875 5093 1039 5153 discrimen
1073 5093 1156 5153 inde
1185 5099 1309 5172 sumpto
1348 5104 1532 5171 argumento
1569 5118 1641 5180 pua

1674 4941 1799 4987 motinus.

69 5180 209 5247 ntmzne
223 5187 268 5248 ita
281 5187 476 5249 divinitatem
489 5193 665 5249 astruamus
678 5186 824 5263 hominis,
875 5184 944 5257 bat,
981 5184 1056 5262 quia
1095 5184 1177 5245 idem
1219 5206 1234 5242 (ι
1269 5186 1408 5247 Verbum
1449 5190 1520 5264 llei,
1557 5195 1640 5272 quod

69 5276 264 5341 utraritatem
277 5280 416 5360 eorporis
429 5279 616 5342 auferamus.
627 5281 696 5342 Non
709 5284 756 5341 est
769 5296 824 5339 au·
877 5276 1066 5338 descendisse
1088 5276 1127 5338 de
1150 5277 1227 5338 coelo
1243 5278 1332 5358 dixit,
1355 5280 1448 5342 etiam
1467 5292 1553 5353 tune,
1569 5304 1640 5346 eum

100 5476 107 5520 t
120 5478 177 5525 luce
189 5493 250 5527 niu.
259 5481 313 5526 -2
325 5482 424 5539 tuneo.
435 5492 486 5529 ιιιι.
495 5505 523 5518 -
533 5482 548 5528 a
559 5481 639 5529 mou.
653 5480 824 5527 uu-tsturm.
839 5489 860 5530 x,
869 5481 895 5526 de
905 5482 969 5535 uoto.
980 5500 1008 5516 ·-
1017 5478 1032 5523 t
1042 5478 1101 5526 Tou.
1114 5476 1171 5524 tltl.
