4076 6180
306 361 366 421 696

306 523 437 584 letitiam
449 524 543 586 fuisse
557 526 697 594 abstrait,
712 526 745 585 in
760 542 854 604 quam
868 523 965 602 jurati
973 520 1075 580 initia·

306 615 421 676 bantur
435 616 581 696 episcopi.
605 618 751 697 Adeoque
770 617 919 694 stupidos,
936 620 966 674 et
975 612 1073 694 pulti-

302 705 490 787 phaponidae
499 710 592 771 luisse
601 715 755 771 nostrates
763 706 1076 769 Gallosltrausioanus

306 798 453 860 insititius
479 802 617 873 credidit,
650 806 686 861 nt
711 802 928 880 Episcopatum
957 797 1074 858 nemini

306 893 503 965 mandarent,
518 895 578 952 nisi
592 895 646 972 qui
661 894 747 973 prius
756 894 789 953 in
806 894 871 952 brae
886 890 1029 962 absurda,
1046 895 1077 949 et

306 983 433 1044 infanda
453 986 603 1064 jiuasset3
621 993 661 1047 ,nt
684 988 721 1046 Et
735 986 834 1046 Deum
849 989 998 1045 assereret
1012 1002 1077 1043 non

307 1078 499 1139 omnesvelle
514 1080 612 1139 salvos
626 1078 703 1155 lieri;
716 1079 934 1161 imomajorem
958 1082 1077 1156 partem

306 1168 595 1250 hominumpenitus
604 1172 686 1232 nolle
701 1171 904 1233 :etGhristnm
911 1171 1078 1231 Dominum

308 1260 416 1322 itidem
431 1264 495 1341 pati
510 1282 567 1343 pro
581 1264 725 1324 omnibus
747 1281 916 1337 recusasse3
933 1263 985 1322 sed
1000 1281 1077 1341 pau·

308 1353 351 1414 cis
362 1357 506 1433 exeeptis,
522 1357 634 1416 Adami
649 1356 809 1417 universos
821 1367 959 1435 posteros
973 1373 1077 1415 exsor-

308 1449 355 1506 tes
366 1447 587 1527 redemptionis
599 1449 682 1508 illius
694 1468 759 1509 esse
765 1448 911 1527 jussisse?
924 1448 1079 1507 Parumne

309 1555 384 1599 vero
397 1540 488 1599 certis
502 1539 532 1598 id
546 1542 836 1618 argumentisantea
851 1540 1078 1600 demonstravi·

310 1645 390 1698 mus,
407 1632 628 1710 Augustinnm,
645 1635 843 1714 Prosperum,
867 1641 896 1693 et
924 1632 999 1692 alios
1014 1633 1076 1693 Αιι-

309 1722 424 1800 gustini
454 1729 636 1798 sectatores;
665 1731 733 1786 tum
767 1726 861 1786 etiam
888 1724 1078 1786 Gothescalci

310 1812 484 1875 defensores
499 1817 733 1895 Lugdunenses,
753 1819 854 1896 etqui
878 1817 1078 1877 Valentinum

310 1907 475 1966 concilium
488 1907 693 1983 celebrarunt,
710 1929 746 1970 ac
765 1916 860 1970 totam
876 1910 961 1969 illam
982 1909 1077 1969 foede-

310 2003 449 2059 natorum
484 2006 590 2060 contra
617 2002 834 2062 Garisiaeenses
863 2002 1077 2081 episcoporum

310 2106 450 2164 manum,
468 2093 602 2154 multum
617 2094 655 2153 ab
682 2092 843 2154 Prudentii
857 2095 1003 2173 opinione
1020 2096 1079 2154 dis-

311 2184 472 2261 crepasse?
489 2187 566 2245 Nam
596 2205 633 2246 ex
657 2187 781 2247 illorum
796 2187 914 2266 placitis
937 2187 969 2246 id
992 2190 1078 2265 sequi

264 2312 266 2323 ·
311 2277 482 2336 necessario
530 2278 753 2356 probavimus,
804 2281 900 2339 lleum
926 2280 1075 2358 reprobis,

311 2374 463 2446 quantum
481 2370 512 2430 in
526 2388 558 2430 se
579 2377 636 2443 est,
654 2376 684 2431 et
700 2372 802 2450 quoad
817 2371 896 2444 lixae,
917 2391 952 2432 ac
966 2376 1079 2433 eonsti-

312 2465 386 2520 tutae
401 2460 484 2537 leges
496 2462 646 2538 generalis
655 2462 796 2522 omnium
806 2464 1079 2525 administrationis

310 2550 426 2623 terunt,
450 2553 581 2614 salntem
609 2554 686 2614 velle
709 2555 856 2616 tribuere.
885 2559 949 2617 Hoc
975 2558 1077 2636 ipsum

312 2644 445 2723 denique
465 2664 648 2725 persuasum
672 2648 806 2727 antiquis
826 2649 895 2722 iltis,
923 2668 958 2710 ac
986 2651 1078 2711 totius

312 2736 452 2798 Ecclesiae
466 2756 615 2799 consensu
628 2745 785 2818 receptum
799 2740 903 2811 fuisse,
918 2742 955 2802 de
967 2743 1079 2802 Christi

311 2829 534 2909 redemptione,
551 2833 635 2910 qnod
650 2833 820 2893 Tridentini
839 2834 942 2894 Patres
959 2834 997 2894 de
1011 2853 1078 2895 om-

311 2921 400 2982 nium
415 2923 633 2984 catholicorum
643 2924 795 2985 sententia
806 2926 1077 3003 pronuntiarunt¹.

316 3034 331 3070 a
354 3014 418 3073 Etsi
444 3015 496 3076 ille
517 3035 572 3095 pro
591 3017 736 3077 omnibus
763 3031 905 3078 mortuus
933 3024 989 3093 est,
1014 3038 1078 3079 non

312 3121 420 3165 omnes
446 3111 552 3167 tamen
573 3108 679 3168 mortis
707 3109 773 3187 ejus
802 3109 988 3170 beneficium
1002 3112 1079 3171 reei-

310 3214 401 3276 pere:
418 3199 471 3259 sed
485 3218 537 3259 eos
551 3200 711 3274 duntaxat,
730 3201 842 3280 quibus
853 3203 1000 3263 meritum
1013 3221 1080 3282 pas-

312 3289 406 3349 sionis
416 3290 482 3369 ejus
497 3292 751 3354 communicatur.
769 3315 784 3350 n

352 3382 469 3454 Quibus
477 3384 579 3444 verbis
590 3404 654 3444 non
668 3403 720 3445 eos
729 3386 827 3457 solos,
843 3386 897 3464 qui
912 3386 1079 3465 aliquando

250 3527 254 3536 .
312 3474 520 3551 crediderunt,
537 3476 577 3536 ad
591 3477 702 3537 Christi
717 3478 829 3538 docent
843 3478 1027 3556 passionem,
1044 3499 1079 3540 ae

311 3566 459 3626 meritum
474 3569 628 3646 pertinere
638 3590 644 3628 :
653 3570 705 3629 sed
714 3570 807 3629 etiam
816 3570 1077 3648 reliquosomnes,

312 3658 366 3735 qui
391 3659 426 3718 in
449 3660 569 3720 Christo
593 3680 755 3741 nunquam
778 3662 877 3723 renati
900 3669 973 3722 sunt
996 3682 1003 3721 ε
1023 3682 1080 3743 pro

312 3748 426 3829 quibus
439 3754 480 3812 ita
494 3753 558 3831 pati
573 3754 681 3827 voluit,
694 3761 729 3814 ut
747 3764 852 3814 umen
865 3755 1003 3815 caeritum
1015 3774 1082 3835 pos·

311 3840 399 3902 uonr's
412 3843 496 3904 illius
517 3845 619 3924 adepti
640 3865 705 3906 non
725 3846 850 3907 fuerint.
864 3847 903 3906 Et
916 3848 973 3907 hos
986 3848 1081 3927 igitur

313 3932 492 4012 Pelagianos
505 3955 570 3996 non
594 3938 745 3998 dubitavit
759 3955 823 3998 esse
837 3938 1029 4015 Vincentius,
1046 3947 1080 4005 ut

312 4030 342 4086 et
353 4027 502 4105 magister
511 4028 578 4105 ejus
587 4031 779 4090 Armaeanus
796 4048 952 4090 :necnon
972 4031 1079 4092 Petrus

314 4118 472 4179 Aurelius²
497 4140 504 4179 ε
526 4122 580 4197 qui
603 4120 806 4182 Valentinum
834 4122 1017 4199 concilium,
1042 4142 1079 4185 ae

311 4211 515 4272 Prudentinm
524 4212 670 4289 affirmat,
690 4236 705 4271 a
738 4220 844 4274 contra
863 4214 1033 4293 theologos,
1049 4222 1079 4276 et

311 4304 468 4383 episcopos
482 4305 580 4365 aetads
594 4324 669 4377 sitae,
686 4308 737 4383 qui
753 4305 792 4366 ab
807 4306 1076 4385 exploratahugu-

310 4396 394 4465 stini,
418 4415 614 4457 summorum
640 4397 836 4475 pontificum,
859 4399 1076 4459 conciliorum·

310 4505 370 4567 qne
382 4489 522 4548 doctrina
547 4488 704 4549 aberrasse
727 4488 924 4564 videbantur,
937 4489 1076 4567 judicare

309 4597 374 4639 non
388 4579 556 4649 dubitasse,
575 4582 673 4640 Deum
688 4598 739 4640 eos
753 4581 853 4640 salvos
865 4580 964 4641 facere
979 4581 1072 4656 nolle,

308 4689 383 4747 quos
401 4672 441 4731 ad
470 4671 600 4732 salutem
628 4690 691 4731 non
719 4671 926 4732 adduceret.»
954 4673 1012 4732 Sed
1034 4675 1072 4735 de

307 4763 488 4837 Prudentio,
519 4783 555 4824 ae
582 4768 646 4824 tota
672 4764 725 4823 illa
750 4763 817 4841 ejus
843 4764 964 4824 actione
997 4765 1071 4826 satis

307 4854 416 4916 multa.

347 4947 465 5007 Prodiit
487 4965 588 5026 nuper
617 4947 774 5008 inlunem
804 4947 864 5007 hoc
888 4948 954 5026 ipso
984 4966 1073 5008 anno

217 5041 222 5052 '
308 5038 470 5100 Prudentii
483 5038 646 5099 Tricassini
666 5037 744 5099 liber
755 5036 789 5098 de
811 5035 1075 5101 predestinatione

307 5136 415 5197 eontra
438 5131 592 5192 loannem
620 5132 757 5191 Scotum.
789 5131 888 5204 Quem
916 5148 988 5191 cum
1016 5150 1073 5210 ego

306 5239 530 5304 percurrerem,
553 5221 706 5283 nonnulla
720 5222 753 5282 in
781 5241 818 5284 eo
835 5222 936 5300 reperi
956 5223 1075 5284 abillis

306 5313 496 5391 dissidentia,
511 5332 581 5395 quae
597 5313 680 5375 illius
694 5332 732 5374 ex
744 5314 873 5394 epistola
888 5331 1072 5391 commemo,

817 353 1144 419 THEOLOGlCORUM
1164 353 1385 415 DOGMATUM

1122 519 1189 579 ravi
1206 519 1266 579 :iis
1289 526 1396 581 autem
1420 526 1639 595 consentanea,
1653 539 1724 599 quoe
1753 538 1793 580 ex
1815 520 1894 579 anti·

1124 612 1271 692 quiorum
1298 614 1425 692 pariter,
1441 620 1473 674 et
1495 615 1703 674 recentiorum
1730 598 1892 690 dugustini

1124 710 1321 780 sectatorum,
1336 712 1367 766 et
1386 706 1524 785 ipsorum
1545 706 1633 781 adeo,
1658 706 1714 784 qni
1734 703 1891 764 Prudentii

1126 797 1530 877 aequalesluerunt,scriptis
1539 797 1793 877 efficipaulouute
1803 796 1893 855 docui

1127 889 1274 950 nimirum
1289 891 1494 968 reproborum
1507 891 1668 951 interitum
1678 909 1743 951 non
1755 908 1794 950 ex
1806 888 1895 949 desti-

1127 991 1210 1055 nata,
1227 988 1258 1043 et
1271 990 1353 1043 certa
1365 982 1432 1042 lieri
1440 984 1600 1043 voluntate
1616 983 1669 1043 Dei
1685 1002 1692 1041 :
1710 982 1762 1042 sed
1775 1000 1815 1041 ex
1827 980 1894 1040 illo·

1126 1095 1197 1136 rum
1219 1075 1394 1135 voluntaria
1419 1081 1450 1136 et
1484 1076 1633 1154 pertinaci
1663 1075 1893 1135 obduratione:

1126 1187 1221 1247 quam
1235 1168 1408 1247 praevidens
1433 1170 1524 1240 Deus,
1554 1167 1669 1227 frustra
1695 1167 1845 1226 invitatos
1859 1166 1895 1224 ad

1126 1260 1342 1339 poenitentiam
1356 1277 1393 1319 ac
1414 1260 1544 1319 saltitem
1565 1259 1763 1339 sempiternis
1784 1258 1897 1318 addicit

1128 1352 1291 1431 suppliciis.
1311 1354 1348 1412 Ιιι
1363 1352 1460 1431 capite
1481 1353 1583 1431 primo
1601 1352 1673 1412 libri
1700 1351 1795 1422 illius,
1814 1356 1896 1427 post-

1127 1463 1221 1522 quam
1236 1463 1273 1503 ex
1284 1444 1441 1522 Fulgentii
1454 1444 1632 1504 testimonio
1640 1444 1746 1503 docuit
1756 1442 1780 1517 ³,
1793 1461 1896 1522 aprae-

1127 1537 1364 1597 destinationem
1381 1537 1433 1597 [tei
1448 1554 1513 1597 esse
1535 1538 1758 1615 sempiternam
1771 1535 1896 1614 disposi-

1129 1629 1255 1689 tionem*
1287 1629 1382 1689 luturi
1420 1631 1522 1709 operis
1557 1630 1624 1699 θεὴ
1661 1651 1676 1686 ιι
1713 1629 1753 1687 dc
1789 1629 1896 1687 eadem

1130 1721 1410 1798 praedestinatione,
1435 1740 1496 1801 qua
1518 1722 1557 1780 ad
1578 1720 1725 1800 reprobos
1752 1721 1895 1800 pertinet,

1128 1814 1172 1873 ita
1183 1814 1340 1891 loquitur:
1361 1814 1448 1873 «Sed
1468 1813 1639 1873 voluntarie
1655 1812 1837 1873 incrimine
1857 1811 1898 1870 la·

1131 1904 1391 1984 hentes,atqueiu
1399 1906 1443 1966 eis
1452 1906 1898 1984 obstinatissimeperdnrantes

1126 1996 1209 2075 justo
1238 1998 1340 2076 punit,
1360 1998 1443 2077 juste
1468 1998 1665 2058 condemnat.
1694 1997 1897 2075 Nequaquam

1128 2092 1211 2149 enirn
1222 2090 1375 2167 justitiam
1398 2096 1544 2164 servaret,
1560 2089 1616 2149 nisi
1639 2106 1703 2148 asc
1721 2088 1897 2147 voluntaria

1123 2181 1296 2242 'delectione
1309 2200 1441 2256 aversos,
1457 2200 1492 2241 ac
1510 2181 1699 2254 recedentes,
1715 2198 1822 2258 neque
1836 2179 1899 2239 ulla'

1128 2276 1327 2335 conversione
1347 2274 1437 2333 adse
1458 2274 1623 2334 redeuutes
1647 2274 1898 2352 prevaricatores

1129 2369 1247 2427 meritis
1264 2368 1364 2447 poenis
1388 2366 1554 2426 addiceret.
1575 2366 1654 2439 Quia
1678 2368 1788 2425 autem
1798 2364 1899 2441 justus

1129 2464 1185 2527 est,
1202 2459 1513 2534 etjustitiamservat,
1530 2464 1560 2518 et
1569 2458 1688 2518 tamdiu
1703 2457 1897 2517 inexhausta

1128 2552 1274 2612 bonitatis
1288 2550 1505 2629 straepatientia
1514 2551 1613 2610 malos
1624 2548 1894 2617 toleratmuueri-

1128 2645 1186 2704 hus
1202 2645 1307 2717 donat,
1324 2643 1459 2722 praemiis
1481 2643 1609 2716 invitat;
1625 2661 1683 2703 nee
1707 2648 1815 2702 tamen
1837 2640 1898 2699 ullo

1127 2742 1222 2797 tantae
1241 2736 1438 2809 benignitatis
1461 2735 1665 2795 medicamine
1687 2734 1897 2804 molliuntur3

1129 2829 1314 2908 quinpotius
1324 2827 1528 2888 obduratione
1538 2826 1784 2901 irrevocabili,et
1793 2826 1897 2902 ingra-

1127 2921 1262 2982 titudine
1273 2920 1415 2980 horribili
1428 2920 1459 2978 iu
1477 2919 1539 2979 suis
1557 2919 1741 2979 voluntariis
1756 2918 1898 2996 iniquita-

1129 3013 1210 3073 tibus
1233 3017 1440 3092 perseverant,
1467 3012 1605 3090 aequitati
1624 3011 1691 3089 ejus
1717 3010 1897 3070 omnimodo

1130 3105 1308 3184 dignissime
1323 3103 1479 3182 competit,
1496 3109 1531 3162 ut
1545 3121 1623 3181 qnos
1640 3103 1757 3162 invicta
1780 3101 1899 3161 bonitas

1130 3196 1308 3256 nullatenus
1320 3194 1501 3255 revocavita
1511 3195 1634 3265 scelere,
1646 3200 1763 3255 aeterna
1774 3194 1899 3272 aequitas

1131 3289 1239 3369 puniat
1254 3289 1286 3347 in
1299 3289 1471 3347 tormentis
1486 3308 1501 3342 ιι
1530 3287 1599 3346 Νοιι
1623 3286 1717 3363 igitur
1740 3285 1781 3345 ob
1801 3285 1898 3345 solum

1131 3380 1281 3459 originale
1294 3384 1452 3459 peecatum
1476 3378 1615 3439 absolute
1629 3378 1729 3457 pernis
1753 3378 1899 3437 addicun-

1131 3479 1183 3532 tur
1197 3472 1321 3534 aeternis
1338 3492 1344 3528 :
1360 3488 1463 3549 neque
1477 3470 1668 3530 «voluntatis
1682 3469 1766 3529 illius
1779 3470 1899 3548 penitus

1131 3571 1253 3625 nonest
1268 3570 1302 3623 ut
1316 3564 1492 3623 salventur:
1510 3584 1524 3619 n
1542 3564 1625 3642 quod
1645 3562 1678 3622 in
1701 3561 1834 3640 epistola
1847 3579 1899 3620 sna

1130 3658 1242 3736 posuit.
1259 3655 1383 3734 Alioqui
1403 3673 1466 3715 nou
1491 3654 1636 3715 «invicte
1655 3654 1796 3713 bonitate
1817 3671 1900 3713 rero

1131 3768 1199 3810 care
1214 3749 1283 3808 illos
1296 3768 1312 3807 a
1324 3747 1437 3807 scelere
1450 3752 1616 3806 conaretur
1632 3766 1639 3806 ε
1654 3764 1711 3806 nec
1728 3743 1899 3821 «benigni-

1130 3841 1200 3901 tatis
1230 3859 1295 3900 suee
1328 3839 1532 3899 medicamine
1567 3838 1687 3897 mollire
1719 3837 1790 3896 illos
1813 3864 1826 3888 ι
1862 3837 1896 3893 ad

1131 3933 1376 4006 conversionem,
1405 3937 1436 3992 et.
1464 3930 1596 3991 invitare
1626 3931 1798 3992 diceretur.
1832 3946 1899 4013 qnae

1131 4024 1248 4095 omnic,
1260 4025 1285 4083 si
1293 4024 1413 4083 nullam
1425 4023 1548 4101 penitus
1559 4039 1669 4082 eorum
1679 4021 1897 4081 salvandorum

1129 4115 1322 4176 voluntatem
1345 4114 1473 4174 haberet
1497 4115 1591 4186 Deus,
1615 4114 1697 4189 licta,
1714 4120 1746 4172 et
1766 4114 1804 4172 ad
1832 4113 1897 4172 illn-

1129 4210 1265 4269 dendum
1275 4205 1572 4286 comparatamcrito
1583 4212 1800 4265 censerentur.

1170 4300 1286 4359 Deinde
1310 4298 1381 4358 lihri
1408 4298 1546 4376 ejusdem
1573 4299 1671 4377 capite
1700 4297 1867 4357 undecimo
1876 4294 1894 4366 ⁵.

1128 4410 1199 4453 cum
1214 4393 1349 4452 loannes
1360 4392 1469 4451 Scotus
1478 4390 1648 4467 objecisset,
1666 4389 1725 4449 «Si
1740 4386 1898 4467 praedesti-

1126 4484 1193 4544 nati
1208 4488 1280 4543 sunt
1294 4483 1331 4543 ad
1343 4499 1467 4560 pmnam
1481 4481 1626 4559 reprobi:
1641 4480 1898 4558 neeessarioperi·

1126 4582 1223 4650 turos,
1242 4592 1410 4653 poenasque
1437 4591 1581 4653 passuros
1610 4572 1844 4633 inevitabilem»
1858 4572 1896 4631 ita

1127 4667 1311 4727 Prudentius
1334 4666 1484 4726 occurrit.
1509 4666 1609 4725 «Non
1635 4665 1704 4725 ideo
1722 4663 1756 4723 fit
1771 4662 1894 4743 aliquid,

1130 4760 1202 4833 quia
1220 4761 1300 4819 lteus
1315 4758 1484 4836 praescivit3
1502 4757 1555 4816 sed
1579 4757 1649 4816 ideo
1674 4754 1725 4815 ille
1739 4756 1897 4834 praescivit,

1128 4853 1201 4933 quia
1213 4853 1355 4911 futurum
1369 4848 1457 4910 seivit
1473 4867 1526 4921 ;ae
1538 4867 1593 4927 per
1608 4849 1667 4908 hoc
1677 4865 1740 4906 non
1754 4853 1800 4906 cst
1811 4846 1896 4925 culpa

1127 4943 1326 5026 praescientis,
1342 4949 1374 5001 et
1396 4939 1647 5020 praedestinantis
1667 4940 1733 5005 Dei,
1750 4939 1777 4998 si
1791 4938 1897 5017 aliquis

1127 5039 1222 5119 perit;
1243 5037 1296 5096 sed
1310 5040 1459 5094 creaturae
1470 5031 1639 5103 rationalis,
1653 5048 1723 5110 quae
1736 5030 1797 5090 sihi
1810 5028 1896 5090 meri·

1124 5139 1191 5192 tum
1204 5126 1355 5209 pereundi
1365 5123 1602 5199 malevivendo,
1616 5123 1745 5201 ejusque
1752 5120 1894 5182 bonitatis

1125 5219 1322 5301 largitatibus
1341 5216 1499 5278 abutendo
1513 5215 1714 5294 comparavit.
1736 5212 1892 5274 Prodesti·

1124 5315 1210 5376 navit
1232 5312 1326 5391 igitur
1352 5312 1432 5371 Deus
1449 5314 1628 5388 peccantem
1648 5306 1686 5367 ad
1710 5305 1892 5385 supplicium

332 5522 341 5564 1
353 5521 441 5566 Triton.
454 5533 482 5571 ιι,
493 5532 554 5566 conc.
567 5521 624 5566 see.
637 5529 669 5571 u,
682 5530 729 5574 cap.
745 5531 779 5563 ιιι.
791 5541 819 5552 -
828 5517 907 5563 tPotr.
919 5518 975 5564 Aur.
987 5519 1013 5562 tn
1022 5522 1069 5564 octo
1078 5520 1227 5573 canc.spona.
1237 5516 1282 5559 -t
1293 5514 1360 5560 rma.
1371 5512 1423 5556 -t
1436 5512 1493 5557 thid.
