3936 6146
528 311 578 370 DE
598 311 896 389 inclamatione,
918 315 990 377 LIB.
1011 315 1054 389 X,
1076 316 1160 377 CAP.
1183 316 1234 375 Vl.
1614 317 1672 377 3⁷9

908 476 1104 556 prestantius
1125 477 1287 557 praedieari
1301 478 1433 554 videtur,
1449 477 1480 538 id
1502 477 1547 538 illi
1570 478 1672 538 statim

907 569 1034 631 abortu
1061 588 1116 631 suo
1141 588 1320 632 eoncessum
1347 570 1486 631 arbitrati
1513 576 1602 645 sunt3
1616 588 1673 631 neo

907 663 1177 727 animadveterunt
1218 664 1301 725 idem
1335 682 1446 743 eorpus
1477 682 1495 723 a
1530 663 1673 723 Patribus

305 713 504 797 CAPUT
559 720 633 801 Vl·
911 756 1043 816 avocari
1075 756 1284 835 corruptibile,
1314 761 1345 817 et
1370 755 1603 835 incorruptibile
1620 774 1627 814 :
1644 760 1675 814 et

908 866 978 909 anm
993 850 1190 929 corruptibile
1207 850 1382 926 nominent,
1398 849 1438 909 ad
1455 854 1578 927 tompus
1592 866 1673 908 osco-

907 942 1020 1002 nomiae
1049 943 1221 1003 secundnm
1248 960 1373 1003 carnem
1400 942 1578 1020 respicere:
1602 956 1674 999 cum

104 1044 225 1107 murra
238 1046 368 1127 corporis
391 1044 507 1109 chrispi
525 1055 588 1127 pop
609 1050 855 1113 ,mmmmm
907 1051 981 1093 vero
996 1033 1240 1113 incorruptibile,
1249 1034 1287 1094 ad
1295 1042 1417 1113 tempus
1428 1032 1672 1106 resurrectionis,

138 1140 164 1199 ι,
183 1136 415 1219 lmmptipite
436 1140 491 1219 φή
507 1139 624 1201 dicatur
650 1148 727 1213 ame,
749 1150 776 1202 pp
794 1151 861 1223 pop
908 1131 939 1186 et
960 1126 999 1185 nd
1025 1126 1180 1187 infinitum
1209 1125 1352 1204 deinceps
1378 1127 1537 1186 saeculnm.
1552 1125 1584 1185 Si
1606 1123 1676 1202 quis

135 1231 383 1291 remmrtionem.
399 1232 430 1291 p,
446 1231 664 1299 Hoerpppomm
678 1235 785 1315 opimo,
797 1243 860 1315 pop
908 1236 981 1279 rora
997 1218 1088 1293 dieat,
1104 1218 1274 1279 secundum
1288 1218 1495 1279 arrhabonem
1513 1219 1675 1295 incorrup-

136 1322 367 1385 remrrempnem
387 1328 603 1386 murpppmegge
624 1344 726 1406 corpus
747 1325 864 1387 Christi
913 1310 1071 1381 tibilitatis,
1083 1311 1149 1388 jam
1163 1328 1275 1389 eorpus
1287 1311 1399 1370 habere
1407 1311 1499 1372 Verbi
1515 1311 1674 1387 incorrup-

133 1413 309 1495 putautr'um.
326 1414 758 1493 Spr'ritunlioilliusronditr‘o.
772 1422 801 1479 3.
818 1418 861 1480 De
909 1402 1099 1477 ilhlfflflissffir
1134 1406 1260 1481 1³1⁰ow
1290 1422 1395 1481 quami
1431 1404 1500 1463 litei
1533 1407 1677 1462 nimrim

135 1504 336 1587 quaeritanda
369 1507 503 1568 Amelmf
529 1510 681 1571 sententis„
717 1511 861 1591 Ejugpem
910 1494 1142 1573 corruptibilem
1156 1494 1294 1571 haberat,
1308 1514 1372 1555 non
1386 1496 1627 1575 estpermissum
1641 1498 1677 1552 ut

136 1594 339 1666 nrpnmentum
353 1586 430 1667 quod
440 1607 494 1667 per
508 1588 619 1650 clausas
632 1590 800 1670 junonem
814 1591 861 1651 olr-
910 1591 1174 1664 corrumperetur,
1198 1605 1263 1647 non
1290 1589 1485 1648 contendam.
1513 1608 1527 1644 n
1560 1585 1677 1659 Quibus

135 1679 240 1739 stantia
271 1697 395 1759 quaque
421 1682 632 1759 penetraverit.
674 1685 705 1743 4.
741 1681 863 1745 Caluini
910 1678 1016 1745 turbis
1037 1679 1270 1756 incorruptibile
1289 1680 1401 1741 Christi
1419 1698 1529 1759 eorpus
1544 1677 1676 1758 perfecte

136 1770 291 1842 columnia,
311 1770 534 1850 llbipur'stornnr
548 1793 679 1835 errorem
703 1773 864 1836 Catholicis
911 1772 1126 1850 quidempost
1135 1773 1389 1833 resurrectionem
1401 1779 1488 1848 ;ante
1501 1773 1581 1832 banc
1590 1788 1674 1846 vero,

136 1864 208 1944 salso
232 1864 399 1925 tribuentis.
433 1866 462 1925 5.
494 1866 661 1946 Befellr'tnr
692 1866 862 1930 Graecorum
912 1870 1039 1924 eatenus
1053 1864 1188 1942 potuisse
1202 1864 1262 1925 dioi
1282 1866 1406 1941 asserit,
1419 1865 1501 1944 quod
1515 1863 1571 1923 etsi
1584 1867 1675 1923 natu-

137 1958 264 2036 primum
284 1958 411 2016 Patrurn
436 1959 623 2032 auctoritate,
640 1960 693 2039 qui
715 1959 862 2021 Christum
911 1957 1017 2016 ratitor
1030 1957 1185 2035 corrumpi
1209 1963 1339 2035 poterat,
1356 1977 1419 2018 non
1444 1963 1548 2018 tamen
1569 1961 1604 2015 nt
1617 1956 1676 2016 hoo

136 2066 188 2129 per
194 2046 292 2107 clausa
301 2056 466 2128 penetrasse
472 2049 621 2113 obstaculo
629 2049 740 2113 docem.
749 2055 778 2112 7.
790 2053 863 2113 Tum
912 2053 1080 2128 pateretur,
1096 2049 1303 2128 permissurus
1317 2057 1381 2110 erat
1391 2052 1481 2111 Dens.

139 2139 321 2203 latinorum.
953 2141 995 2199 ll.
1019 2141 1100 2212 Quin
1114 2140 1237 2218 ipsimet
1256 2142 1401 2215 haeretiei,
1419 2142 1473 2221 qni
1490 2139 1676 2219 incorrupti-

912 2231 1005 2292 bilem
1016 2231 1224 2293 inisseChristi
1233 2234 1555 2308 tarnemabsolnte,ac
1565 2240 1679 2293 natum

17 2324 88 2419 {³⁸³⁶ng
140 2329 165 2387 l.
175 2328 316 2400 Quamex
330 2326 498 2387 divinitatis
509 2329 662 2388 consortio
678 2329 865 2401 redundasse
913 2325 1143 2399 suadixerunt;
1159 2343 1222 2383 non
1236 2331 1341 2385 tamen
1362 2326 1556 2397 dubitarunt,
1577 2326 1616 2385 ad
1634 2323 1679 2383 illi

17 2434 73 2492 mrito
107 2421 230 2480 diximus
243 2419 273 2478 in
289 2436 413 2479 carnem
428 2419 540 2479 Christi
550 2420 706 2497 dignitatis
717 2421 867 2481 excellen-
914 2421 982 2495 post
993 2420 1250 2477 resurrectionem
1264 2419 1418 2497 praecipue
1428 2418 1616 2480 convenisse.
1631 2417 1678 2477 Sir

17 2494 79 2578 iiii?
106 2514 184 2589 bem,
200 2530 235 2573 ea
248 2516 317 2571 turn
331 2511 458 2575 demum
474 2512 606 2590 perferte
617 2513 736 2590 obtigit,
753 2531 824 2575 cum
835 2530 865 2572 se
915 2509 999 2571 enim
1007 2509 1089 2587 apud
1100 2509 1328 2570 Tlreodoretum
1338 2510 1461 2573 illorum
1472 2516 1573 2590 partes
1586 2527 1681 2587 agens

17 2600 77 2684 ῗηζῖ
107 2603 284 2667 mortalitate
314 2602 492 2681 perfunctus
520 2622 632 2663 noram
662 2605 804 2665 excitarit
827 2604 867 2663 ad
916 2602 1081 2673 Eranistes,
1106 2619 1175 2662 enm
1191 2602 1230 2661 ab
1243 2603 1310 2680 ipso
1325 2610 1473 2682 conceptu
1489 2603 1600 2663 Christi
1612 2619 1680 2662 eor-

17 2702 76 2793 ξιξ
107 2697 205 2759 uitam.
223 2697 311 2755 Tuae
324 2694 408 2755 enim
429 2696 617 2773 corruptela,
642 2702 673 2756 et
686 2696 866 2757 infirmitate
916 2693 1028 2770 pasin
1053 2693 1189 2752 divinam
1209 2700 1365 2755 mutatum
1388 2712 1452 2754 esse
1477 2695 1682 2754 substantiam

77 2781 209 2868 posita,
237 2804 354 2847 navum
392 2787 568 2865 auspicatus
595 2793 641 2847 est
665 2793 779 2848 statum
804 2807 810 2846 :
834 2787 868 2847 ia
917 2789 1008 2844 antea
1034 2783 1186 2850 dixisset²,
1204 2803 1278 2844 mox
1303 2786 1403 2845 allatis
1430 2786 1462 2845 in
1493 2787 1683 2846 eontrarium

108 2882 198 2940 Deum
207 2886 289 2940 totus
301 2878 530 2958 quodammodo
540 2878 703 2958 absorptus
711 2880 865 2939 esthamo.
917 2876 1108 2954 argumentis
1122 2881 1245 2938 coaetus
1265 2878 1384 2953 cedere,
1398 2877 1516 2956 abipsa
1529 2896 1682 2939 resurree-

107 2972 169 3045 Qua
201 2973 238 3033 de
270 2988 306 3032 re
338 2970 470 3033 mirifica
496 2978 579 3041 sunt,
611 2989 680 3050 quae
704 2972 869 3049 Gregorius
919 2970 1001 3031 tione
1012 2968 1192 3027 mutationis
1205 2968 1288 3028 illius
1300 2969 1424 3029 initium
1438 2971 1569 3047 repetiit.
1590 2991 1605 3025 u
1615 2970 1685 3028 Non

107 3063 253 3141 Nyssenus
275 3064 313 3123 iis
341 3062 374 3121 in
400 3062 474 3122 loeis
498 3062 640 3135 tradidit,
667 3082 736 3141 quae
772 3063 869 3143 rapite
919 3065 1061 3121 aenimate
1086 3065 1220 3138 tempus,
1247 3061 1362 3139 inquit,
1388 3061 1503 3121 definit.
1524 3062 1603 3121 Nam
1618 3066 1686 3140 post

108 3153 202 3231 primo
216 3152 288 3212 libri
297 3151 392 3228 hujus
402 3151 618 3229 exscripsimus
631 3170 638 3226 ;
653 3158 683 3211 et
692 3152 869 3230 vero,qnod
918 3151 1176 3212 resurrectionem
1191 3170 1210 3211 a
1228 3154 1369 3227 mortuis,
1390 3172 1460 3213 caro
1481 3153 1686 3213 mutationem

108 3249 171 3304 erat
201 3262 340 3316 neeesse,
374 3242 560 3303 declarando
595 3243 797 3322 purgavimus
830 3244 869 3304 ab
920 3243 955 3302 in
969 3244 1105 3303 divinam
1120 3245 1686 3324 naturamrecepit“.uVer11minstat

107 3337 272 3417 suspicione
299 3335 377 3395 labis
402 3334 577 3409 haereticae,
609 3336 781 3415 eujusmodi
812 3335 871 3396 fuit
921 3335 1126 3406 Ortbodouus,
1149 3341 1180 3394 et
1201 3336 1378 3415 hujusmodi
1402 3337 1607 3397 mutationem
1622 3354 1687 3395 non

108 3426 868 3507 Apollinaristarum,aeposteosEutychianornm.
921 3445 986 3487 esse
1009 3427 1121 3486 laetam
1143 3426 1285 3503 adstruit,
1301 3434 1337 3487 ut
1354 3427 1555 3490 humanitatis
1576 3435 1688 3487 natura

108 3521 174 3580 Non
187 3520 237 3580 illa
249 3523 388 3599 repetam
403 3517 462 3578 bac
474 3516 564 3594 loeo,
583 3518 636 3578 sed
649 3519 751 3579 valere
765 3524 870 3581 tamen
920 3520 1044 3598 penitus
1072 3518 1205 3578 extincta
1233 3519 1293 3579 sit:
1310 3521 1369 3580 hoe
1386 3526 1443 3595 est,
1462 3528 1497 3580 ut
1520 3519 1689 3579 substantia

108 3612 145 3671 ad
157 3612 215 3671 bne
228 3609 373 3685 monebo,
391 3616 426 3669 ut
439 3614 583 3671 naturam
595 3610 767 3675 humanam
780 3610 871 3671 intel·
921 3611 1057 3673 hominis
1070 3611 1134 3689 ipsa
1157 3610 1190 3670 in
1204 3611 1341 3671 divinam
1350 3613 1422 3671 'tota
1444 3612 1577 3673 cesserit.
1594 3611 1690 3689 Cujus

107 3702 183 3783 ligas
194 3703 354 3765 ianristo
369 3703 717 3781 postresnrreetionem,
743 3704 872 3781 propius
921 3703 966 3763 rei
980 3703 1072 3762 fidem
1083 3703 1200 3766 faciunt
1211 3721 1323 3763 manns
1336 3706 1485 3784 scpodes,
1495 3722 1567 3765 oum
1581 3704 1687 3777 latere,

107 3797 146 3856 ad
159 3797 322 3875 qnamdam
338 3793 515 3874 pervenisse
530 3794 700 3859 diuinitatis
713 3796 872 3875 participa·
921 3795 1088 3856 uulnerum
1117 3795 1266 3874 impressa
1300 3802 1508 3857 monstrantes
1534 3797 1664 3872 vestigia
1680 3817 1687 3855 ε

107 3889 232 3964 tionem,
245 3889 305 3948 hoe
319 3886 405 3947 estin
419 3886 538 3964 gloriae,
556 3886 873 3966 splendoris,immor·
921 3888 1092 3967 praesertim
1106 3906 1177 3948 oum
1191 3888 1465 3967 ipsemetChristus
1483 3889 1520 3948 iis
1534 3886 1688 3962 ostensis⁸,

106 3980 237 4051 talitatis,
257 3999 292 4040 ac
313 3983 499 4041 caeterorum
514 3978 597 4041 illins
616 3985 871 4041 ornamentorum
923 3979 1148 4058 Disripnlorum
1164 3981 1336 4040 animosrei
1351 3981 1486 4041 novitate
1499 3980 1638 4041 turbatos
1651 3979 1691 4038 ad

106 4073 354 4133 communionem
369 4076 598 4150 esseroceptam
614 4091 621 4131 :
639 4090 696 4131 neo
708 4078 812 4133 tamen
828 4073 870 4147 id,
921 4071 1016 4131 fidem
1043 4071 1273 4131 confirmaverit
1299 4090 1380 4134 uerae
1404 4073 1516 4142 carnis,
1527 4077 1558 4132 et
1576 4071 1690 4131 ossium

106 4165 276 4242 quoderat,
299 4162 460 4225 bominem
485 4180 550 4223 esse
564 4163 687 4229 desiisse
702 4183 708 4222 ε
725 4169 779 4225 aut
795 4164 869 4242 ejus,
921 4181 1077 4236 verorum,
1104 4163 1217 4242 quibus
1240 4171 1322 4225 caret
1335 4164 1458 4243 spiritus
1476 4183 1482 4222 :
1501 4170 1571 4223 tum
1585 4163 1689 4223 cibum

106 4256 191 4335 quod
204 4255 342 4316 naturale
356 4253 501 4327 habebat,
522 4259 553 4314 et
567 4254 706 4330 insitum,
719 4255 873 4332 jacturam
922 4274 1027 4316 eoram
1040 4256 1101 4314 illis
1111 4256 1239 4316 adidem
1253 4256 1501 4335 persuadendum
1512 4255 1687 4333 sumpserit.

106 4348 240 4428 aliquam
254 4349 374 4409 iecisse.
927 4370 942 4404 n
963 4348 1062 4424 Igitur
1075 4353 1191 4421 manet,
1206 4347 1307 4426 inquit
1332 4348 1541 4421 orthodoxus,
1555 4352 1664 4406 natura
1682 4363 1688 4404 :

17 4451 85 4514 nui·
148 4440 213 4500 llao
224 4438 455 4520 praescriptione
469 4438 618 4499 Leontius
631 4438 872 4516 baereticorum,
923 4445 1062 4499 mutatur
1076 4445 1181 4499 autem
1209 4440 1292 4517 quod
1305 4446 1351 4499 est
1365 4441 1397 4500 in
1423 4459 1460 4499 aa
1479 4438 1689 4515 corruptibile,

17 4516 86 4601 ’.ἔξω
107 4549 189 4609 quos
216 4528 491 4613 Apbtirnrtodoceras
519 4531 678 4605 nominat,
712 4531 875 4591 calumniis
926 4531 960 4595 in
985 4531 1260 4610 incorruptionem,
1281 4537 1311 4590 et
1333 4531 1417 4609 qnod
1440 4531 1569 4593 mortale
1589 4534 1643 4601 est,
1660 4530 1693 4588 in

17 4618 84 4707 ἦ,
108 4624 261 4696 οιιιιιιίις
287 4621 342 4702 qni
367 4621 556 4700 hujusmodi,
579 4622 684 4701 quales
712 4622 773 4683 illre
802 4629 875 4685 sunt
928 4622 1252 4695 immortalitatoml.»
1271 4624 1548 4702 Tnmpeulopost:
1567 4621 1692 4683 «bomi-

17 4728 44 4759 2
108 4714 246 4791 Gregorii
257 4713 399 4794 Nysseni,
416 4713 574 4773 sententiis
600 4715 717 4792 decepti
734 4720 874 4777 veterum
927 4715 1032 4777 ninum
1048 4716 1151 4793 itaque
1164 4735 1285 4795 eorpus,
1301 4716 1355 4788 ait,
1376 4714 1607 4796 incorruptibile
1622 4714 1693 4792 qni-

109 4804 334 4884 thcologorum‚
371 4805 484 4884 quibus
514 4805 731 4885 incorruptum
763 4807 875 4867 Christi
926 4807 997 4867 dem
1009 4810 1187 4883 resurrexit,
1204 4815 1234 4868 et
1254 4807 1436 4885 impatibile,
1453 4812 1484 4865 et
1507 4806 1691 4879 immortale,

108 4916 232 4976 corpus,
243 4904 273 4960 et
286 4917 324 4959 ex
339 4897 394 4958 Dei
414 4898 611 4972 commercio,
629 4898 767 4958 bumnno
783 4899 875 4958 modo
925 4917 961 4958 ae
974 4900 1079 4959 dirina
1090 4900 1286 4960 honestatum
1301 4899 1400 4977 gloria
1417 4918 1424 4958 :
1442 4898 1581 4978 atqueab
1593 4899 1696 4958 roeles·

143 5126 166 5165 α
187 5110 283 5167 Caute.
298 5111 380 5166 Eran.
401 5107 451 5162 otu
466 5106 570 5179 ἂιριὸῶς
580 5109 717 5182 ὡρισάμην.
746 5108 808 5182 μετὰ
829 5109 876 5182 γὰρ
963 5111 1172 5167 danooonrr.
1193 5106 1284 5164 ottob
1300 5114 1364 5183 μένει
1380 5111 1423 5184 μὲν
1443 5111 1458 5179 ὴ
1477 5112 1554 5182 φύσις·
1572 5109 1692 5181 perabdid-

107 5193 151 5261 τὴν
165 5192 194 5246 ἔκ
206 5201 291 5265 νεκρῶν
301 5193 432 5249 ἀνάστασιν
444 5190 459 5260 ἥ
474 5189 533 5264 σὰρξ
548 5189 643 5254 ἐδέξατο
657 5190 701 5261 τὴν
719 5191 751 5255 εἰς
763 5194 876 5261 θεότητος
925 5193 994 5247 istan
1011 5190 1036 5245 tt
1048 5190 1121 5260 αὐτῆς
1134 5193 1163 5247 τὸ
1176 5195 1280 5265 φθαρτὸν
1296 5194 1328 5258 εἰς
1343 5195 1485 5266 ἀφθαρσίαν,
1502 5193 1543 5246 καὶ
1557 5193 1586 5246 τὸ
1605 5191 1691 5257 θνητὸν

105 5278 180 5347 φύσιν
198 5277 340 5346 parobolis.
925 5276 958 5339 εἰς
970 5275 1110 5331 ἀθανασίαν.
1209 5284 1213 5290 “

134 5469 146 5511 l
157 5466 224 5513 'lom
234 5465 268 5521 ll,
279 5468 332 5513 ant.
342 5468 392 5519 —8
404 5467 483 5523 Tbood.
496 5465 556 5515 urat.
569 5478 594 5511 ιι.
611 5488 635 5501 -
645 5469 659 5512 3
670 5469 719 5521 Luc.
732 5478 789 5511 mr.

1717 2139 1836 2186 liaretiao-

1714 2206 1762 2239 ram
1774 2203 1841 2236 error.
