4104 6160
17 3618 121 3672 bns·-

570 291 621 353 ba
640 282 944 356 INGARNATIONE,
965 282 1037 343 LlB.
1058 281 1110 354 vl,
1132 280 1216 343 CAP.
1240 281 1319 342 xlv.
1683 286 1723 348 ῃ

137 469 268 549 mum
289 470 359 527 erat
378 461 570 524 existimasse
587 454 686 517 videri
700 453 743 514 ait
756 469 794 512 es
810 465 906 528 opus·
954 445 1034 507 libro
1057 452 1205 526 sequente
1231 445 1330 526 capita
1348 446 1533 509 duodecimo
1558 449 1724 512 dicendum

137 561 216 624 calis
227 557 417 640 quibusdam
426 553 510 615 illius
518 548 671 628 inscriptis
685 544 824 615 nomine,
838 557 908 621 quae
957 538 1024 598 erit.
1046 540 1229 617 Fragmenta
1250 556 1344 618 porro
1357 539 1411 599 illa
1430 557 1468 600 ex
1485 541 1614 619 epistola
1633 544 1726 605 Atha·

139 654 220 715 inter
239 649 370 730 rejicula
390 646 469 708 tund
488 642 616 706 secundi
639 640 722 701 edita
748 638 905 715 leguntur.
956 629 1089 692 nasiiod
1108 630 1310 704 Antiocheam,
1326 632 1364 692 sd
1391 633 1536 695 Faciundo
1549 635 1724 718 descripta⁸,

141 747 244 808 Sedes
257 736 699 806 nonesseAthanasii,verum
708 726 907 795 Theodoreti,
959 732 1068 786 utrum
1083 744 1232 804 germana
1250 727 1322 799 sint,
1348 745 1413 787 non
1439 732 1556 787 umere
1582 728 1725 790 dixerim.

140 844 247 918 postea
273 833 457 905 confimat3
481 830 575 907 idque
600 843 633 886 sc
652 823 791 885 didicisse
814 818 910 880 aitah
960 817 1048 878 Certe
1058 836 1128 897 quac
1136 816 1373 879 exstatilliusad
1387 818 1585 880 Antiochensi
1596 820 1729 898 epistola

139 928 243 991 meio
258 944 323 1006 quc
337 923 432 985 simili
446 922 506 995 sui,
525 925 557 980 et
580 919 717 997 impuro,
738 933 774 974 ac
794 909 911 972 nefario
961 909 1120 986 synodica,
1135 911 1174 971 dc
1187 928 1249 989 qua
1262 927 1354 971 nemo
1369 911 1490 971 dubitat
1502 912 1580 989 quin
1594 915 1729 992 genuina

140 1021 271 1102 perinde
284 1018 425 1090 homine,
445 1014 527 1093 «qui
541 1012 672 1092 primus,
687 1006 806 1086 inquit,
825 1004 914 1064 inno-
962 1002 1013 1075 sit,
1042 1019 1079 1062 ea
1097 1001 1268 1077 fragmenta
1287 1020 1350 1062 non
1376 1002 1481 1063 hahet.
1510 1004 1616 1083 Neque
1641 1022 1727 1081 vero,

141 1112 279 1175 centiam
293 1108 442 1180 Nestorii,
463 1103 645 1166 etiahulam
667 1098 774 1180 cyrilli
787 1096 911 1167 detexit,
963 1093 1184 1172 cujuscumque
1202 1093 1327 1153 tandem
1341 1112 1377 1154 ea
1400 1095 1472 1169 sint,
1500 1099 1639 1157 excusari
1666 1116 1731 1158 non

141 1212 172 1266 es
191 1202 356 1265 mantiam
370 1200 428 1260 hac
442 1198 480 1258 de
503 1216 534 1258 re
556 1194 735 1275 propediem
758 1190 791 1251 in
813 1188 914 1248 lucem
963 1190 1102 1263 possunt,
1117 1186 1340 1264 commodeque
1355 1186 1399 1246 sic
1413 1187 1528 1267 accipi,
1545 1196 1579 1248 ut
1595 1190 1633 1249 ah
1645 1190 1732 1250 omni

142 1295 298 1358 edendam
312 1290 526 1371 composuit.»
544 1287 686 1347 Proiecto
704 1282 844 1364 quisquis
864 1279 916 1340 ille
965 1283 1075 1337 vacent
1105 1278 1231 1338 heresis
1261 1279 1444 1358 suspicione,
1483 1282 1561 1342 Nam
1594 1301 1732 1361 persona

142 1393 200 1462 est,
222 1404 291 1447 non
309 1383 418 1460 magni
436 1381 528 1459 pretii
548 1381 643 1441 homo
669 1381 724 1450 est,
746 1392 805 1434 nec
827 1370 916 1432 valde
965 1386 1081 1429 nomen
1093 1369 1253 1430 interdum
1266 1371 1350 1431 aliud
1365 1372 1528 1450 signifieat,
1545 1376 1734 1455 quamquod

142 1476 420 1559 mwndm'
442 1472 471 1533 εἰ
496 1488 560 1532 non
582 1470 694 1547 magis,
718 1483 814 1546 quam
828 1469 917 1525 ante·
966 1461 1060 1539 vulgo
1075 1461 1118 1521 illi
1138 1462 1311 1539 subjicitur.
1329 1464 1397 1524 Non
1412 1466 1496 1525 enim
1510 1484 1567 1545 pro
1587 1486 1623 1529 eo
1638 1471 1735 1529 sumi·

143 1569 286 1642 ambulo,
311 1565 538 1629 etlaternarius
553 1564 609 1624 iste
622 1562 705 1623 illius
719 1564 915 1638 Anonymua,
967 1559 1029 1625 tur,
1058 1554 1140 1632 quod
1168 1556 1363 1635 suppositum,
1397 1563 1428 1616 et
1448 1558 1670 1632 monitantem,
1698 1580 1735 1624 ac

143 1662 184 1723 ab
197 1661 375 1724 eruditione
386 1657 550 1737 sejudicio
563 1662 690 1736 paratus
703 1652 742 1713 ad
755 1652 837 1713 hanc
849 1666 920 1710 cau·
968 1644 1100 1706 subinde
1124 1654 1256 1709 ὑπόστασιν
1287 1650 1501 1727 appellarunt,
1527 1670 1588 1730 qua
1616 1655 1737 1717 ratione

144 1773 212 1815 m
225 1751 397 1815 mmm
969 1756 1109 1816 personas
1124 1745 1185 1798 tres
1208 1740 1320 1800 divinae
1343 1749 1562 1815 numerantur,
1586 1750 1617 1805 et
1639 1765 1736 1808 unus-

186 1846 268 1907 Nam
282 1844 358 1923 quid
371 1843 432 1903 hoo
444 1839 635 1920 sycophanta
644 1837 712 1899 fieri
721 1840 824 1917 potest
836 1835 922 1913 inep·
970 1830 1101 1909 quisque
1115 1831 1221 1900 homo,
1244 1833 1293 1892 vel
1311 1834 1446 1911 Angelus
1459 1854 1591 1914 persona
1613 1838 1736 1901 dicitur.

146 1936 235 1998 tius?
249 1934 409 1997 Athanasii
423 1938 541 1993 rectam
553 1930 768 2008 sinceramque
780 1927 874 1987 tidem
885 1932 921 1985 ut
971 1921 1032 1981 Sed
1053 1940 1282 2003 nonnunquam
1303 1932 1418 1986 certem
1438 1927 1541 2005 potius
1558 1928 1738 1992 substantiae

147 2048 186 2091 ex
199 2046 313 2090 eorum
335 2043 478 2106 persona,
502 2023 614 2103 quibus
637 2030 709 2083 cum
723 2021 878 2081 ludicrum
891 2030 923 2079 et
971 2014 1192 2089 conditionem,
1210 2022 1239 2076 et
1254 2017 1432 2094 qualitatem
1444 2020 1574 2095 indicat;
1595 2022 1644 2082 vel
1662 2041 1738 2102 qus·

144 2121 287 2199 joculare
307 2118 366 2178 sibi
389 2116 536 2196 praelium
557 2114 662 2192 fingit,
678 2112 848 2192 approbet,
870 2127 923 2171 eos
971 2106 1096 2165 litatum
1111 2106 1213 2184 potius
1240 2109 1504 2186 complexionem,
1527 2117 1558 2171 et
1571 2114 1658 2191 quasi
1677 2115 1739 2176 col·

148 2213 234 2273 illius
257 2210 355 2272 libros
374 2208 464 2270 affert
486 2209 520 2268 in
535 2206 685 2279 medium,
702 2222 780 2284 quos
793 2202 923 2264 subinde
972 2196 1083 2257 lectam
1111 2216 1287 2260 summam:
1327 2219 1396 2279 quae
1423 2203 1457 2261 in
1491 2222 1553 2264 una
1583 2204 1738 2284 hypostasi

147 2302 314 2366 Athanasii
348 2319 414 2362 ΠΜ
447 2318 514 2361 egge
552 2316 718 2378 germanos
756 2300 919 2357 asseverat.
974 2293 1145 2368 potestesse
1155 2290 1333 2370 multiplex:
1349 2292 1481 2371 ideoque
1490 2313 1629 2373 personae
1637 2297 1742 2376 plures

148 2397 309 2471 Quorsum
321 2393 419 2472 igitur
432 2392 540 2453 axillis
552 2390 731 2451 testimonia
743 2384 923 2468 repetebat?
973 2382 1007 2441 in
1021 2382 1130 2442 eodem
1145 2384 1304 2462 supposito
1323 2384 1425 2446 inesse
1445 2395 1585 2465 possunt.
1603 2388 1644 2450 Ut
1669 2408 1741 2451 oum

149 2487 298 2549 mranoe
310 2483 472 2545 omittebat
485 2488 585 2543 certos
600 2480 829 2543 ecinduhiutcs
843 2480 925 2557 qus·
974 2474 1057 2534 idem
1068 2474 1163 2535 nomo
1177 2492 1324 2554 personas
1342 2478 1499 2556 sapientis,
1514 2481 1672 2560 astragis,
1688 2487 1743 2543 aut

149 2579 225 2641 mm
244 2575 383 2640 auctoris
403 2574 515 2646 libios3
543 2573 576 2634 in
604 2573 717 2652 quibus
736 2571 829 2650 longe
852 2572 927 2630 sunt
975 2565 1056 2626 servi
1069 2584 1171 2644 agere,
1184 2585 1220 2628 ac
1233 2569 1384 2630 sustinere
1397 2569 1531 2631 dicitur:
1548 2572 1744 2635 SicetChri·
1819 2631 1822 2636 .

149 2670 305 2743 firmiora,
321 2673 353 2729 et
376 2665 566 2746 expressiora
590 2665 726 2726 duarum
747 2665 780 2723 in
804 2662 925 2723 Christo
976 2665 1043 2718 stus
1055 2676 1237 2736 expersona
1250 2660 1396 2736 hominis,
1412 2662 1462 2722 vel
1476 2663 1529 2724 Dei
1542 2664 1641 2725 facere
1652 2665 1743 2746 quip-

150 2769 341 2823 naturarum
354 2758 503 2836 uestigia?
526 2758 595 2817 Nou
618 2757 705 2817 enim
730 2772 800 2834 quse
823 2753 927 2815 citavit
975 2749 1228 2829 piumvelloqui.
1242 2751 1407 2830 Dequibus
1421 2754 1570 2833 videquae
1584 2757 1617 2816 in
1632 2763 1743 2836 quarto

150 2854 222 2927 ille,
244 2853 286 2913 ab
307 2850 468 2912 Athanasii
489 2847 703 2909 defensoribus
724 2846 773 2908 vel
796 2846 926 2907 omnino
976 2838 1011 2901 de
1029 2841 1056 2901 Τ
1053 2840 1179 2902 sinitote
1193 2862 1230 2902 cx
1241 2844 1375 2922 antiquis
1390 2844 1560 2906 adnotavit
1570 2848 1657 2908 Talia
1672 2855 1745 2909 sunt

152 2945 297 3026 prolata,
340 2943 388 3003 vel
430 2941 495 3002 sola
534 2941 574 3001 ad
611 2939 794 3001 catholicam
833 2938 928 3017 huJ'us
977 2932 1040 3005 illa,
1066 2952 1135 3012 quse
1156 2953 1195 2995 ex
1215 2934 1383 2996 Athanasio
1397 2937 1559 2997 Facundus
1571 2940 1675 3014 refert,
1691 2939 1744 2999 ubl

151 3035 380 3098 adstruendam
388 3034 483 3094 tidem
492 3031 928 3109 commemorata‚objectaque
982 3026 1086 3086 «duas
1100 3045 1249 3106 personas
1268 3029 1305 3088 de
1331 3029 1462 3089 Domino
1483 3030 1617 3091 inveniri
1630 3031 1690 3092 ait:
1714 3037 1745 3092 et

152 3130 214 3191 sihi
228 3128 300 3190 loca
317 3126 497 3206 proposuit:
512 3126 565 3185 sed
579 3124 617 3185 de
628 3124 791 3199 industria,
803 3122 927 3183 solidio-
978 3119 1056 3178 duas
1066 3136 1214 3197 personas
1227 3121 1261 3180 in
1275 3120 1393 3181 Christo
1408 3121 1584 3200 significari,
1602 3144 1616 3180 n
1634 3142 1745 3203 quem·

150 3221 243 3282 ribus
269 3238 306 3281 as
334 3217 516 3279 certioribus
544 3216 744 3277 dissimulatis
772 3215 807 3296 (si
834 3231 929 3294 quam
978 3210 1147 3272 admodum
1155 3211 1373 3273 etAmbrosius
1381 3212 1503 3274 locutus
1517 3215 1746 3277 estinseeundo

155 3320 265 3375 umen
291 3328 384 3372 usum
407 3308 556 3370 doctrine
576 3308 667 3369 istim
688 3307 789 3387 habet)
807 3325 842 3367 ea
866 3306 931 3367 sola
979 3302 1059 3363 libro
1072 3301 1108 3363 de
1119 3302 1192 3384 fide,
1207 3304 1307 3383 capite
1320 3310 1443 3383 quarto.

154 3404 277 3475 retulit,
291 3420 364 3482 quas
383 3419 416 3463 se
435 3401 540 3461 statim
552 3406 707 3479 prompta,
728 3405 759 3460 et
773 3397 931 3479 plausibili
1021 3395 1073 3455 IV.
1103 3395 1249 3474 Sequitur
1274 3395 1358 3475 apud
1375 3397 1577 3475 Anonymum
1602 3399 1747 3461 callidum

155 3496 342 3578 exceptione
356 3512 445 3574 posse
458 3493 549 3554 sciret
562 3491 699 3553 eludere.
981 3487 1095 3564 magis,
1124 3492 1216 3566 atque
1231 3486 1333 3547 audax
1346 3487 1484 3562 facinus3
1507 3493 1538 3547 et
1562 3488 1596 3547 in
1610 3490 1748 3551 Athana·

200 3590 257 3650 ill.
281 3590 403 3649 Verum
419 3592 455 3647 ut
478 3585 535 3645 has
561 3583 669 3645 insulsi
688 3582 796 3662 eapitis
809 3582 934 3644 delicias
982 3579 1062 3638 sium
1082 3579 1246 3657 impotens,
1277 3584 1309 3638 et
1330 3579 1523 3640 inconsultus
1545 3579 1750 3644 incontinua

1784 3400 1815 3447 tls
1828 3402 1906 3447 ttsdsm

1773 3456 1910 3563 diffie

1773 3562 1919 3660 tissa

31 3675 108 3718 Μ
157 3680 250 3742 breui
258 3696 405 3741 sermone
414 3678 596 3739 discutiam:
610 3694 674 3736 non
684 3693 765 3752 nego
775 3674 934 3736 Athanasii
982 3669 1076 3737 enim,
1093 3671 1221 3749 perinde
1236 3688 1271 3731 ao
1284 3670 1446 3750 cyrillum,
1461 3671 1496 3731 in
1507 3672 1704 3751 Apollinaris,
1719 3680 1752 3736 et
1819 3669 1874 3713 ‘⁸¹⁸⁰

12 3727 130 3779 'mii'

1787 3721 1910 3767 Athanasio

32 3782 103 3831 m
159 3789 365 3852 nequaquam
379 3788 445 3831 esse
458 3768 607 3848 opuscula
623 3768 691 3840 ists,
713 3785 783 3847 quas
802 3767 834 3827 in
848 3772 934 3826 tomo
983 3761 1131 3840 Eutychis
1158 3762 1303 3822 haeresim
1334 3763 1509 3842 compellit:
1541 3771 1577 3825 ut
1609 3766 1752 3828 similiter
1789 3775 1899 3832 anama,

12 3830 124 3889 ΙΙΙ-ιιι

156 3865 300 3928 seeundo
314 3880 446 3943 operum
464 3861 547 3922 illius
565 3860 648 3921 edita
665 3866 739 3920 sunt
749 3858 775 3919 ¹:
804 3875 935 3938 quaque
983 3860 1076 3932 atque
1089 3853 1159 3925 iste,
1173 3860 1319 3914 naturam
1334 3855 1473 3930 unicam,
1488 3861 1519 3917 et
1537 3863 1574 3917 ut
1590 3858 1753 3921 Monothe·

156 3957 362 4018 Theodoreto
377 3953 503 4014 Photius
517 3952 682 4023 adscribit;
704 3957 740 4011 ut
751 3951 936 4030 jamdudum
983 3945 1062 4018 letae,
1073 3947 1285 4024 operationem
1299 3963 1396 4008 unam
1410 3948 1444 4007 in
1456 3947 1578 4009 Christo
1596 3952 1750 4013 statuerit.

158 4045 248 4107 docti
271 4043 417 4105 homines
442 4041 739 4115 animadverterunt,
769 4045 937 4116 antequam
985 4037 1073 4109 Quod
1085 4037 1194 4117 utique
1206 4039 1338 4107 crimen,
1358 4039 1433 4117 quia
1447 4047 1596 4121 παράδοξοι,
1608 4048 1639 4103 et
1651 4044 1752 4104 incre-

158 4138 222 4199 ista
255 4134 414 4216 prodiret;
437 4138 470 4194 et
493 4133 544 4194 vel
573 4130 747 4193 utentibus
771 4128 935 4204 omnibus,
986 4127 1080 4188 dibile
1102 4135 1149 4189 est
1167 4129 1206 4191 de
1223 4135 1310 4191 tanto
1336 4131 1415 4208 viro,
1438 4133 1497 4193 nisi
1519 4132 1641 4195 invictis
1663 4135 1755 4195 ratio-

158 4228 265 4308 stytus
277 4229 348 4308 ipse
361 4226 434 4287 satis
456 4226 569 4305 arguit.
589 4226 631 4287 At
651 4241 725 4284 vero
746 4222 829 4300 quod
847 4222 938 4283 Atha·
987 4219 1079 4279 nibus
1092 4267 1100 4296 ‚
1115 4227 1146 4282 et
1159 4221 1415 4283 manifestissimis
1437 4224 1620 4285 testimoniis
1642 4242 1754 4305 appro-

158 4319 452 4382 nssiumeumdem
464 4317 565 4378 rideri
587 4316 690 4396 potius
702 4332 848 4394 personas
862 4314 939 4374 duas
987 4312 1102 4388 betur,
1139 4320 1285 4375 extremm
1318 4314 1515 4392 stoliditatis,
1550 4322 1581 4378 et
1615 4317 1755 4379 attonitas

160 4430 242 4473 eum
255 4410 378 4472 nahnis
396 4408 528 4470 totidem
548 4408 723 4488 agnovisse,
739 4423 834 4486 quam
847 4412 938 4466 natu·
988 4405 1306 4483 cujusdamvecordioe
1312 4407 1480 4468 accusatori
1487 4407 1576 4469 affert
1585 4408 1754 4472 infamiam.

159 4522 236 4565 ram
257 4504 399 4574 unicam,
417 4507 569 4580 tanqimm
582 4498 816 4560 abadversariis
838 4497 942 4577 objec·
988 4498 1082 4577 Atqui
1103 4505 1176 4559 sunt
1197 4499 1349 4577 ejusmodi
1372 4500 1530 4560 Athanasii
1543 4500 1612 4562 loca
1634 4501 1697 4576 illa,
1724 4506 1759 4562 ut

160 4602 251 4666 tum,
266 4594 397 4674 opponit
408 4592 484 4666 sibi,
500 4592 559 4653 hoo
575 4597 606 4652 et
621 4591 822 4651 vanissimum
838 4594 894 4661 est,
910 4594 942 4650 et
989 4591 1102 4670 partim
1116 4592 1155 4652 de
1169 4591 1298 4670 spuriis,
1315 4595 1346 4651 et
1359 4609 1475 4652 nomen
1496 4591 1579 4652 illius
1603 4593 1759 4654 ementitis

161 4685 410 4766 eiusdemmodi,
420 4683 534 4763 quibus
543 4685 628 4763 prius
637 4682 724 4749 illud,
736 4680 939 4760 argumentis,
990 4682 1077 4743 libris
1085 4684 1179 4761 petita
1192 4683 1269 4744 sint:
1287 4683 1399 4761 partim
1410 4683 1488 4744 nihil
1498 4685 1537 4744 ad
1548 4702 1615 4746 rem
1626 4685 1757 4747 faciant:

161 4778 228 4840 hoo
242 4784 291 4839 est
303 4776 434 4846 levibus,
462 4782 494 4836 et
516 4775 672 4854 languidis
684 4774 839 4834 innititur.
854 4774 942 4852 Epis·
989 4774 1104 4853 partim
1114 4773 1248 4852 denique
1258 4781 1441 4835 naturarum
1451 4775 1584 4837 duarum
1595 4777 1628 4837 in
1637 4778 1759 4839 Christo

161 4869 259 4944 toln',
275 4886 348 4948 quae
361 4867 521 4929 Athanasii
530 4883 646 4928 nomen
654 4865 789 4945 praefert,
803 4865 842 4926 ad
855 4865 942 4925 libe·
991 4865 1155 4926 discrimen
1165 4868 1337 4926 affirment:
1351 4866 1566 4946 nodum,quod
1575 4870 1760 4949 Anonymus

162 4961 256 5021 rium
279 4961 362 5021 inter
384 4959 506 5040 spurias
533 4958 763 5020 lucubrationes
790 4956 941 5019 recenseri
991 4956 1133 5037 imperite
1161 4958 1276 5032 credit,
1306 4957 1362 5017 uni
1389 4977 1425 5019 ac
1451 4959 1598 5037 singulari
1624 4961 1759 5023 tavena.

161 5052 283 5127 debet3
303 5052 350 5113 uti
372 5059 403 5113 et
425 5050 541 5112 Liberii
561 5051 601 5113 ad
621 5051 842 5129 Athanasium,
859 5050 944 5131 quod
993 5050 1081 5125 Quod
1095 5050 1121 5112 si
1132 5050 1337 5112 demonstrari
1346 5057 1456 5131 potest,
1471 5052 1651 5131 quddaliud,
1666 5071 1761 5134 quam

161 5152 256 5207 recte
281 5143 486 5206 Bellarminus
512 5144 743 5206 animadvertit.
773 5144 830 5218 Qui
853 5151 884 5207 et
905 5143 945 5206 de
992 5143 1076 5221 risu,
1089 5150 1121 5207 et
1133 5149 1314 5226 contemptu
1334 5143 1518 5222 languorem
1539 5163 1576 5207 ac
1597 5151 1762 5208 veternum

165 5236 372 5319 Espositsbse
382 5236 453 5320 fidei
468 5235 610 5315 ejusdem
624 5236 799 5298 dubitavit:
828 5237 942 5317 deque
993 5235 1252 5317 impudentissimi
1292 5237 1525 5299 calumniatoris
1555 5236 1763 5301 ulciscemur?

192 5441 208 5485 ¹
225 5438 291 5483 τοι.
305 5437 325 5483 ΙΙ
335 5438 436 5485 ssu-t
448 5437 514 5485 Tun·
525 5438 535 5483 l
546 5439 651 5486 stis-8
663 5439 711 5484 hlb.
719 5439 756 5491 11,
768 5440 849 5485 o.n'.-
860 5439 875 5484 A
888 5440 941 5496 (lap.
950 5451 980 5484 ss.
