3990 6130
178 1255 210 1302 Ite
223 1255 295 1301 serbis

154 1310 304 1365 radicandum

167 1371 200 1408 est
212 1375 296 1407 maun-

159 1417 213 1461 dum
226 1416 304 1461 inteu-

194 1470 277 1514 tionem

196 1523 271 1568 mans

174 1576 291 1623 nundum.

155 3946 199 3990 lbu
207 3945 300 4000 epistola

161 4001 220 4055 quod
231 4001 288 4044 mala

175 4060 250 4097 mente
261 4054 288 4098 tie

155 4107 240 4170 tempto
250 4118 301 4161 pro·

172 4167 289 4204 nuntiarat

191 4212 270 4257 merito

172 4264 282 4312 damnata.

325 235 384 295 trs

841 230 1167 295 ranunorcoaun
1188 230 1406 293 montrum

325 408 457 477 sponsus
474 400 512 460 de
531 400 669 461 thalamo
690 417 758 476 suo,
783 399 924 479 potentia
949 398 1037 459 fortis
1061 404 1098 459 ut
1146 401 1251 457 mente
1264 393 1493 473 illadetcmpio
1508 392 1707 472 pronuntiata
1716 390 1823 464 uuae,
1835 407 1893 469 qua

325 490 411 569 gigas
425 491 509 552 exiit.
531 493 627 553 Porro
651 492 793 552 Christus
816 494 908 565 Deus,
934 497 965 551 et
988 491 1094 567 homo,
1146 488 1286 566 alioquin
1305 485 1475 559 innocenti,
1501 496 1533 545 et
1552 483 1681 546 minime
1706 486 1840 560 suspecto
1862 479 1894 540 ab
1972 492 1973 567 ξ

325 600 409 643 nnus
427 582 579 644 mediator
599 583 669 658 Dei,
693 589 724 645 et
746 584 911 644 hominum
933 583 1003 643 init.
1026 582 1096 643 Non
1145 579 1273 641 homine
1287 574 1896 657 citralabem,acreprehensionemusnr·
1972 618 1973 663 t

325 675 404 736 alter
418 677 508 751 Deus,
530 676 608 737 alter
623 677 719 737 homo
734 697 741 751 ;
759 682 795 737 ut
806 675 961 756 templum
975 679 1007 736 et
1019 675 1098 735 Ver·
1149 670 1217 753 pari
1231 670 1415 752 potuissent.
1972 696 1973 753 ι

326 766 404 827 bum
416 767 479 829 duo
494 774 596 829 essent
607 789 616 843 ς
629 769 683 830 sed
697 786 791 846 unus,
802 768 949 848 idemque
957 766 1097 828 Christus

327 859 429 920 iesus.
444 882 458 919 u

366 953 453 1013 XIli.
477 952 676 1015 Manifestum
696 959 744 1015 est
760 953 867 1032 itaque
889 951 1036 1014 omnibus
1058 967 1096 1011 ex

327 1043 398 1119 illis,
417 1063 488 1124 quae
512 1047 673 1124 hucusque
694 1045 871 1122 dictasunt,
891 1061 985 1105 usum
998 1042 1098 1104 istius·

328 1136 415 1196 modi
449 1155 562 1198 vocum
581 1138 615 1198 in
637 1142 804 1217 utramque
830 1144 951 1217 partem
976 1133 1098 1196 deflecti

328 1228 472 1303 solitum
489 1248 525 1290 no
537 1235 630 1309 prout
650 1230 710 1290 illis
732 1229 849 1290 utentis
869 1228 995 1289 animus
1018 1231 1095 1302 erat,

328 1320 371 1381 ita
391 1322 547 1401 probatas,
569 1328 624 1383 ant
644 1321 821 1401 repudiatas
843 1320 955 1380 fuisse:
972 1319 1049 1379 adeo
1063 1323 1099 1378 ut

333 1414 533 1475 saecundum
554 1414 761 1475 intentionem
783 1411 821 1473 de
842 1412 944 1474 verbis
958 1410 1099 1489 judican-

329 1505 407 1566 dum
420 1505 478 1566 sit:
494 1505 646 1585 quianon
664 1505 763 1583 magis
777 1502 851 1584 quid
866 1505 986 1565 diruatur
1001 1508 1100 1563 atten-

329 1598 468 1659 dendum
491 1598 542 1674 sit,
562 1616 657 1677 quam
682 1616 737 1658 our
764 1597 900 1676 quidque
921 1595 1095 1657 dicaturzr

330 1695 366 1750 nt
374 1689 418 1750 ait
428 1688 700 1763 Facundus¹‚oum
711 1690 749 1750 de
762 1689 821 1750 hac
829 1686 894 1767 ipse
902 1706 937 1748 re
947 1687 1096 1765 disputat3

328 1781 447 1842 horest
464 1782 503 1843 de
524 1783 586 1842 ibae
606 1782 757 1861 epistola:
777 1782 812 1841 in
827 1796 890 1860 qua
904 1778 1098 1839 luculentam

329 1875 407 1953 ejus,
428 1875 543 1954 quode
559 1874 610 1934 hie
624 1874 754 1953 agimus,
778 1872 956 1951 exemplum
970 1870 1099 1950 posteris

328 1967 471 2028 relictum
486 1972 541 2027 est.
559 1967 681 2027 Etenim
700 1965 828 2046 epistola
841 1965 911 2040 ista,
934 1964 972 2024 de
990 1963 1098 2042 quain

328 2059 407 2120 libro
417 2058 549 2139 primo¹,
564 2066 595 2120 et
608 2064 694 2120 sexto
707 2057 910 2119 disseruimus
919 2055 943 2133 ⁸,
959 2055 998 2116 ab
1005 2053 1098 2116 iusti-

328 2152 423 2213 niano
443 2150 581 2231 primum
607 2148 814 2230 imperatore,
842 2155 911 2210 tum
934 2167 971 2209 eo
990 2166 1100 2227 procn-

328 2248 428 2319 rante,
444 2243 484 2303 ab
499 2243 618 2323 synodo
638 2240 976 2321 Constantinopolitana
990 2238 1100 2319 quinta

328 2335 475 2395 damnata
488 2339 544 2395 est.
560 2335 662 2413 Atque
676 2334 759 2395 inter
774 2333 846 2406 alia,
864 2351 935 2412 quas
949 2332 983 2391 in
996 2349 1033 2393 ea
1044 2350 1099 2392 no·

329 2432 391 2488 tuta
406 2432 489 2503 sunt,
505 2431 537 2487 et
548 2427 588 2487 ad
601 2427 727 2488 haeresis
745 2427 863 2487 crimen
881 2425 1022 2496 adducta,
1039 2423 1099 2484 hoc

326 2519 431 2599 ipsum
444 2518 697 2580 animadversum
710 2523 766 2593 est,
780 2515 863 2597 quod
876 2516 1030 2577 Christum
1043 2515 1099 2576 ho

327 2612 446 2673 minem
459 2627 497 2671 ex
511 2611 546 2670 B.
568 2610 667 2670 Maria
683 2612 825 2689 genitum
833 2607 856 2686 ⁶,
875 2608 1029 2687 templum
1042 2626 1098 2687 ap-

326 2704 478 2784 pellasset.
491 2703 652 2782 Siquidem
663 2703 734 2763 Ibas
742 2703 777 2763 in
791 2700 919 2781 epistola
933 2698 970 2763 od
982 2699 1096 2761 Marius

325 2795 461 2870 Persam,
473 2813 543 2874 quat
553 2795 635 2856 inter
643 2800 709 2855 acta
720 2793 977 2857 Chalcedonensis
985 2791 1097 2872 synodi

324 2888 450 2967 legitur,
470 2887 621 2967 Cyrillum
641 2888 844 2954 incusaverat,
869 2886 997 2965 ejusque
1018 2884 1095 2945 duo-

325 2981 426 3042 decim
439 2977 722 3048 anathematismos,
739 2985 890 3058 tanquam
908 2976 1097 3056 Apollinaris
1119 2974 1126 2983 '

325 3072 370 3133 ibi
383 3072 615 3151 comprobasset
626 3072 772 3133 haeresim
784 3090 791 3146 ;
803 3090 840 3132 ac
860 3092 875 3129 a
889 3069 1096 3131 differentiam

325 3181 453 3225 omnem
474 3164 556 3225 inter
569 3163 735 3243 templum,
756 3168 788 3223 et
806 3163 997 3224 habitantem
1011 3163 1045 3221 in
1059 3181 1096 3223 eo

325 3256 498 3317 sustulisset
507 3264 532 3316 ⁰.
547 3277 559 3313 ι
578 3256 647 3322 Quo
659 3255 797 3329 nomine,
811 3259 849 3316 ut
862 3254 936 3326 dini,
950 3255 1096 3316 damnata

324 3348 384 3409 tuit
407 3347 534 3428 epistola
560 3344 615 3408 illa
637 3347 671 3407 in
695 3347 805 3426 quinta
832 3346 976 3426 synodo:
1006 3346 1095 3426 cujus

325 3440 603 3502 anathematismus
617 3440 755 3501 decimus
769 3446 897 3519 quartus
909 3438 1096 3500 nominatim

325 3533 402 3594 illud
424 3533 501 3594 vitio
527 3533 664 3606 vertitu
687 3532 771 3612 quod
789 3531 911 3592 nudum
933 3531 1095 3593 hominem

1972 814 1973 865 t

1368 1016 1564 1101 catur
1613 1015 1694 1100 lii.

1149 1328 1178 1387 l.
1201 1324 1246 1387 De
1259 1323 1405 1387 vocabulis
1424 1322 1539 1405 ternpli,
1557 1322 1758 1398 bebitetiom's,
1778 1327 1805 1385 et
1823 1322 1898 1383 rimi·

1188 1416 1277 1478 libus.
1305 1417 1376 1493 Quoe
1400 1417 1439 1477 sit
1466 1421 1545 1477 ratio
1569 1415 1682 1497 tempii.
1710 1417 1740 1477 i.
1766 1413 1900 1477 Bomobu
1972 1430 1973 1491 ζ

1189 1508 1269 1570 locta
1290 1508 1419 1591 incipitis
1443 1506 1775 1589 despirituobtempio.
1798 1509 1827 1568 3.
1848 1504 1901 1568 Cur
1972 1546 1973 1587 ,

1189 1600 1308 1662 Cbristi
1320 1620 1399 1675 coro,
1415 1609 1445 1661 et
1467 1599 1635 1661 bumaaitus
1651 1618 1685 1661 eo
1707 1599 1823 1659 nomine
1839 1598 1900 1679 asi·
1972 1622 1973 1653 t

1188 1692 1299 1755 cietur.
1316 1694 1344 1753 i,
1358 1691 1439 1768 Ortod
1446 1697 1615 1773 pracsertim
1627 1692 1661 1752 ob
1672 1697 1847 1753 sanmdotem
1858 1688 1899 1771 fit,
1972 1718 1973 1739 ι

1189 1787 1217 1847 b.
1243 1784 1316 1860 Ouoe
1334 1803 1372 1845 eu
1391 1803 1446 1846 auu
1470 1803 1572 1845 uorum
1592 1781 1715 1844 illorum
1732 1778 1902 1844 commoditas

1189 1877 1327 1959 capiatur
1346 1875 1482 1956 deinceps
1512 1875 1685 1956 exponitur.
1714 1872 1774 1937 Sed
1798 1871 1902 1937 ostede

1188 1968 1343 2031 babitandi
1357 1966 1496 2030 uocabulo
1510 1969 1623 2049 opiter,
1638 1974 1667 2028 et
1688 1964 1790 2029 Graeco
1806 1968 1900 2041 marta,

1188 2060 1273 2142 cujus
1291 2061 1372 2141 oripo
1397 2059 1575 2121 declaratur.
1604 2060 1635 2119 6.
1667 2055 1813 2133 Quomodo
1835 2054 1904 2117 tttat
1972 2132 1973 2139 ἵ

1187 2153 1308 2214 decanis
1318 2150 1543 2233 iuteiiipendum
1552 2150 1765 2227 sit,habitavit
1773 2147 1900 2210 innubis.

1188 2250 1218 2307 7.
1247 2245 1425 2326 Praecipuus
1447 2244 1564 2325 tructus
1590 2240 1708 2304 iliorum
1735 2260 1835 2303 vocum
1858 2248 1902 2315 est,

1187 2335 1263 2419 quod
1280 2336 1368 2399 Verbi
1391 2334 1670 2411 immutabilitatem,
1692 2341 1720 2394 et
1736 2341 1903 2395 maturarum
1972 2352 1973 2375 t

1188 2428 1402 2491 distinctionem
1411 2426 1562 2509 dampuaret
1571 2446 1584 2489 .·
1595 2425 1675 2508 quod
1683 2423 1904 2487 subindeeaPo-
1972 2462 1973 2507 ,

1187 2520 1444 2603 tribusprobatur,
1455 2522 1590 2601 primum
1609 2518 1727 2582 Gratis.
1744 2520 1776 2579 9.
1796 2508 1901 2578 Tames
1972 2522 1973 2571 i

1186 2614 1318 2676 Latinis.
1335 2615 1384 2674 to.
1411 2609 1556 2688 Quomodo
1577 2609 1734 2671 babitandi
1746 2624 1805 2671 uod
1817 2609 1904 2671 iecor·
1972 2622 1973 2637 ¹

1186 2706 1346 2782 notionem,
1362 2712 1391 2765 et
1401 2711 1580 2765 naturarum
1593 2699 1808 2783 copulationem
1821 2699 1903 2781 siqui·
1972 2704 1973 2769 ᾗ

1186 2797 1263 2879 beet.
1286 2800 1335 2858 il.
1360 2794 1467 2857 Altero
1486 2794 1674 2856 commoditas
1697 2801 1801 2855 contro
1824 2790 1905 2855 Pauli

1188 2888 1373 2951 Samosoteui
1398 2885 1542 2963 bereum,
1564 2885 1695 2947 numne
1719 2884 1822 2947 addito
1835 2902 1905 2946 uoco
1972 2910 1973 2955 1

1185 2980 1254 3043 bulo
1267 2979 1476 3061 corporaliter.
1493 2982 1541 3042 12.
1559 2979 1633 3041 Item
1647 2977 1720 3047 aiio,
1736 2976 1905 3059 quoddioiui
1972 3020 1973 3059 4

1191 3073 1279 3135 Verbi
1297 3072 1500 3154 proeroputiuo
1523 3071 1555 3133 in
1574 3069 1634 3132 itta
1653 3078 1833 3132 naturarum
1850 3067 1905 3128 aui
1972 3078 1973 3083 ’

1185 3167 1460 3227 tionemoastratur.
1479 3167 1527 3226 t3.
1543 3162 1697 3225 Praetereo
1710 3170 1816 3225 curura
1825 3159 1905 3242 opst
1972 3204 1973 3207 κ

1186 3258 1292 3318 littoris
1306 3256 1451 3337 baeresim,
1462 3265 1490 3318 et
1503 3252 1650 3338 Eutychis
1663 3252 1764 3317 eudem
1778 3252 1904 3316 uocabulo
1972 3252 1973 3323 ἶ

1185 3349 1360 3413 medorum.

1184 3535 1208 3595 l.
1233 3533 1366 3613 Reliqua
1389 3539 1460 3594 sunt
1479 3531 1580 3594 adhuc
1602 3532 1640 3593 de
1661 3530 1821 3593 vocabulis
1833 3528 1901 3603 istis,
1929 3544 1942 3590 s
1962 3598 1966 3605 ¹

325 3643 396 3687 eum
412 3625 536 3699 asserat,
550 3625 604 3704 qui
617 3643 655 3685 ex
665 3626 699 3686 Β.
717 3625 917 3685 Marianatus
929 3629 986 3700 est,
1002 3641 1096 3702 quem
1145 3625 1246 3707 templi
1263 3625 1510 3707 habitationisque
1530 3623 1692 3695 nonnulla,
1715 3623 1831 3703 quibus
1842 3621 1903 3681 illo-

325 3722 357 3778 et
378 3716 532 3796 templum
552 3721 651 3791 vocat,
675 3716 719 3776 ita
736 3715 875 3793 quidem,
893 3721 929 3775 ut
954 3714 1033 3776 alius
1055 3715 1096 3776 sit
1144 3736 1215 3779 rum
1231 3717 1322 3795 ratio,
1342 3716 1429 3779 etad
1451 3715 1592 3796 mysterii
1610 3714 1705 3775 totius
1725 3715 1796 3775 vim
1813 3711 1904 3793 expli·

326 3804 407 3869 Deus
418 3807 567 3882 Verbum,
582 3806 612 3868 e't
627 3807 705 3867 alins
722 3808 818 3868 homo
828 3806 851 3867 ὃ.
868 3828 880 3864 ι

364 3901 406 3960 At
424 3899 588 3960 Facundus
599 3903 671 3959 ante
685 3899 826 3979 quintam
838 3897 1018 3976 synodum,
1035 3898 1095 3959 tria
1142 3907 1247 3963 terum
1282 3900 1378 3982 (sunt
1410 3899 1496 3962 enim
1527 3899 1724 3979 potissimum
1759 3895 1847 3977 duo)
1878 3893 1907 3954 in

326 3992 462 4071 capitula
474 4009 686 4072 propugnans,
707 3996 739 4053 et
756 3992 871 4051 horum
893 4008 994 4051 unum
1011 3990 1094 4053 istud
1143 3992 1329 4074 inquirenda
1353 4010 1446 4054 eausa
1469 3991 1563 4054 situm
1585 3996 1641 4068 est,
1655 3999 1795 4067 cucuma,
1810 3989 1905 4060 idest,

325 4084 364 4146 de
377 4083 506 4164 epistola
528 4084 603 4159 Ibae,
626 4083 768 4163 pluribus
781 4083 1031 4144 criminationem
1043 4102 1093 4143 re·
1144 4085 1285 4167 templum
1298 4086 1435 4147 humana
1451 4084 1564 4145 Christi
1572 4090 1683 4144 natura
1696 4082 1831 4144 dicaam.
1845 4080 1908 4142 Non

324 4175 402 4237 iellit
418 4176 513 4237 illam.
531 4176 648 4237 Verum
666 4175 723 4236 etsi
743 4175 838 4236 verba
852 4175 930 4254 ipsa,
951 4175 976 4234 si
992 4194 1049 4255 per
1061 4194 1094 4237 se
1144 4178 1275 4240 dubium
1294 4184 1351 4255 est,
1370 4195 1408 4239 ex
1432 4195 1492 4238 usu
1515 4176 1691 4253 hominurn,
1716 4180 1748 4237 et
1774 4173 1908 4235 instituto

324 4274 511 4348 spectentur,
535 4267 672 4328 excusari
697 4268 826 4347 possint,
845 4284 884 4327 ex
903 4267 972 4326 aliis
989 4272 1095 4328 tamen
1145 4289 1286 4332 manasse
1295 4271 1432 4331 nominis
1442 4268 1703 4349 illiusoriginem:
1716 4266 1803 4345 quod
1810 4261 1910 4345 tempto

324 4361 495 4440 adjunctis3
520 4360 655 4421 maxime
674 4360 758 4439 quod
783 4359 944 4438 Gyrillnm,
968 4359 1094 4440 ejusque
1143 4362 1268 4442 proprie
1289 4368 1440 4424 vocantur
1460 4359 1587 4443 aedificia
1601 4357 1661 4422 Deo
1681 4359 1910 4433 consecraturi

324 4454 459 4533 capitula
472 4451 658 4532 implacabili
672 4451 744 4513 odio
758 4456 1006 4532 persequeretur,
1019 4458 1050 4513 et
1060 4452 1094 4512 in
1143 4455 1186 4515 ait
1196 4455 1320 4529 Festus3
1337 4460 1368 4515 et
1382 4454 1415 4514 in
1433 4452 1549 4535 quibus
1562 4457 1631 4514 tum
1643 4451 1704 4514 rite
1723 4466 1760 4513 aa
1774 4448 1910 4527 religiose

324 4544 525 4607 Theodorum
538 4544 803 4624 Mopsuestennm,
829 4543 993 4624 ipsumque
1017 4543 1094 4605 adeo
1142 4547 1279 4622 colitur3
1305 4552 1374 4607 tum
1401 4542 1549 4627 peculiari
1575 4543 1713 4625 quodam
1738 4539 1909 4623 praesentia

324 4636 501 4699 Nestorium
524 4636 594 4717 plus
619 4654 708 4717 aequo
742 4636 901 4697 videretur
926 4654 991 4698 esse
1020 4654 1093 4717 pro·
1142 4638 1236 4701 modo
1254 4637 1414 4713 interesse,
1438 4637 1640 4717 habitareque
1663 4632 1814 4698 creditur.
1828 4630 1911 4696 Unde

324 4730 468 4809 pensior;
500 4728 616 4809 justam
642 4728 852 4809 suspicionem
886 4727 1027 4790 Patribus
1059 4729 1094 4790 in
1142 4736 1174 4791 et
1186 4731 1298 4791 domus
1313 4732 1365 4793 Dei
1386 4729 1470 4812 apud
1488 4728 1635 4792 Hebraeos
1653 4726 1814 4789 nominari
1825 4725 1908 4787 solet.

325 4822 435 4901 quinta
461 4822 655 4902 congregatis
682 4821 802 4902 synodo
828 4820 981 4901 prebuit,
1011 4821 1094 4882 mala
1143 4823 1263 4902 Exque
1276 4822 1323 4902 iit,
1339 4828 1376 4883 ut
1392 4820 1552 4885 communi
1567 4820 1735 4884 hominum
1747 4833 1910 4892 comeum,

358 5012 380 5054 u
397 4997 459 5053 lats
471 5002 526 5053 aot.
542 5013 561 5052 x
573 4997 667 5055 Chalc.
691 4994 734 5060 Ὧς
749 4997 781 5070 μὴ
797 4991 860 5052 εἶναι
874 4995 993 5069 διαφορὰν
1006 4995 1093 5070 μεταξὺ
1141 4994 1269 5071 ἄνθρωπον
1289 4992 1314 5062 ii
1328 4997 1402 5067 αὐτῆς
1426 4998 1581 5070 mamaea
1603 4998 1632 5052 tr
1651 4996 1709 5052 sabe
1729 4996 1863 5055 dammi·
1879 4995 1911 5058 ua

323 5084 366 5136 τοῦ
378 5073 449 5143 tacit,
463 5078 504 5133 sal
517 5084 560 5133 τοῦ
571 5077 722 5143 traiecturae
737 5078 761 5134 is
776 5079 854 5154 αὐτῷ.
1142 5081 1218 5138 ἄλλον
1232 5077 1294 5137 siras
1308 5081 1350 5137 aba
1364 5082 1417 5137 brba
1431 5083 1517 5155 λόγον,
1531 5080 1573 5136 uel
1583 5081 1660 5136 ἄλλον
1673 5081 1717 5137 τὸν
1730 5081 1871 5155 tepens.

358 5162 496 5230 bQuinta
525 5178 587 5234 syn.
613 5164 708 5219 anath.
734 5179 789 5219 xiv.
822 5163 946 5236 Λεγοόσηι
968 5162 995 5217 δὲ
1021 5162 1091 5235 ψιλὸν

347 5319 358 5364 i
373 5319 424 5364 Fau
439 5318 651 5374 ttt.v1.-ecap.
665 5329 728 5363 artu,
741 5339 769 5350 -
782 5319 796 5363 8
809 5318 862 5374 cap,
877 5317 982 5375 xtrr,sit.
995 5339 1023 5352 -
1034 5317 1049 5362 t
1061 5317 1086 5362 ln
1097 5316 1167 5375 aptis
1178 5317 1229 5363 trib.
1243 5326 1292 5372 sap.
1303 5319 1325 5362 et
1338 5316 1416 5363 aaut.
1429 5325 1479 5369 mr.
1493 5318 1547 5362 ton.
1557 5315 1585 5362 li
1602 5315 1662 5362 Gens
1674 5322 1697 5361 et
1720 5315 1746 5361 ln
1766 5324 1819 5373 m.
1837 5312 1909 5370 quint

320 5380 373 5427 ooll.
385 5391 435 5430 vrri.
449 5382 577 5430 anethum
589 5378 698 5426 -bl‘aa
711 5379 751 5425 lita
765 5378 793 5424 vt
802 5384 823 5424 et
834 5380 850 5424 1.
866 5379 911 5426 ttt.

1143 3809 1275 3871 candum
1292 3807 1508 3889 opportunitas
1528 3807 1716 3869 continetur.
1734 3807 1857 3867 Horum
1868 3801 1906 3863 al·
1972 3840 1973 3849 a
