4076 6180
551 270 602 332 bn
621 267 924 346 lacaedemone,
947 268 1019 334 utu.
1039 270 1123 350 XIII,
1151 271 1236 337 CAP.
1258 273 1285 334 Ι.
1651 265 1711 335 62⁷

127 433 232 510 lactus,
245 442 276 497 et
289 435 513 499 OEeumenius:
535 440 589 519 qui
610 439 747 520 Apostoli
770 439 889 501 dietum
940 442 992 500 tur
1005 439 1168 509 adducere,
1184 438 1386 501 similitudine
1404 438 1476 502 solis
1498 439 1631 519 explicat
1644 440 1707 504 sic:

126 526 198 587 illud
208 527 241 587 in
255 529 356 608 priore
368 528 409 591 ad
419 530 613 604 Timotheum,
631 532 731 611 capite
741 533 886 607 secundo,
944 551 959 587 a
974 532 1118 594 Dicamus
1127 533 1221 608 igitur
1235 531 1389 592 beatitatis
1408 531 1523 593 divinae
1537 531 1709 595 bonitatem

129 618 185 693 Oai
197 619 262 680 cett
273 639 368 682 omnes
381 622 509 684 homiues
527 621 621 684 salom
630 622 712 705 fieri,
729 624 768 684 de
791 624 888 685 omni-
940 623 1048 685 eodem
1062 626 1156 686 modo
1170 641 1302 704 semper,
1316 642 1352 684 ae
1365 624 1508 685 similiter
1520 623 1707 699 habentem

127 710 182 770 bns
201 710 291 788 plane
317 713 555 794 intelligendum
579 720 691 795 putant
712 722 829 795 :atque
850 716 889 776 iis
938 717 1058 796 proprii
1085 716 1212 778 luminis
1232 717 1388 777 bencllcos
1409 716 1514 777 radios
1539 716 1573 777 in
1600 735 1709 777 omnes

128 803 229 876 etiam,
244 805 298 884 qui
309 824 328 865 a
341 806 439 868 salute
454 808 609 868 excidunt.
626 808 705 869 Nam
718 815 750 869 et
765 827 889 869 rarrsam
937 807 1179 887 intelligentium
1193 813 1406 869 creaturarum
1429 808 1513 868 visus
1529 807 1643 869 effusos
1652 826 1707 869 oo·

126 895 294 974 inquirunt,
314 917 369 959 cur
386 917 458 959 cum
471 901 553 960 Deus
572 901 671 960 salvos
681 918 789 961 omnes
802 900 885 974 velit,
938 900 1023 978 pinse
1037 901 1355 963 communicaresive
1366 900 1460 978 igitur
1473 900 1512 961 ab
1521 900 1707 980 intelligibili

127 1005 188 1047 non
202 994 308 1050 tamen
319 991 393 1051 salvi
408 990 486 1051 bant
502 1010 509 1052 ι
526 1000 556 1053 ct
569 993 767 1072 respondent,
781 993 887 1053 boreo
937 992 1006 1054 luce
1032 994 1273 1073 intelligentium
1295 993 1430 1054 liberum
1443 993 1608 1054 arbitrium
1630 993 1708 1054 deii·

123 1078 197 1155 ficri,
210 1083 293 1160 quod
308 1083 368 1162 ipsi
395 1084 506 1145 nolint.
530 1085 632 1150 Quare
652 1085 809 1146 neminem
823 1103 886 1147 non
937 1086 1047 1147 ciendo
1067 1087 1200 1159 recedat,
1223 1086 1299 1147 dum
1324 1104 1431 1147 amore
1456 1085 1534 1162 vitii,
1549 1084 1708 1146 facultates

123 1171 239 1234 salvum
253 1192 319 1235 esse
328 1175 395 1235 vult
408 1177 500 1250 Deus,
526 1182 678 1256 quantum
695 1183 742 1239 est
760 1178 793 1237 in
806 1177 884 1256 ipso.
937 1177 994 1238 sibi
1008 1178 1190 1240 naturaliter
1201 1179 1241 1239 ad
1252 1179 1510 1240 illuminationem
1525 1179 1708 1258 capiendam

125 1264 207 1337 Quod
221 1270 253 1327 et
269 1268 406 1328 loannes
433 1270 638 1330 Damascenus
656 1270 788 1329 affirmat
807 1268 886 1330 libro
937 1269 1046 1331 insitas
1060 1271 1242 1348 occludit,ct
1255 1271 1295 1331 ab
1307 1271 1375 1333 luce
1385 1277 1546 1351 separatur
1556 1275 1707 1351 praesente

86 1377 89 1382 ·
123 1357 220 1432 tertio,
237 1359 336 1436 rapite
346 1366 473 1435 xxixam
484 1360 558 1421 abbi
571 1361 851 1421 demonstravimus
861 1359 884 1421 ¹.
937 1363 1005 1432 sibi,
1023 1381 1080 1425 uec
1094 1364 1278 1438 obsistente;
1294 1364 1347 1424 sed
1356 1363 1531 1425 caecutienti
1539 1363 1708 1425 oculolicet

160 1450 274 1512 Fadem
308 1451 446 1512 imbutus
489 1453 637 1533 opinione
676 1453 815 1514 Asterius
851 1453 885 1513 in
937 1454 1092 1532 illucente,
1110 1462 1140 1517 ct
1151 1457 1189 1517 ad
1203 1473 1276 1518 eum
1286 1455 1502 1517 adversantem
1513 1461 1704 1532 accrrrrente,

124 1540 342 1605 dehortatione
355 1543 394 1605 ad
414 1545 634 1624 penitentiam,
653 1546 768 1606 iudam
780 1547 885 1625 ipsum
937 1565 973 1607 ac
986 1554 1083 1609 semet
1095 1549 1265 1628 ingerente,
1282 1553 1318 1609 ut
1330 1547 1478 1609 bonitatis
1500 1549 1580 1609 ratio
1599 1555 1705 1628 postu-

122 1634 319 1712 proditorem,
342 1654 436 1716 quem
449 1656 523 1699 sane
541 1637 710 1717 reprobum
724 1637 884 1716 judicante
937 1637 1020 1715 lati3
1036 1662 1051 1698 ο
1070 1646 1128 1702 etc.
1145 1640 1304 1720 inquibus
1324 1640 1432 1701 lumen
1456 1639 1533 1701 illud
1548 1659 1618 1719 quea
1633 1647 1707 1703 sunt

122 1727 249 1788 Domino
269 1729 338 1807 ipso
348 1729 371 1806 ¹,
386 1730 478 1791 luisse
501 1731 606 1806 sciret,
629 1737 735 1791 tamen
747 1731 882 1810 veniam,
936 1733 1063 1812 propria
1083 1733 1209 1795 luminis
1233 1738 1381 1813 praestare
1403 1731 1606 1794 nibilominus
1625 1734 1707 1795 affir-

122 1824 151 1880 et
162 1820 293 1883 salutem
315 1824 422 1884 asserit
434 1823 571 1902 potuisse
598 1823 756 1902 consequi,
774 1825 800 1884 si
819 1843 882 1885 nou
936 1832 1019 1900 mat;
1036 1831 1067 1887 et
1079 1825 1289 1889 recusantium
1300 1825 1374 1886 licet
1386 1823 1563 1904 aspectibus
1573 1824 1703 1888 offundi.

121 1913 182 1991 ipse
194 1914 252 1975 sibi
265 1921 398 1976 mortem
413 1916 618 1977 conscivisset.
640 1915 728 1989 Quod
746 1917 883 1996 proiecto
937 1917 1038 1995 Igitur
1051 1937 1089 1979 ex
1100 1924 1204 1980 mente
1220 1917 1368 1997 Dionysii,
1386 1918 1433 1978 uti
1453 1917 1500 1979 sol
1513 1918 1658 1980 omnibus
1671 1920 1705 1989 iu

121 2024 181 2066 uon
194 2008 320 2082 diceret,
337 2008 363 2069 si
376 2026 440 2069 non
454 2008 533 2069 velle
553 2009 655 2089 ipsum
676 2027 741 2069 esse
764 2009 884 2070 salvum
936 2028 1102 2073 commune
1116 2011 1222 2072 lumen
1238 2010 1339 2083 offert,
1357 2028 1457 2090 neque
1468 2028 1705 2091 quemquamex

121 2097 303 2178 intelligeret
317 2101 427 2162 [teum.
440 2102 539 2175 Quem
552 2102 656 2162 locum
666 2108 772 2180 postea
784 2102 883 2181 proie-
935 2119 1028 2164 scsea
1043 2103 1279 2183 participatione
1292 2102 1377 2164 iliius
1391 2102 1528 2164 excludit
1545 2122 1552 2164 :
1565 2122 1601 2165 ac
1614 2104 1640 2165 si
1653 2123 1705 2165 ra·

121 2210 230 2267 remus,
245 2211 320 2253 cnm
331 2192 369 2253 de
383 2194 498 2254 Christi
512 2212 568 2273 pro
583 2193 729 2255 omnibus
742 2201 883 2275 suscepta
934 2195 1018 2255 tione
1044 2201 1075 2257 ct
1095 2195 1193 2257 libera
1213 2195 1372 2256 voluntate
1385 2195 1513 2270 luceret,
1530 2196 1705 2276 promiscue

121 2286 255 2363 passione
269 2285 505 2365 disputabimus.
526 2285 605 2347 Hinc
627 2286 711 2347 enim
733 2286 880 2365 idipsum,
935 2304 1055 2359 omnes,
1076 2289 1180 2366 quoad
1193 2288 1260 2367 ejus
1272 2287 1340 2349 fieri
1354 2295 1468 2367 posset,
1480 2287 1643 2368 splendore
1657 2290 1706 2351 sui

121 2378 196 2456 quod
210 2398 298 2439 nune
320 2379 450 2457 agimus,
466 2379 638 2441 adstruitur
659 2381 757 2440 boum
784 2380 883 2441 salvos
934 2377 1061 2440 luminis
1074 2379 1180 2441 afflare
1193 2380 1333 2442 studeret
1346 2399 1419 2441 :nec
1428 2380 1512 2441 nllus
1526 2400 1564 2443 οο
1573 2399 1706 2444 munere

121 2471 314 2532 omnesvclle
329 2488 395 2532 csse
404 2471 543 2551 ;qrrando
552 2490 608 2549 pro
621 2471 767 2532 omnibus
776 2491 883 2552 passus
934 2478 1062 2548 careret,
1079 2473 1139 2533 nisi
1153 2474 1207 2552 qui
1222 2478 1331 2553 suapte
1351 2473 1444 2553 culpa
1464 2492 1529 2535 sese
1543 2474 1704 2537 subtrahe-

121 2564 327 2626 esthristns.
934 2570 1000 2626 ret:
1017 2565 1061 2626 ita
1084 2583 1208 2644 prorsus
1230 2567 1327 2627 licum
1350 2566 1507 2627 existimat
1533 2566 1649 2646 liberis,
1670 2588 1706 2629 ac

157 2657 205 2717 Vl.
227 2657 292 2718 Nec
307 2656 496 2718 omittendus
508 2662 555 2719 est
565 2656 730 2737 presulatus
745 2658 883 2738 Dionysii
933 2676 997 2718 suar
1011 2657 1129 2736 spontis
1144 2657 1322 2718 bominibus
1349 2659 1458 2736 gratim
1486 2657 1627 2738 lucisque
1640 2677 1705 2720 suae

121 2746 200 2810 iocus
211 2769 250 2810 ex
263 2750 364 2830 eapite
378 2750 512 2811 secundo
531 2749 604 2809 libri
622 2747 656 2809 de
676 2748 882 2814 Ecclesiastico
932 2750 1087 2827 fulgorem
1101 2749 1282 2824 immittere,
1299 2749 1406 2810 nullus
1422 2749 1622 2823 ut,nisiviti0
1633 2769 1701 2825 suo,

121 2839 296 2903 Hierurctiia
314 2862 321 2903 ι
338 2842 392 2902 ubi
404 2842 579 2923 mysterium
593 2840 835 2911 illuminationis,
851 2842 882 2901 id
932 2841 1017 2901 illius
1026 2859 1097 2909 usu,
1112 2842 1277 2919 fructuque
1290 2841 1444 2920 privetur,
1462 2841 1545 2920 quod
1559 2843 1597 2903 de
1607 2842 1705 2904 fideli·

121 2939 162 2995 est
177 2934 321 3015 baptismi
336 2935 506 3011 declarans,
518 2935 561 2994 ita
579 2933 738 3013 loquitur:
756 2936 882 3014 «Αοιριιο
933 2933 1002 3010 bns,
1027 2939 1057 2994 et
1085 2934 1124 2993 ad
1152 2933 1360 2994 Christianam
1384 2933 1566 3012 religionem
1589 2936 1705 2996 uocatis

121 3024 277 3089 hierarcha
299 3027 426 3106 quidem
450 3026 632 3102 identidem,
651 3031 759 3105 utpote
775 3026 831 3087 liei
843 3027 883 3087 ad
933 3026 1054 3103 saltem,
1076 3025 1264 3087 intellexisse
1293 3026 1488 3106 Dionysium,
1515 3044 1620 3104 nemo,
1649 3026 1704 3107 qni

120 3118 352 3182 similitudinem
364 3120 515 3199 aspirans,
529 3124 560 3180 et
573 3137 683 3180 omnes
696 3119 808 3179 idcirco
822 3119 882 3179 sal·
932 3119 1021 3180 illum
1032 3119 1137 3179 locum
1150 3118 1272 3197 legerit,
1288 3136 1402 3197 negare
1415 3118 1538 3198 poterit.
1551 3120 1617 3180 lmo
1625 3127 1656 3181 et
1665 3121 1703 3181 do

120 3213 181 3271 rari
191 3212 335 3273 homines
348 3212 465 3285 volens,
476 3218 507 3273 et
518 3213 558 3273 ad
569 3212 761 3291 agnitionem
774 3212 884 3272 verita·
932 3211 1111 3272 bominibus
1125 3211 1397 3273 omnibusdictum
1410 3211 1469 3273 boc
1487 3211 1527 3273 ab
1542 3212 1595 3273 illo
1615 3212 1703 3275 fateri

120 3302 157 3363 tis
168 3307 284 3381 venire,
299 3324 374 3366 vera
386 3305 532 3367 omnibus
545 3302 711 3382 Evangelia
725 3304 881 3383 praedicat,
933 3310 1073 3381 cogetur.

121 3396 214 3458 licum
226 3397 381 3471 videlieet,
398 3398 453 3477 qui
464 3416 502 3457 cx
513 3397 616 3470 insita,
633 3402 665 3457 at
678 3396 811 3456 naturali
827 3396 882 3456 bo·
973 3397 1042 3457 Vll.
1059 3396 1099 3457 Ut
1112 3395 1152 3457 ad
1166 3395 1290 3457 Latinos
1298 3400 1467 3473 transeam,
1478 3394 1616 3475 primum
1623 3397 1703 3459 hanc
1736 3443 1753 3492 L
1769 3448 1785 3492 Η
1802 3456 1842 3491 oo

121 3489 212 3552 nitate
226 3491 375 3552 omnibus
386 3491 419 3551 in
431 3496 516 3551 terra
528 3489 710 3569 degentibus
731 3490 883 3570 propitius
933 3506 999 3549 esse
1014 3489 1068 3549 Dei
1086 3487 1291 3562 voluntatem,
1307 3493 1343 3548 nt
1364 3488 1470 3549 nonii
1493 3488 1551 3550 soli
1571 3489 1703 3552 salutem
1741 3458 1768 3545 oi
1784 3456 1865 3546 ίιίιιίί

122 3586 174 3656 cst,
185 3583 354 3662 ipsummet
365 3582 404 3642 ad
417 3601 475 3644 nos
496 3587 682 3655 constanter,
698 3600 733 3642 ac
750 3582 881 3661 fortiter,
933 3585 1174 3660 consequantur,
1189 3580 1244 3659 qui
1251 3580 1289 3640 ad
1305 3597 1375 3641 eam
1388 3582 1701 3661 reveraperveniunt,
1727 3555 1875 3673 immn-

122 3689 175 3750 pro
187 3674 379 3737 humanitate
389 3693 456 3752 sua,
466 3673 819 3753 venireessedignatum
833 3682 884 3736 :et
932 3673 1095 3734 sedetiam
1109 3673 1244 3752 reprobi,
1261 3673 1701 3750 saltemfideles,diserteTer·
1776 3668 1820 3708 ²¹²·

121 3764 212 3828 instar
238 3768 332 3847 ignis,
357 3767 575 3847 applicatione,
603 3766 883 3847 conjunctioueque
933 3765 1227 3827 tullianusaiflrmat
1240 3766 1273 3826 in
1298 3765 1377 3826 libro
1401 3764 1437 3827 de
1453 3766 1613 3843 Oratione’,
1629 3787 1702 3830 eum

122 3859 176 3935 sui,
189 3879 258 3940 quas
269 3860 425 3921 uniuntur
437 3859 495 3920 sibi
514 3859 642 3921 reddere
667 3859 789 3933 similia,
806 3878 882 3938 qua·
933 3857 986 3919 illa
1003 3857 1098 3919 verba
1122 3858 1291 3931 declarans,
1305 3856 1381 3918 Fiet
1408 3858 1539 3920 voluutas
1559 3867 1622 3937 tua,
1642 3866 1700 3922 etc.

123 3957 207 4014 tenus
233 3954 272 4016 ad
296 3952 479 4033 capiendam
512 3952 739 4013 deificationem
772 3952 883 4013 idonea
938 3950 1114 4019 «Petimus,
1130 3949 1703 4029 inquit,substantiam,dtlacultatem

122 4053 257 4107 eunte.»
932 4043 1100 4106 voluntatis
1119 4062 1183 4104 strar
1211 4042 1426 4104 subministret
1448 4043 1549 4118 nobis,
1572 4049 1608 4104 ut
1626 4044 1704 4105 salvi

158 4139 194 4199 Et
206 4138 325 4218 aliquot
336 4137 502 4218 interiectis
515 4137 635 4217 paginis
651 4136 788 4198 divinam
798 4136 883 4198 illam
932 4137 1029 4197 simus
1040 4141 1071 4197 ct
1093 4135 1127 4196 in
1145 4134 1240 4209 ecelis,
1256 4142 1288 4196 et
1308 4135 1342 4195 in
1364 4134 1478 4195 terris:
1495 4136 1568 4215 quia
1580 4154 1703 4198 summa

121 4226 152 4288 in
165 4248 273 4293 omnes
288 4230 419 4292 effusam
432 4231 606 4311 promiscue
617 4229 799 4307 bonitatem,
813 4249 883 4309 quae
933 4234 980 4289 est
993 4227 1161 4288 voluntatis
1175 4227 1253 4305 ejus,
1274 4226 1356 4287 salus
1371 4245 1492 4304 eorum,
1512 4246 1590 4308 quos
1602 4229 1702 4309 adop·

121 4319 242 4384 illoram
255 4323 572 4403 mentesadgratiam
586 4328 618 4384 et
631 4323 762 4384 salutem
783 4341 881 4385 cona·
932 4321 1021 4384 tavit.
1043 4342 1059 4379 a
1090 4321 1170 4401 Ergo
1193 4337 1301 4382 omnes
1326 4318 1405 4397 illos,
1432 4338 1511 4401 quos
1532 4322 1701 4401 adoptavit,

153 4546 172 4588 ο
190 4533 302 4591 Diouis.
314 4530 359 4590 lib.
376 4532 413 4591 de
426 4530 535 4592 Erotes.
551 4529 709 4591 Hierarclr.
725 4548 786 4604 cap.
801 4547 829 4587 rr.
851 4527 884 4584 ‘0
971 4531 988 4587 ο
1006 4528 1074 4587 ibid.
1097 4529 1212 4603 Αίγοριν
1228 4526 1310 4584 τοίνυν
1333 4526 1367 4590 ὡς
1382 4525 1448 4583 ἔστιν
1463 4527 1478 4597 ἡ
1495 4532 1539 4597 τῆς
1552 4529 1614 4594 θείας
1626 4548 1705 4602 pexu·

120 4613 159 4686 μὲν
172 4616 286 4691 ίεράρχης
299 4617 454 4691 {adoraret-fi
469 4617 530 4690 πρὸς
543 4616 597 4670 θεὸν
611 4616 762 4689 &poposcisse
776 4617 885 4676 ἅπαντας
935 4614 1046 4686 ριίτητος
1058 4613 1178 4686 ἀγαθότης
1191 4612 1229 4666 aa
1241 4611 1305 4666 κατὰ
1319 4609 1408 4677 cairi,
1418 4612 1459 4664 καὶ
1472 4611 1591 4675 ὡσαύτως
1599 4613 1702 4686 ἔχουσα,

120 4695 255 4770 ίνθρώιιους
268 4702 345 4755 taos
368 4703 485 4768 σωθῆναι,
507 4700 548 4754 καί
569 4698 602 4763 οίς
618 4699 746 4771 ἐπίγνωσιν
770 4698 884 4767 ἀληθείας
935 4696 978 4759 τὰς
988 4702 1031 4751 τοῦ
1047 4697 1137 4751 οίιιοίοο
1155 4696 1355 4768 ἂναθοερρίτιδας
1368 4693 1467 4758 ἀκτῖνας
1479 4693 1520 4749 lut
1535 4697 1616 4758 πάσας
1631 4696 1706 4768 dpat-

121 4777 204 4847 ίλθῐῖν,
218 4784 378 4857 ἇνακηρύττει
390 4787 450 4839 πᾶσι
462 4783 493 4838 ed
507 4785 584 4848 ὅντως
600 4783 739 4855 εὐαγγέλια·
756 4783 809 4837 θεὸν
822 4783 884 4835 tiso
933 4798 981 4844 νιος
1000 4779 1113 4835 disicias
1130 4779 1174 4842 τίις
1188 4779 1274 4851 sospita
1291 4778 1369 4850 ἕψεις,
1389 4775 1434 4832 εἴτ’
1458 4771 1500 4830 οὖν
1520 4776 1642 4848 ἀποσταίη
1661 4784 1704 4834 τοῦ

120 4867 168 4926 τοῖς
180 4864 219 4921 ἐντί
236 4867 319 4940 fieti
335 4868 425 4931 οἰκείας
444 4869 519 4934 ὄντα,
542 4867 583 4921 καί
606 4871 707 4937 φυσικῆς
720 4865 882 4938 ίγαθότιρτος,
932 4857 1023 4932 νοητοῦ
1037 4864 1118 4935 ports
1132 4863 1147 4931 ἠ
1163 4869 1213 4919 τῶν
1234 4866 1326 4934 vapor
1348 4859 1489 4932 αὐθαίρετος
1507 4860 1703 4932 αθτοξοοσιθτης,

119 4945 189 5003 αὐτὸν
212 4951 246 5014 ὣς
266 4951 329 5023 ἡμᾶς
351 4951 455 5014 εὐτόνως
488 4950 612 5023 ἀφικέσθαι
637 4950 678 5003 iris
703 4948 882 5021 φιλανθρωπίαν
931 4947 1018 5009 κακίας
1032 4946 1104 5019 ἔρωτι
1119 4946 1268 5019 σομρθσαοα
1281 4944 1325 5007 τὰς
1337 4948 1445 5015 φυσικῶς
1455 4941 1633 5020 ίνταααρμίνας
1641 4944 1703 5019 citii

123 5027 263 5099 ίξιώσαντα,
278 5036 319 5087 καί
338 5035 442 5107 τῇπρθς
459 5034 529 5088 ababa
544 5033 628 5088 evaeo
642 5033 709 5101 δίκην
728 5030 803 5104 πυρθς
820 5029 882 5100 dpu—
932 5030 993 5097 πρὸς
1006 5030 1035 5083 τὸ
1055 5030 1201 5102 φωτίζεσθαι
1222 5029 1349 5100 δυνάμεις,
1368 5024 1501 5097 deciperem
1517 5022 1562 5082 soii
1582 5029 1704 5101 παρόντος

122 5121 221 5181 portiom
237 5116 268 5171 τί
282 5117 410 5184 tonitura,
427 5116 489 5171 κατὰ
505 5116 548 5186 τὴν
562 5116 641 5170 αὐτῶν
655 5116 715 5188 πρὸς
733 5115 818 5169 θέωσιν
834 5111 884 5167 ἔτι·
933 5111 994 5185 αθτῇ
1016 5115 1097 5184 poete
1117 5112 1161 5166 οθκ
1183 5112 1344 5174 ἀποστάντος,
1370 5107 1425 5162 ἀλλ’
1441 5106 1622 5184 διαλάμποντος
1642 5110 1703 5184 αθιῇ

122 5198 270 5270 mortorum.
932 5197 1116 5331 ροονριαζώσῃ,
1142 5197 1183 5250 καί
1206 5193 1405 5267 ἀποστρεφομένη
1429 5196 1625 5270 προστρέχοντας
1639 5194 1704 5267 ἀγαν

947 5285 1043 5342 οειοῶς.

148 5444 158 5491 ί
172 5450 233 5496 lom.
249 5450 265 5505 l,
277 5450 318 5497 lib.
330 5450 356 5508 t,
368 5464 417 5508 cop.
429 5463 460 5504 ιν,
470 5450 486 5508 t
497 5450 530 5500 to.
541 5472 568 5485 —
579 5451 662 5497 aaut.
674 5460 731 5501 nri,
740 5448 775 5495 aa.
785 5469 812 5482 —·
822 5447 897 5504 amp.
910 5459 939 5493 ιι.
