3990 6130
517 383 569 443 on
589 378 896 458 raurannnoua,
919 378 993 442 nte.
1019 379 1085 458 vu,
1107 380 1191 442 ore.
1214 381 1268 443 ru.
1625 381 1683 442 rae

24 562 83 607 m
147 542 199 602 er
218 543 365 605 Omnium
382 545 583 608 disertissime
597 546 680 607 idem
692 544 770 606 illud
784 547 861 607 Am·
912 549 1026 606 natura
1039 551 1152 606 nostre
1167 547 1280 623 carnis,
1296 547 1329 607 iu
1342 546 1462 608 cunctis
1476 552 1595 607 nature
1609 546 1684 625 legi-

24 612 77 701 i'ai'·
113 633 221 695 bratus
236 643 388 698 moverat
409 637 443 698 in
462 638 543 700 libro
565 637 600 700 ds
627 637 834 700 Iucaraatr'one
847 655 860 697 .·
910 632 969 693 bus
987 633 1138 695 habitavit
1151 635 1297 696 innobls.
1314 637 1393 696 Nem
1410 636 1470 696 boc
1484 634 1681 696 solummodo

23 713 69 756 Μ*
112 724 159 786 ubl
177 731 281 788 ababa
296 729 482 808 Apollinaris
503 729 648 792 hereum
672 730 857 809 disputans,
910 732 1063 805 excepto,
1098 728 1183 806 quod
1216 744 1368 807 puerpera
1407 745 1471 787 nan
1506 728 1678 788 secundum

112 836 171 897 que
187 819 323 881 Verbum
347 846 361 876 ι
385 840 453 883 ossa
466 827 497 884 et
511 840 635 884 carnem
655 822 770 883 fectum
792 838 857 881 esse
908 834 1030 879 morem
1041 820 1194 880 universe
1208 821 1309 880 caruis
1323 839 1361 880 ex
1374 820 1456 879 virili
1469 818 1587 881 semine
1601 836 1676 879 con-

109 908 226 986 dicebat,
245 936 259 966 ι
279 912 386 974 etideo
404 914 439 974 in
452 920 568 976 terram
581 932 647 977 esse
659 930 854 987 conversum,
906 916 1032 990 ceptum
1051 910 1214 973 bominem
1235 911 1346 979 edidit,
1363 929 1420 972 uec
1441 918 1535 990 partu
1562 910 1676 972 violata

107 1001 143 1062 n'o
161 1000 241 1062 illam
261 1005 439 1082 aggreditur
461 1023 469 1065 :
496 1006 689 1086 «Scriptum
710 1010 779 1078 est,
805 1005 857 1065 in·
904 1007 963 1078 est,
978 1002 1031 1063 sed
1045 1004 1131 1083 virgo
1152 1008 1223 1064 ante
1244 1009 1380 1083 partum,
1395 1003 1484 1082 virgo
1506 1003 1676 1083 permansit

107 1094 313 1174 quiunt¹,quia
333 1095 458 1158 Verbum
470 1098 663 1179 cerofarium
683 1105 735 1159 ert.
752 1098 855 1176 Scrip·
903 1099 934 1154 et
948 1097 1473 1175 postpartumzhocsancexcepto;
1487 1101 1552 1156 toto
1565 1096 1674 1156 ordine

105 1189 162 1247 bum
174 1191 225 1263 cst,
238 1204 298 1248 non
308 1207 402 1268 nego,
417 1191 472 1251 sed
484 1190 644 1251 considera
657 1191 729 1269 quid
742 1207 854 1269 sequa·
903 1204 958 1247 suo
973 1205 1046 1249 vera
1055 1188 1190 1248 hominis
1203 1194 1315 1249 natura
1329 1189 1474 1250 cucurrit.
1492 1208 1508 1245 u

104 1280 156 1336 tur.
165 1278 303 1358 Sequitur
311 1281 410 1353 enim,
423 1281 466 1343 Et
476 1281 624 1343 dubitavit
640 1282 671 1343 iu
684 1281 852 1358 achiabus
941 1279 984 1338 X.
1001 1280 1118 1339 Verum
1144 1279 1202 1339 etsi
1226 1278 1364 1340 babitare
1383 1280 1414 1340 in
1435 1278 1518 1339 nobis
1538 1279 1671 1358 simplici
1697 1253 1844 1354 adnim-

103 1374 152 1443 est,
169 1368 241 1431 illud
269 1373 424 1448 Verbum,
444 1374 528 1453 quad
551 1392 677 1435 carnem
698 1375 847 1452 suscepit,
901 1387 937 1430 ac
949 1370 1063 1431 ffirecm
1083 1370 1307 1449 significatione
1328 1390 1393 1432 non
1413 1372 1497 1431 idern
1517 1370 1556 1431 sit
1576 1377 1670 1450 atque
1696 1361 1846 1460 ‘iiiam'

101 1459 301 1524 hwhflbitavit
313 1465 348 1525 in
361 1466 461 1538 nobis,
477 1468 536 1527 1100
549 1472 596 1527 est
611 1467 645 1527 in
658 1484 750 1528 earne
763 1467 849 1528 hahi-
900 1468 1044 1522 naturam
1064 1469 1202 1523 nostram
1223 1465 1397 1542 suscipere3
1414 1482 1453 1524 ex
1467 1465 1669 1542 consequenti
1707 1464 1827 1520 etgarum.

100 1553 305 1617 trvitburnana
323 1576 331 1617 r
348 1564 380 1618 et
394 1557 463 1619 ideo
473 1559 657 1620 Emmanuel
670 1560 771 1620 dictus
785 1563 845 1637 est;
899 1557 1004 1613 tamen
1032 1553 1166 1634 idipsum
1192 1554 1284 1618 valet.
1312 1556 1381 1616 Non
1405 1556 1489 1616 enim
1514 1554 1667 1615 habitatio

100 1639 148 1702 boa
159 1648 199 1702 est
211 1644 376 1707 nobiscum
387 1647 479 1708 Deus.
501 1670 517 1705 a
898 1645 1132 1726 qualiscumque
1147 1646 1342 1725 designatum
1358 1648 1412 1708 sed
1426 1648 1588 1726 ejusmodi,
1605 1666 1668 1727 qua

132 1734 309 1797 Gaudentius
322 1738 401 1799 item
412 1740 572 1800 brixianus
590 1740 763 1803 intractata
776 1759 843 1816 ιιιιι,
897 1737 992 1799 homo
1006 1756 1109 1812 verus,
1124 1740 1188 1800 sive
1209 1757 1280 1799 cero
1301 1738 1418 1800 fectum
1439 1741 1580 1801 Verbum
1595 1758 1667 1800 cum

99 1826 245 1888 sonaliter
261 1831 371 1890 sensit.
400 1852 416 1887 a
436 1832 515 1891 Nem
532 1831 615 1906 licet,
634 1833 747 1912 inquit,
769 1837 845 1897 Ver·
897 1829 1074 1890 hominibus
1094 1837 1250 1892 remotum
1272 1837 1329 1892 est.
1352 1833 1622 1906 Quemadmodum
1635 1841 1667 1893 et

98 1912 160 1976 bum
171 1920 432 1995 materiamen,
448 1927 484 1983 ut
496 1924 691 2002 Evangelista
706 1931 842 1998 testatur,
895 1921 1084 1982 avocandum
1092 1921 1285 1999 Emmanuel,
1294 1924 1377 2002 quod
1391 1924 1573 1985 Ambrosius
1582 1941 1666 1999 com-

97 2012 185 2070 umen
198 2012 267 2091 quia
279 2019 442 2092 permanet
462 2033 527 2076 esse
545 2016 628 2094 quad
648 2023 721 2078 ante
743 2019 845 2081 homi.
895 2014 1092 2085 memoravit,
1108 2031 1163 2093 per
1177 2031 1220 2088 se,
1237 2033 1272 2075 ac
1285 2016 1411 2093 precise
1425 2034 1490 2076 non
1511 2016 1665 2093 significat

96 2115 156 2161 uem
172 2102 286 2176 fuerat,
302 2105 428 2165 additur
447 2106 569 2174 statim,
585 2106 631 2167 Et
648 2105 792 2171 habitavit
812 2114 844 2174 in
894 2104 1366 2185 humanitatisessumptionem3
1383 2107 1436 2167 scd
1449 2107 1508 2167 Dei
1521 2112 1664 2169 tantum·

96 2192 173 2253 sodis.
193 2195 258 2267 Quo
280 2196 363 2257 dicto
381 2202 412 2258 et
433 2197 589 2258 habitator
613 2201 797 2279 ostenditur,
813 2212 844 2266 et
893 2195 988 2257 modo
1000 2196 1096 2256 Verbi
1107 2197 1385 2257 commorationem
1400 2197 1481 2258 iuter
1495 2217 1567 2274 nos;
1583 2200 1664 2259 nibi-

95 2280 285 2348 bubituculum
303 2288 420 2367 pariter
436 2290 673 2353 demonstratur.
700 2293 751 2355 Sic
768 2313 842 2372 ergo
892 2288 1029 2349 lominus
1042 2306 1082 2348 ex
1095 2289 1242 2366 qualitate
1256 2291 1444 2367 presentie,
1458 2291 1522 2351 sive
1537 2309 1664 2353 conver-

95 2376 254 2455 coepitesse,
268 2380 354 2458 quod
366 2381 452 2460 prius
465 2399 531 2442 non
545 2387 621 2457 eret,
644 2389 679 2444 ut
692 2387 842 2448 nondesi-
882 2379 1019 2441 sationis
1041 2397 1114 2442 rum
1132 2380 1327 2456 hominibus,
1345 2387 1530 2442 namuurum
1554 2382 1662 2444 amha-

93 2469 170 2528 ttemt
181 2472 338 2550 essequod
353 2478 429 2533 erat.
445 2493 462 2531 ο
890 2490 961 2534 rum
976 2472 1147 2533 arctissima
1161 2473 1338 2551 conjunctio
1352 2474 1573 2554 comprehendi
1594 2494 1660 2538 cra·

124 2558 243 2637 Vigilius
265 2580 391 2642 quoque
413 2564 447 2624 in
464 2563 544 2625 libro
566 2565 675 2643 quinto
702 2570 842 2632 adamam
891 2565 984 2627 ditur.
1002 2565 1092 2632 Quod
1104 2565 1229 2644 quidem
1243 2565 1377 2645 Gyrillus
1389 2566 1423 2625 iu
1435 2568 1660 2629 commentario

93 2645 230 2731 Euryclea
244 2652 268 2729 ¹;
292 2675 306 2711 a
322 2655 411 2729 Quod
428 2661 545 2732 auem,
564 2657 623 2733 ait,
642 2659 782 2722 Verbum
804 2663 839 2724 ιιι
890 2656 1063 2719 αάΕοοίοοο
1071 2657 1427 2733 indicarevidetur,dum
1435 2656 1657 2721 becenarret:

92 2756 167 2802 turne
178 2762 243 2821 sua,
258 2745 291 2806 id
305 2752 352 2807 est
363 2747 397 2807 iu
411 2747 550 2821 bomine,
565 2750 649 2827 quod
661 2753 727 2830 ipse
740 2753 838 2816 iactus
888 2747 1205 2809 Etvocubituraomen
1215 2747 1467 2827 ejusEmmanucl
1481 2768 1511 2808 :a
1526 2752 1656 2833 Hocest,

91 2837 136 2907 er,
149 2833 338 2910 mutaverit,
354 2840 509 2900 ioannem
522 2840 595 2900 auci
609 2840 777 2919 dicentem
790 2847 837 2908 nr
889 2838 1004 2919 inquit,
1030 2840 1226 2901 confiteberis
1243 2842 1342 2902 neum
1359 2841 1392 2901 in
1410 2841 1548 2902 numana
1563 2862 1658 2923 appe-

95 2920 199 2987 Verbum
211 2947 283 2990 caro
295 2929 411 3009 sactum
425 2938 476 3004 est,
494 2930 681 2995 ethabuerit
695 2936 728 2996 ia
741 2937 833 3014 nobas,
887 2932 984 2992 ruisse
993 2931 1190 2993 mumadam
1200 2932 1284 2993 enim
1297 2932 1441 3011 apparuit
1451 2934 1549 2995 nostri
1556 2934 1656 2997 simile

91 3011 165 3076 idest
178 3018 209 3079 in
229 3026 346 3082 nostre
369 3027 490 3083 nature
514 3041 617 3085 carne.
639 3026 717 3088 Nam
735 3036 837 3108 posset
886 3022 1082 3101 unigenitum
1097 3024 1151 3084 Dei
1162 3024 1405 3100 Verbum3tunc
1417 3023 1653 3088 nobiscumfuit.

90 3104 339 3186 licerahebitavit
349 3112 553 3189 nobiscum,si
561 3119 759 3194 presentiam
769 3122 836 3200 ejus
885 3115 965 3176 Nam
976 3115 1031 3194 qui
1039 3133 1166 3187 omnem
1179 3123 1356 3178 creaturam
1366 3115 1543 3192 excedebat,
1555 3117 1654 3179 factus

87 3194 643 3273 odbomines,etnonhabitationemin
651 3215 836 3292 suaproprie
884 3206 1045 3269 estsimilis
1051 3208 1181 3269 nostriss.
1194 3228 1209 3265 a
1221 3208 1451 3286 Prorsusigilur
1457 3208 1566 3270 eadem
1574 3212 1654 3272 ratio

87 3305 173 3367 aruo,
187 3312 257 3373 que
273 3314 313 3356 ex
326 3296 417 3357 nobis
428 3303 484 3374 est,
495 3298 641 3361 voluisset
658 3304 831 3370 ostendere,
884 3298 1006 3358 videtur
1020 3316 1084 3359 esse
1098 3297 1241 3359 dodonis
1255 3300 1337 3360 illius
1350 3299 1543 3376 Ernmamul,
1560 3309 1653 3383 atque

86 3379 211 3462 Sedquia
232 3388 330 3448 homo
355 3387 470 3466 lactus,
491 3396 604 3451 nostre
627 3398 747 3457 natruae
768 3415 833 3459 001·-
883 3394 929 3451 est
950 3390 1115 3451 locutionis
1136 3390 1235 3463 istius,
1261 3389 1305 3451 Et
1331 3390 1477 3451 dubitauit
1501 3393 1534 3452 ia
1555 3395 1649 3456 nobis.
1729 3434 1736 3447 ·

85 3488 131 3549 itu
144 3476 278 3551 incoluit,
293 3480 394 3542 dictus
411 3488 457 3542 est
475 3482 628 3545 habitasse
641 3484 676 3545 in
688 3486 788 3549 nabis,
811 3510 828 3548 ι
881 3481 990 3542 Ambe
1018 3481 1104 3541 euim
1127 3499 1192 3541 non
1220 3499 1259 3541 en
1284 3500 1348 3542 sese
1373 3481 1433 3543 hoc
1453 3482 1586 3553 babent,
1616 3491 1652 3545 ut

117 3565 169 3629 Sed
183 3569 252 3632 baeo
271 3572 379 3650 Vigilii
400 3573 478 3633 ratio
495 3592 560 3634 non
573 3578 745 3638 necessario
766 3583 829 3642 eal*-
880 3572 1101 3633 incaruetiouis
1123 3573 1328 3651 mysterium,
1352 3572 1411 3634 hoc
1435 3579 1481 3634 est
1503 3574 1558 3635 Dei
1579 3595 1651 3638 cum

82 3654 266 3744 ligitQm'ppe
280 3663 405 3725 innubis
419 3664 503 3727 idem
513 3672 661 3746 astatque
676 3668 755 3731 inter
767 3692 828 3751 aas,
879 3664 1007 3725 homine
1020 3663 1246 3724 substantivam
1266 3664 1440 3725 unitionem
1452 3665 1626 3744 significent
1640 3690 1648 3731 :

82 3748 305 3824 οἰοοοοιιοεοηιι
323 3762 359 3818 ui
379 3756 475 3817 homo
488 3758 570 3819 inter
588 3759 731 3823 homines
745 3764 831 3826 habi.
878 3756 933 3816 sed
953 3761 1106 3835 quatenus
1129 3755 1169 3816 ed
1193 3757 1405 3817 antecedentia
1425 3757 1614 3835 referuntur,
1630 3781 1650 3822 a

81 3844 146 3903 bue
165 3844 294 3908 dicatur.
324 3850 425 3927 Atque
455 3849 515 3910 hoc
543 3852 638 3912 modo
664 3856 830 3935 sumpsisse
878 3847 992 3925 quibus
1017 3847 1082 3908 vim
1103 3847 1189 3908 illam
1214 3867 1253 3909 cx
1277 3849 1479 3928 consequenti
1507 3853 1646 3930 capiunt.

80 3932 181 3996 adam
197 3939 404 4018 Augustinus.
428 3940 510 4002 Beda
528 3960 664 4022 quoque,
686 3963 745 4006 nea
763 3965 828 4010 non
878 3939 919 3999 Ut
932 3939 1017 4018 apud
1037 3939 1147 3999 lsaiam
1166 3940 1348 4018 precedunt
1361 3941 1415 4002 ille
1434 3943 1545 4018 verba,
1571 3943 1648 4006 Erre

79 4022 249 4091 dlcburiuus
279 4031 336 4111 qui
372 4032 580 4110 Augustinum
609 4035 643 4095 ιιι
680 4038 827 4101 omnibus
884 4029 971 4112 Virpo
1000 4031 1142 4109 seruabant
1167 4037 1196 4091 et
1215 4030 1315 4112 pariet
1337 4030 1440 4111 filium
1456 4030 1493 4092 ⁸:
1530 4036 1646 4113 quibus

78 4126 241 4195 aquantur,
267 4127 300 4184 et
322 4123 473 4185 verbatim
501 4124 685 4206 plerumque
709 4129 826 4192 deseri.
876 4141 952 4184 vore
969 4122 1144 4201 generatio,
1160 4141 1196 4183 ac
1210 4123 1341 4203 proinde
1351 4128 1534 4186 naturarum
1552 4145 1646 4207 copu-

78 4204 150 4270 btmt·
172 4214 210 4273 Et
233 4213 579 4294 minatensium
598 4217 712 4297 sactum
732 4228 826 4299 est,et
876 4211 950 4275 latio
977 4218 1229 4293 representatur.
1255 4215 1344 4276 Unde
1370 4216 1454 4294 quod
1484 4217 1646 4296 subjicitur

77 4293 202 4364 dubitauit
226 4305 260 4365 in
279 4304 370 4368 nobas
391 4307 479 4381 Quod
498 4312 546 4369 est
563 4309 681 4373 dicere:
698 4317 730 4373 et
743 4313 827 4376 fliius
876 4306 1025 4385 concepti,
1048 4324 1084 4366 ac
1097 4305 1195 4384 geniti
1209 4324 1335 4382 nomen,
1348 4306 1540 4381 Emmanuel,
1558 4328 1643 4372 eem-

77 4388 220 4457 beiboma
240 4396 339 4459 iratus
358 4404 414 4472 eat,
441 4405 472 4462 et
490 4399 572 4461 inter
591 4401 736 4464 homines
755 4423 826 4466 mn.
875 4397 946 4457 dem
981 4398 1126 4477 exprimit
1150 4398 1373 4459 substantivam
1405 4401 1565 4462 unitatem.
1593 4404 1643 4465 Sic

76 4494 194 4547 ramus
213 4494 271 4550 est.
295 4510 311 4547 a
873 4488 957 4568 apud
972 4490 1126 4550 ioannem
1140 4508 1179 4552 ea
1192 4490 1252 4551 illis
1262 4490 1370 4551 itidem
1379 4491 1641 4572 antecedentibus,

105 4575 147 4637 sta
164 4579 350 4659 Rupertus⁸
366 4599 375 4641 t
394 4584 506 4661 «Ergo
523 4583 605 4645 Deus
617 4584 712 4647 hama
726 4586 823 4650 factus
873 4579 917 4641 Et
932 4578 1048 4641 verbum
1068 4582 1261 4663 cerofarium
1283 4590 1335 4658 est,
1351 4601 1421 4661 quar
1442 4584 1546 4644 stetim
1566 4587 1642 4647 sub·

74 4670 117 4740 at,
130 4670 181 4743 ait,
196 4676 228 4732 nt
239 4671 390 4743 habitavit
401 4674 436 4734 in
448 4675 550 4736 nobis,
567 4676 713 4751 Inachis,
730 4680 822 4759 plane
866 4671 950 4750 jecta
970 4679 1053 4748 sunt,
1069 4672 1115 4733 Et
1134 4671 1278 4733 dubitauit
1290 4677 1323 4733 in
1336 4672 1429 4747 nobis,
1445 4674 1479 4733 in
1500 4677 1641 4739 eamdem

73 4765 249 4833 peremnia,
275 4770 383 4843 utpote
403 4765 441 4826 de
467 4767 530 4826 suis
555 4767 762 4831 invisibilibus
782 4773 822 4833 ad
870 4763 1046 4824 formantur
1064 4764 1225 4825 notionem
1246 4768 1394 4843 suscepte
1418 4767 1530 4829 carnis.
1551 4770 1640 4843 Quod

72 4843 161 4901 naua
181 4842 315 4904 vuibilia
334 4845 497 4924 profectus.
521 4846 662 4908 Primum
691 4851 725 4910 in
750 4871 823 4913 vara
870 4857 908 4915 ad
932 4861 1074 4916 veterum
1091 4856 1276 4917 sententiam
1297 4856 1334 4917 de
1353 4857 1407 4919 illo
1425 4860 1554 4922 loannis
1572 4862 1639 4924 loco

69 5010 165 5083 πινῶν,
179 5014 620 5095 τδσιηνοιιμιοον,καλμήτετροπὴν,
636 5028 698 5098 μήτε
711 5026 818 5081 molar·
903 5046 924 5085 α
943 5031 1053 5087 Crustu.
1075 5031 1122 5086 lib.
1143 5026 1153 5087 i
1175 5035 1207 5087 in
1220 5035 1293 5089 Eua.
1313 5034 1456 5103 tourtam,
1476 5036 1638 5110 ὁμολογήσεις

69 5113 108 5161 aa,
123 5101 179 5170 μήτε
192 5096 216 5155 ti
231 5107 344 5157 τοιοῦτον
359 5100 399 5157 tat
417 5108 460 5172 τῆς
474 5104 594 5178 ἂτρέπτου
608 5108 690 5172 odaiae
708 5108 816 5164 ἔκλάόω·
866 5113 909 5166 τον
926 5113 979 5167 debu
992 5113 1016 5167 ἐν
1031 5113 1168 5186 &ripuaria
1181 5119 1263 5189 μορφῇ
1281 5119 1415 5189 reppedare.
1432 5120 1473 5174 ὅτε
1486 5118 1534 5192 γὰρ
1547 5123 1637 5194 πέφῃνε

68 5178 193 5254 winde
211 5182 241 5236 dv
258 5176 312 5238 εἶπε
326 5186 445 5258 σκήνωμα
459 5183 565 5259 ἐγένετο,
584 5188 817 5258 adnimadversum
865 5195 919 5248 καθ’
933 5194 997 5268 ἡμᾶς
1013 5196 1027 5250 d
1042 5196 1175 5269 μονογενὴς
1188 5200 1232 5253 τοῦ
1250 5199 1305 5253 θεοῦ
1319 5202 1404 5271 λόγος,
1427 5203 1483 5256 τότε
1496 5204 1537 5256 κοιλ
1550 5205 1636 5276 γέγονε

66 5252 211 5416 {amam
232 5264 293 5335 aba
315 5273 360 5321 rod
382 5268 460 5341 λόγου
489 5271 558 5341 φύσις
584 5266 616 5336 οἷς
634 5273 724 5347 σαρκὸς
746 5275 816 5345 φύσιν
866 5277 919 5349 μεθ’
941 5276 1023 5351 ἡμῶν,
1045 5278 1060 5332 ὁ
1081 5278 1128 5351 γὰρ
1152 5278 1212 5353 balp
1226 5285 1307 5337 πᾶσαν
1329 5283 1373 5353 τὴν
1387 5279 1463 5339 κτίσιν
1477 5286 1563 5357 γέγονε
1581 5286 1635 5339 καθ’

157 5390 164 5402 ·
865 5359 939 5432 aare.

87 5492 163 5543 stat.
172 5496 198 5545 tt
210 5486 284 5547 iton·
294 5508 344 5558 etp.
356 5508 388 5547 tt.
402 5504 449 5548 -2
459 5502 521 5550 loru.
531 5496 558 5549 Ν
567 5504 614 5551 su.
626 5504 675 5553 518.
684 5531 712 5542 —
722 5500 788 5554 ibib.
803 5507 811 5553 l
824 5510 851 5554 ta
863 5510 926 5557 ioan.
937 5508 996 5558 'lom
1012 5512 1041 5566 ll,
1053 5515 1096 5559 col.
1106 5512 1121 5558 b
1132 5512 1183 5561 dns.
1198 5516 1245 5561 -d
1254 5518 1296 5562 bo.
1316 5527 1357 5567 ru,
1369 5516 1403 5566 lt.
