4076 6180
541 397 592 459 DE
611 398 914 474 INCARNATIONE,
936 401 1007 463 LlB.
1030 400 1114 477 Xlll,
1144 401 1228 464 CAP.
1252 401 1294 461 11.
1656 386 1715 448 633

125 557 397 621 administratore?
411 582 426 619 n
452 562 540 625 Idem
554 570 707 643 pretereo
720 566 752 627 in
767 566 897 647 epistola
946 565 1176 649 disputatorum,
1188 569 1222 628 in
1234 567 1435 645 responsione
1457 566 1496 627 ed
1511 565 1715 644 questionem

126 650 165 713 ud
188 650 357 728 nlonactzos,
386 654 487 716 filium
515 657 570 717 Dei
598 676 668 737 ques
689 663 764 719 sunt
783 660 894 737 cornis,
947 661 1125 734 secundom,
1154 661 1192 722 de
1220 661 1346 721 caritate
1372 665 1441 719 tum
1468 660 1524 719 Dei
1546 677 1619 737 ergo
1646 675 1714 730 noo,

125 744 252 824 propriu
263 744 320 805 sibi
331 746 374 807 ait
385 747 503 823 fecisse,
523 754 589 810 aut
601 751 658 830 ipsi
674 752 897 813 attribueretur
947 758 1015 814 tum
1036 759 1144 814 nostru
1159 772 1233 832 erga
1242 755 1345 833 ipsum
1359 760 1470 813 matun
1484 752 1647 826 disserens,
1664 771 1717 831 op-

126 837 239 917 passio,
255 842 285 897 et
312 856 394 900 unus
418 858 456 901 ex
486 841 631 903 omuibus
651 861 826 923 resurgens,
843 845 898 924 qui
947 846 1046 925 prime
1061 846 1154 924 pium,
1168 851 1198 907 et
1209 846 1364 925 copiosam
1378 845 1550 905 orationem
1565 845 1714 924 explicat:

127 947 183 1008 pro
196 930 341 991 omnibus
356 938 422 993 erat
435 939 589 1011 mortuus,
605 936 731 1015 proprio
745 937 896 1014 sunguine
947 937 981 997 in
1004 956 1065 1016 qua
1092 938 1207 998 amoris
1234 937 1317 997 illius
1343 937 1485 1016 quendem
1514 938 1715 998 incitamento

127 1021 294 1083 redimeret
307 1024 458 1103 quidquid
472 1027 529 1087 sub
543 1028 621 1089 eoelo
636 1035 692 1105 est,
709 1036 739 1090 et
757 1030 896 1110 nequire·
947 1031 1104 1110 proponit,
1121 1049 1158 1091 ex
1172 1031 1344 1098 immensis.
1365 1036 1397 1090 et
1418 1029 1641 1109 multiplicibus
1662 1030 1717 1091 Dei

127 1121 173 1175 ret
188 1115 262 1190 Deo,
279 1134 314 1176 ne
334 1117 413 1176 Patri
429 1136 482 1180 eos
494 1137 613 1193 omues,
631 1123 686 1200 qui
708 1122 741 1182 in
754 1123 898 1184 universe
948 1122 983 1182 in
1000 1140 1056 1182 nos
1078 1129 1203 1202 sumpta
1224 1121 1403 1196 benefieiis;
1419 1140 1553 1201 quorum
1575 1122 1624 1183 sel
1642 1122 1717 1182 rini-

128 1211 212 1267 terre
235 1209 469 1271 consistente.»
497 1214 563 1286 Quo
587 1215 694 1293 Cyrilli
712 1215 779 1276 loco
803 1216 897 1277 Hine-

130 1317 236 1361 murus
261 1301 360 1363 utitur
372 1301 393 1379 ¹,
409 1322 444 1364 ne
459 1305 580 1366 videtur
590 1307 716 1368 latinns
730 1309 896 1389 Interpres,

80 1400 83 1405 ’
129 1410 225 1470 quem
239 1393 379 1454 adhibuit
403 1395 437 1455 in
462 1398 570 1459 Graeco
587 1399 695 1476 legisse
720 1402 757 1472 εἷς
772 1410 786 1463 ὁ
800 1411 898 1464 πάντων

130 1492 262 1560 ἅπαντας
287 1487 380 1547 uertit
403 1489 497 1564 enim,
518 1491 649 1552 omniurn
672 1495 900 1573 compensatione

130 1577 254 1657 de'pnus,
269 1598 326 1658 pro
352 1599 413 1659 quo
436 1582 470 1640 in
490 1583 651 1661 Ephesium
666 1586 776 1663 synodi
790 1587 899 1647 Latino

131 1670 285 1749 seriptum
310 1678 365 1749 est,
393 1671 474 1734 Unus
502 1675 557 1756 qni
588 1676 723 1738 omuibus
758 1676 901 1757 dr'pne'tetc

129 1762 305 1841 prestabat.

170 1856 252 1916 Sunt
263 1857 315 1936 qni
336 1858 440 1939 Cyrilli
462 1861 734 1940 hierosolymitani
745 1862 848 1923 locum
861 1862 900 1922 ud

129 1945 189 2007 boe
203 1948 335 2010 afferant
358 1952 566 2029 probandum,
582 1954 737 2015 Christum
759 1955 900 2034 passione

129 2058 186 2099 sno
199 2041 365 2120 multiplex
378 2044 437 2104 iter
450 2046 598 2106 omnibus
607 2047 775 2125 operuisse,
791 2066 853 2126 quo
867 2046 900 2107 in

129 2129 197 2192 loeo
219 2134 265 2193 ait
286 2134 348 2195 sie:
376 2155 390 2190 u
413 2138 452 2195 Et
468 2137 651 2199 multimodo
671 2158 744 2200 sone
759 2139 901 2218 quaedem

130 2223 237 2285 relicto
258 2232 303 2286 est
318 2227 397 2287 cotio
416 2232 640 2308 corrsequeudre
662 2233 733 2292 vitre
762 2238 898 2307 reternae,

129 2322 260 2397 propter
277 2318 359 2379 illius
381 2321 566 2399 passionem.
583 2349 597 2377 ν
625 2325 742 2386 Verum
763 2343 826 2384 non
842 2326 900 2403 Cy·

129 2407 191 2468 rilli
206 2416 254 2470 est
276 2409 334 2471 ista
358 2414 521 2490 sententia,
535 2415 588 2475 sed
605 2416 706 2476 Latini
725 2416 902 2496 interpretis

129 2500 147 2561 J
150 2502 263 2562 oannis
275 2504 415 2566 Grodeeii
426 2526 432 2567 :
450 2506 504 2585 qui
516 2507 599 2567 aliud
611 2526 705 2587 egens
718 2511 824 2569 Graeea
838 2527 902 2568 non

130 2610 168 2653 ex
179 2593 244 2654 fide
258 2598 419 2659 convertit.
436 2600 488 2659 Est
502 2605 607 2660 autem
621 2601 679 2661 ista
699 2594 851 2661 sententio
865 2619 902 2661 ex

132 2686 282 2747 cuteohesi
294 2706 380 2762 nuru,
396 2691 699 2771 ubiGyrillusuarios
716 2711 780 2754 esso
794 2693 904 2753 modos

131 2781 359 2859 consequendos
384 2783 499 2844 solatis,
526 2803 561 2844 oe
593 2786 789 2864 sempiternes
817 2785 901 2860 vitre,

130 2872 244 2952 probat
264 2893 281 2934 e
303 2873 485 2954 Scripturis:
505 2883 536 2937 ct
558 2876 725 2937 nonnullos
746 2878 902 2958 proponit,

130 2964 217 3025 velut
238 2966 342 3041 tidem,
365 2968 563 3048 martyrium,
587 2970 743 3047 Evangelii
757 2970 901 3048 prmdice-

130 3057 263 3132 tionem,
278 3077 417 3121 umorem
432 3061 556 3135 Christi,
574 3062 650 3138 logis
661 3062 901 3134 observantiam,

130 3149 242 3230 fugam
263 3152 432 3214 vitiorum:
454 3173 489 3215 ac
516 3155 643 3216 demum
664 3155 707 3216 itu
728 3172 904 3217 sermonem

131 3244 302 3306 concludit.
333 3267 348 3304 o
379 3247 517 3326 Denique
541 3248 704 3328 multiplex
731 3254 777 3309 est
810 3265 905 3327 qnam

131 3343 261 3417 propter
277 3338 405 3398 nimium
427 3339 547 3419 copiam
568 3341 765 3420 pretermisi,
781 3349 905 3401 aeterne

130 3429 206 3491 vitoe
222 3431 526 3509 comparendaerutio
545 3442 567 3493 ⁰.
578 3453 594 3489 n
612 3432 741 3493 Videtur
753 3434 906 3513 lntcrpres

130 3520 245 3601 legisse
271 3532 399 3587 κατέλιπεν
412 3532 452 3586 διὰ
466 3534 495 3588 τὸ
509 3534 599 3596 πάθος.
633 3526 695 3586 Sed
720 3525 814 3587 falsus
841 3531 903 3589 est:

132 3633 192 3677 nee
204 3615 245 3675 ad
258 3633 326 3676 rem
338 3617 474 3696 pertinet
485 3617 594 3697 Cyrilli
605 3618 690 3679 loeus
703 3618 771 3679 iste.

175 3707 214 3767 V.
232 3707 298 3781 Quo
324 3726 396 3769 cum
421 3708 553 3770 aiterum
571 3709 674 3771 basilii
697 3711 803 3789 magni
826 3728 907 3771 eom-

133 3800 337 3880 pensabimus
351 3819 424 3863 sene
438 3801 633 3882 praeelumm,
650 3809 680 3863 et
700 3808 805 3883 aperte
819 3802 907 3881 liqui-

949 1233 1020 1275 cum
1042 1215 1114 1275 sotis
1127 1233 1191 1276 esse
1204 1216 1315 1275 debeat
1333 1216 1373 1275 od
1388 1215 1584 1276 excitandum
1598 1217 1631 1275 ia
1650 1216 1718 1276 ani-

949 1309 1009 1368 mis
1020 1308 1132 1368 nostris
1146 1308 1316 1385 ingentem,
1333 1312 1364 1368 et
1371 1307 1590 1368 inexhaustum
1604 1308 1716 1369 divinoe

950 1400 1083 1460 caritatis
1107 1400 1262 1460 ardorem.
1285 1403 1331 1460 Ex
1352 1400 1401 1460 bis
1434 1409 1537 1460 autem
1563 1399 1719 1461 benefieiis

949 1490 1027 1552 illud
1036 1494 1192 1572 proeoipue
1209 1498 1442 1565 commemorat,
1458 1492 1542 1571 quod
1561 1493 1598 1553 ed
1614 1492 1720 1572 imagi-

950 1602 1023 1645 nem
1052 1602 1140 1646 suam
1168 1586 1307 1646 eonditos
1335 1585 1477 1645 homines
1504 1585 1542 1645 ad
1569 1591 1719 1646 oeternum

949 1676 1126 1737 ielioitntem
1140 1678 1304 1738 destinavit
1315 1698 1323 1752 ;
1346 1682 1376 1736 et
1398 1678 1431 1737 in
1450 1682 1619 1756 peeeutum,
1650 1677 1718 1738 exi·

949 1769 1089 1849 tinmqne
1100 1770 1259 1850 prolapsos
1272 1788 1425 1838 revocure.
1446 1788 1482 1830 ue
1495 1788 1633 1831 recreare
1654 1777 1720 1831 stu·

950 1862 1027 1931 duit,
1048 1869 1173 1942 propter
1194 1881 1250 1922 nos
1274 1863 1368 1923 homo
1390 1863 1498 1939 faetus,
1526 1868 1557 1923 et
1579 1863 1717 1939 infundo,

950 1955 1139 2033 indigneque
1153 1973 1328 2035 perpessus.
1344 1956 1407 2015 Nee
1420 1973 1456 2015 eo
1471 1960 1632 2016 contentus
1644 1956 1720 2016 diri-

950 2047 1054 2107 nitatis
1068 2065 1124 2107 nos
1145 2048 1239 2108 etiam
1261 2066 1326 2107 sure
1350 2048 1512 2128 participes
1530 2066 1595 2109 esse
1608 2048 1717 2124 uoluit,

952 2146 981 2200 et
991 2139 1174 2200 immortalis
1183 2147 1252 2220 post
1265 2140 1346 2200 haue
1359 2139 1455 2199 uitam
1470 2140 1576 2218 gloriae
1589 2158 1718 2201 consor·

950 2238 1007 2293 tes.
1029 2232 1145 2306 Quibus
1164 2231 1320 2311 expositis,
1344 2232 1425 2293 horre
1444 2232 1529 2293 uebd
1551 2233 1720 2294 hortationi

951 2342 1015 2385 suoe
1025 2324 1193 2384 clausulam
1205 2324 1346 2403 adjungit
1357 2324 1396 2384 ad
1406 2324 1583 2385 animorum
1599 2343 1721 2405 permo-

951 2416 1069 2477 tionem
1087 2417 1303 2478 vehementem
1323 2416 1476 2497 imprimis
1489 2421 1520 2477 et
1543 2417 1718 2479 effireeem:

955 2530 971 2567 o
998 2509 1073 2571 blibi
1100 2528 1185 2586 vero,
1213 2510 1256 2570 uit
1284 2509 1423 2583 Basilius,
1446 2508 1552 2570 omniu
1573 2510 1626 2571 illo
1649 2529 1720 2571 eum

951 2602 1057 2661 unimo
1070 2619 1140 2662 meo
1160 2601 1307 2681 cogitanti
1329 2600 1373 2681 (ut
1387 2601 1462 2681 quid
1475 2602 1506 2661 ia
1520 2619 1571 2663 me
1588 2603 1720 2663 seutiam

952 2693 1039 2754 robis
1053 2693 1189 2775 eloquor)
1206 2693 1288 2754 subit
1301 2694 1413 2754 horror
1427 2694 1564 2772 quidam,
1580 2712 1616 2755 ee
1636 2695 1721 2756 uelut

952 2786 1094 2847 ulienetse
1110 2788 1223 2847 mentis
1244 2795 1363 2866 stupor,
1383 2785 1513 2847 neforte
1528 2786 1576 2847 uel
1595 2794 1720 2848 orocsta

953 2878 1014 2938 alio
1030 2885 1150 2949 mente;
1167 2880 1214 2940 vel
1230 2882 1309 2939 einen
1323 2896 1475 2939 ranorum
1503 2897 1610 2940 rerum
1629 2899 1719 2940 ‹recri-

953 2976 1025 3049 pate
1038 2971 1185 3047 studium,
1208 2970 1247 3031 ob
1262 2972 1316 3032 Dei
1329 2971 1455 3032 caritate
1469 2971 1622 3040 excidens,
1636 2972 1722 3033 Obri-

953 3068 1000 3122 sto
1014 3063 1154 3125 dedecori
1170 3063 1240 3124 sim.
1255 3064 1333 3125 Nam
1348 3063 1400 3123 ibe
1413 3063 1720 3143 ipse,quinosmodo

953 3154 1076 3234 deripit,
1095 3174 1130 3215 ne
1153 3175 1208 3236 per
1228 3156 1401 3215 mundanas
1414 3155 1571 3217 illecebras
1589 3156 1720 3217 oblivio·

954 3265 1028 3308 nem
1050 3247 1139 3308 nobis
1155 3251 1336 3328 ingenerare
1354 3248 1433 3310 bene
1447 3249 1486 3310 de
1507 3250 1596 3310 nobis
1617 3251 1721 3312 meriti

955 3341 1105 3401 Crtutoris
1128 3341 1214 3403 omni
1228 3360 1286 3421 ope
1298 3341 1466 3414 contendit,
1485 3342 1524 3402 ed
1544 3342 1721 3404 animorum

954 3438 1130 3493 nostrarum
1149 3433 1328 3512 perniciem,
1349 3433 1486 3495 insiliens
1504 3434 1537 3494 in
1558 3452 1611 3494 eos
1626 3440 1657 3495 et
1672 3435 1721 3495 in·

955 3530 1073 3585 seetuns
1080 3545 1088 3599 3
1119 3531 1194 3586 tune
1216 3532 1354 3587 nostram
1382 3526 1644 3604 contemptionem
1665 3528 1723 3588 Do·

956 3616 1042 3677 mino
1053 3634 1108 3696 per
1122 3617 1296 3678 convicium
1310 3618 1511 3695 exprobrabit
1523 3640 1531 3692 3
1547 3625 1578 3680 et
1595 3637 1634 3680 ex
1648 3637 1722 3681 eon·

955 3709 1114 3783 tumueie,
1157 3709 1388 3790 delectionequo
1423 3717 1530 3772 nostro
1568 3712 1723 3791 gloriandi

956 3803 1103 3863 adversus
1122 3802 1212 3863 illum
1237 3803 1399 3865 materiam
1418 3804 1536 3882 capiet:
1555 3805 1638 3884 quod
1652 3822 1723 3867 euru

134 3892 241 3972 doque
256 3894 472 3955 testificantem
492 3894 523 3954 id
550 3895 634 3974 quod
651 3895 808 3962 volumus.
825 3895 908 3957 Chri·
956 3913 1057 3973 neque
1072 3896 1279 3974 procreaverit
1291 3914 1360 3973 nos,
1376 3914 1433 3957 nee
1456 3902 1599 3958 mortuus
1615 3897 1653 3959 sit
1667 3914 1724 3977 pro

135 3989 223 4046 stum
241 4003 304 4046 uon
326 3987 418 4048 modo
438 4005 495 4067 pro
520 3986 634 4064 electis,
661 3987 826 4049 sedetiam
850 4005 907 4065 pro
956 3987 1055 4059 nobis,
1084 3987 1286 4048 nibilominus
1324 3988 1356 4048 in
1385 3988 1574 4066 rebellione,
1604 4008 1640 4050 ee
1667 3988 1724 4051 Dei

137 4076 282 4156 reprobis
307 4079 522 4158 damnatisque
544 4096 670 4158 pessum
695 4099 730 4141 ac
748 4086 908 4141 mortuum
957 4080 1176 4141 mandatorum
1197 4086 1377 4159 contemptu
1399 4081 1570 4159 morigeros
1595 4081 1654 4143 sibi
1667 4099 1725 4144 nes

137 4187 225 4245 esse,
256 4188 349 4249 quem
382 4171 484 4232 lorum
511 4178 702 4251 postremum
730 4175 908 4235 Graecorum
957 4172 1112 4234 babuerit.
1139 4172 1290 4252 Equidem
1313 4172 1492 4252 hujusmodi
1516 4173 1665 4254 probrum
1691 4174 1725 4236 in

139 4263 390 4324 testimoniorum
401 4264 573 4345 posuimus,
589 4270 624 4325 ut
638 4283 709 4325 cum
724 4284 760 4326 eo
775 4265 908 4326 insonti·
958 4265 1126 4326 Dominum
1157 4265 1350 4344 corrjeetum,
1378 4270 1471 4344 utque
1496 4265 1577 4326 haar
1607 4265 1725 4327 iuimiai

138 4355 230 4418 nenti
240 4362 432 4418 necteremus
446 4375 546 4420 siurim
566 4375 605 4419 en
628 4358 756 4432 Latinis,
772 4357 909 4438 ejusdem
955 4357 1135 4436 jactantiam
1161 4358 1350 4419 acerbiorem
1380 4358 1458 4419 mibi
1485 4358 1644 4439 quibusvis
1669 4378 1724 4440 ge-

139 4449 271 4513 omuino
285 4454 457 4512 sententies.
958 4449 1071 4516 henum
1099 4450 1255 4530 suppliciis
1282 4450 1383 4511 rideri
1415 4450 1532 4512 fateor:
1573 4452 1725 4519 nimirum

181 4541 311 4604 basilius
341 4542 437 4621 igitur
456 4544 489 4605 in
509 4542 589 4605 libro
612 4542 791 4622 llepnlnrmn
814 4542 911 4627 sosius
959 4542 1121 4609 materiem
1135 4543 1324 4607 uosinimieo
1334 4543 1445 4606 Christi
1457 4542 1549 4607 faisse
1558 4543 1722 4625 gloriandi,

177 4748 363 4806 recrederet.
374 4748 440 4805 etet
452 4749 742 4825 ταῖςάλλοιςίνίσῳαὴν
759 4749 909 4819 desistetne
956 4751 1039 4822 ὥσπερ
1047 4748 1226 4821 ποιησαμένους
1234 4748 1435 4823 αίντῇ.διοναεῖταν
1444 4747 1492 4824 γὰρ
1499 4749 1563 4807 οὕτω
1571 4753 1614 4819 γῆς
1622 4747 1724 4810 interm

138 4833 243 4907 χάριτος
258 4832 323 4907 ἔχων
338 4835 479 4906 παριδολὴν,
494 4833 519 4907 ἐξ
536 4834 602 4889 ἰδίων
618 4836 762 4908 θελημάτων
774 4834 807 4900 εἰς
823 4836 851 4889 τὸ
865 4840 909 4905 τῆς
956 4834 1078 4908 σωτηρίας
1091 4833 1214 4907 depietae.

138 4915 402 4979 ἀπολείαςαατώλεαίίε
418 4919 546 4991 βάραθρον,
561 4924 614 4981 πῶς
632 4918 661 4973 οὗ
680 4919 832 4992 τετήρηκννὸ
846 4920 907 4992 Xpr·
993 4918 1009 4974 b
1029 4918 1105 4974 idem
1125 4917 1155 4973 in
1172 4916 1257 4972 Cone.
1274 4916 1342 4987 Epir.
1356 4922 1426 4988 puri.
1443 4916 1478 4983 ll,
1495 4933 1555 4989 cup.
1572 4933 1590 4973 1.
1611 4914 1670 4973 Ἵνα
1683 4920 1724 4976 καί

139 4997 239 5064 otberti
249 4998 326 5069 ἕντῆς
336 5000 424 5065 οἰκείας
437 5000 587 5073 ἡμερότητος
605 5002 709 5068 ἐπιδοὺς,
724 5004 765 5058 καί
780 5004 838 5059 ὅσον
852 5003 908 5072 decr
957 5000 1032 5057 αὐτοῦ
1054 5001 1154 5073 λέγηται
1177 4999 1206 5054 τί)
1228 5000 1314 5064 πάθος,
1338 5002 1379 5055 καί
1399 4994 1434 5063 είς
1452 5000 1466 5056 ὁ
1485 5002 1583 5057 πάντων
1607 5001 1723 5068 ἀναστὰς,

140 5083 175 5147 sl<
189 5082 233 5152 τὴν
250 5088 293 5152 τῆς
308 5082 440 5156 ἀσφαλείας
456 5084 573 5151 ἐπίδοσιν,
591 5088 708 5142 διασῶσαι
722 5089 800 5155 (Cot.
819 5088 909 5142 διααίν-
955 5085 1055 5149 τεθνεὼς
1072 5083 1131 5158 ὑπὲρ
1145 5085 1253 5147 πάντων,
1269 5082 1378 5157 ἀγοράσῃ
1400 5090 1436 5157 τῷ
1454 5082 1508 5157 ἰδίῳ
1527 5086 1612 5158 αἵματι
1625 5085 1670 5156 τὴν
1683 5085 1725 5145 tn’

139 5166 405 5242 σας1τ1νίίνορωπον,
425 5168 446 5226 εί
474 5169 506 5243 pol
526 5170 555 5227 rb
573 5171 655 5227 unicis
674 5170 790 5242 ἠθέλησεν
806 5170 830 5244 ἐξ
841 5169 908 5227 ἰδίων
956 5168 1071 5244 οὐρανὸν,
1091 5169 1131 5224 καί
1150 5169 1331 5241 retentionem
1346 5172 1383 5244 τῷ
1397 5168 1444 5245 θεῷ
1458 5169 1499 5226 καὶ
1512 5170 1586 5245 πατρί
1600 5169 1657 5239 sobe
1678 5168 1725 5229 dul

140 5250 296 5324 θιλημάτων·
313 5252 425 5329 hispide
441 5259 499 5328 γοῦν
515 5253 539 5310 ἐν
554 5257 605 5320 τοῖς
617 5253 732 5329 teneret
745 5258 825 5331 χάρις,
837 5256 908 5331 μέχρι
955 5254 1035 5311 πᾶσαν
1050 5251 1094 5322 τὴν
1107 5255 1163 5326 γῆν.

139 5334 233 5401 παντὸς
246 5337 388 5394 timeum
406 5337 461 5405 robe
476 5337 519 5411 τὴν
538 5338 598 5396 ἰδίαν
612 5341 752 5416 προαίρεσιν
767 5341 908 5417 corippus
992 5350 1006 5393 o
1025 5337 1135 5394 Ctnrtn.
1162 5332 1276 5397 Cutecd.
1310 5351 1387 5394 ννννν.
1413 5336 1460 5394 liet
1482 5336 1635 5413 αολίτραννός
1650 5335 1724 5408 luris,

956 5420 985 5491 lp
999 5419 1130 5476 αατίλιπαν
1143 5418 1183 5476 ta
1196 5418 1226 5477 sb
1240 5419 1341 5491 πλῆθος,
1356 5423 1400 5492 τῆς
1414 5419 1513 5481 αἰωνίαν
1527 5419 1616 5493 (odsi)
1624 5421 1724 5498 νίρναις.

175 5583 186 5629 t
202 5581 333 5629 bucnero·
343 5580 369 5628 n
377 5580 448 5628 Μ.
458 5592 508 5637 esp.
519 5590 597 5627 ινινιν.
