3956 6158
438 283 489 346 DE
508 280 813 355 INGARNATIONE,
835 281 910 345 LIB.
932 281 1002 358 XII,
1025 281 1109 345 GAP.
1132 284 1170 345 X.
1539 284 1597 347 tte

50 460 150 515 ventum
164 451 276 512 Domini
289 450 323 510 in
336 468 428 511 earne
442 469 507 510 non
525 451 626 512 solum
646 449 776 510 humani
825 448 903 509 illud
922 449 1041 521 attinet,
1070 448 1154 528 qued
1178 449 1258 508 Deus
1281 447 1377 508 home
1395 447 1492 508 faetus
1511 453 1566 508 est.
1577 470 1592 504 o

48 545 144 625 generis
159 544 189 604 in
205 548 292 618 terra,
308 542 360 603 sed
375 549 406 603 et
426 542 607 621 angelorum
634 543 666 602 in
693 543 776 603 omlis
865 543 940 602 Haee
962 542 1127 621 Repertus,
1143 541 1198 620 qui
1216 545 1246 600 et
1260 540 1335 600 alibi
1355 559 1419 600 nen
1440 540 1535 601 fuisse
1549 559 1596 601 re·

49 655 97 697 esse
108 635 220 696 salutem
236 655 242 694 :
258 636 330 713 quia
343 635 420 695 dum
436 653 492 696 nos
504 635 657 715 redempti
671 635 709 695 ad
723 653 775 695 su·
825 632 1246 713 demptosangelesaGhristo
1257 632 1368 693 diserte
1375 630 1489 706 doceo,
1500 654 1515 690 e
1523 634 1596 711 quie

48 748 123 810 perna
150 728 349 808 perducimur,
389 746 498 788 eorum
533 746 693 802 numerus,
720 727 775 807 quai
824 742 889 785 non
911 726 1078 805 perierant.
1095 724 1173 798 Quia
1186 724 1289 803 angeli
1312 730 1396 799 sunt,
1409 723 1522 803 iuquit,
1540 725 1594 804 qui

47 822 146 883 edente
158 823 262 881 Satara
280 826 347 881 erat
368 820 563 893 imminutus,
578 821 737 899 impletur.
757 842 768 878 e
822 835 887 877 neu
916 819 1085 897 perierunt,
1116 817 1230 878 ideireo
1253 835 1318 877 non
1340 817 1459 889 dieunt,
1480 817 1593 896 diguus

75 913 253 992 Aliequoque
275 912 368 972 mode
389 912 482 972 unius
500 912 636 972 beminis
656 911 772 974 instau-
823 915 867 969 est
891 928 1003 988 agnus,
1016 910 1071 990 qui
1091 911 1208 970 occisus
1230 915 1286 984 est,
1312 913 1342 970 et
1363 908 1495 970 redemit
1515 928 1590 985 nos3

45 1006 105 1065 ratio
126 1004 160 1065 ad
189 1022 293 1064 amnes
322 1011 488 1080 creaturas,
510 1011 541 1065 et
572 1004 653 1083 ipsos
679 1005 772 1065 etiam
822 1002 978 1080 quemodo
993 1002 1085 1083 paule
1099 1008 1171 1062 ante
1194 1002 1340 1062 dixerunt
1352 1002 1506 1077 hominm,
1522 1021 1592 1082 que

44 1097 142 1176 angelos
169 1096 316 1175 pertinere
347 1102 467 1175 petest,
503 1101 653 1176 quatenus
681 1097 772 1156 eneis
821 1092 902 1152 aiem
917 1095 1025 1154 ecca'sus
1048 1114 1090 1167 es,
1105 1102 1133 1155 et
1151 1092 1297 1155 redemisti
1314 1112 1367 1154 aes
1392 1094 1452 1155 Deo
1473 1094 1505 1154 iu
1521 1114 1589 1157 see·

44 1186 216 1270 quodammode
229 1196 367 1249 creatura
379 1196 420 1249 est
441 1187 523 1248 bomo
538 1208 550 1249 .·
564 1193 599 1249 ut
612 1195 681 1267 pest
695 1188 770 1249 Gre-
819 1184 908 1263 peine
924 1192 972 1245 teo
985 1183 1007 1245 ⁸:
1017 1188 1071 1248 sed
1083 1185 1143 1246 hee
1156 1192 1280 1246 tantum
1291 1186 1412 1261 dieunt;
1429 1184 1536 1267 diguus
1550 1197 1592 1248 est

43 1281 137 1359 goriam
158 1278 291 1360 Papam¹,
309 1282 467 1361 Rupertus
481 1282 622 1342 observat
643 1299 650 1340 :
668 1280 723 1360 qui
741 1286 772 1342 et
820 1296 924 1357 eguus,
940 1279 1206 1359 autoramento

24 1384 26 1388 ’
43 1372 207 1432 mediatorem
219 1371 300 1432 inter
319 1374 427 1444 Deum,
450 1379 481 1433 et
494 1378 648 1435 creaturas
662 1391 771 1433 omnes
859 1370 927 1430 XII.
951 1372 1010 1431 Sed
1023 1373 1186 1450 Augustini
1200 1372 1285 1433 loeus
1301 1372 1354 1434 illc
1375 1391 1414 1434 cx
1434 1373 1534 1452 primo
1555 1372 1590 1435 de

42 1464 162 1525 illoseusu
171 1465 323 1525 Christum
334 1484 400 1526 esse
413 1465 559 1545 disputat.
574 1466 769 1545 Cujusrerba
818 1479 952 1522 censeam
975 1462 1270 1543 denominatarum,
1288 1465 1321 1525 iu
1341 1485 1404 1545 quo
1430 1465 1517 1526 «Dei
1539 1484 1589 1526 sa·

43 1557 124 1615 nerito
135 1556 179 1616 bie
191 1557 389 1618 adscribenda
403 1564 485 1619 sum.
498 1559 577 1618 Nam
592 1558 769 1620 mediatoris
818 1555 967 1632 pientiam
980 1555 1032 1627 ait,
1049 1557 1177 1618 homine
1190 1570 1360 1637 assumpte,
1380 1558 1505 1636 Angelis
1523 1577 1589 1621 esse

42 1647 197 1725 dignitatem,
213 1656 242 1710 et
255 1649 322 1727 ejus
343 1650 508 1710 functionis
532 1650 768 1730 amplitudinem
817 1644 929 1707 faelem
944 1649 1123 1728 exemplum
1143 1650 1302 1726 manendi,
1315 1672 1331 1709 a
1351 1651 1496 1711 nonnihil
1516 1670 1588 1731 per·

41 1739 381 1815 pulcherrimedee'larant.
399 1743 485 1803 uHee
495 1741 599 1821 iniquae
612 1754 676 1803 nen
688 1761 767 1822 prae-
817 1737 926 1816 plexus
939 1748 996 1801 est.
1019 1741 1054 1801 id
1069 1742 1154 1802 enim
1167 1742 1341 1821 significare
1359 1742 1483 1804 videtur
1499 1745 1586 1805 :An-

41 1832 274 1909 inemendate,
287 1835 768 1914 qrredantequamiurempubli-
815 1830 901 1905 gelos
909 1837 977 1892 tum
992 1833 1130 1911 demtum,
1146 1853 1217 1895 oum
1241 1834 1294 1895 Dei
1313 1835 1411 1896 filium
1426 1836 1586 1897 hominem

41 1938 91 1982 cam
117 1925 164 1986 Dei
196 1926 293 1988 Patris
323 1927 571 2005 introduceretur
597 1928 647 1989 bie
685 1928 769 1988 filius
815 1920 931 1983 factum
952 1925 1109 2002 viderunt,
1126 1927 1192 2005 ejus
1214 1926 1355 2006 exemplo
1378 1928 1522 1990 incitatos
1546 1929 1584 1989 ad

39 2013 159 2092 heminis,
185 2023 214 2079 et
239 2018 335 2099 [sieut
360 2020 467 2081 Daniel
495 2020 612 2100 aspexit
639 2020 673 2080 in
699 2020 767 2080 aba
818 2018 1093 2096 perseverantiam
1115 2019 1199 2098 quod
1217 2038 1282 2079 uon
1303 2025 1349 2080 est
1369 2021 1497 2097 ita,uisi
1520 2026 1585 2083 Au-

39 2106 119 2187 noctis)
133 2109 318 2172 adduceretur
341 2131 430 2191 rupae
456 2110 496 2173 ed
518 2112 673 2193 antiquum
699 2111 766 2173 die·
815 2109 975 2185 gustinum
999 2110 1125 2171 affinem
1151 2111 1243 2172 fuisse
1272 2121 1417 2192 putamus
1445 2114 1490 2174 illi
1516 2115 1584 2177 Ori·

38 2201 166 2281 neuque
190 2201 269 2263 dedit
284 2204 314 2264 ei
327 2211 511 2285 potestatem,
525 2213 553 2265 et
567 2204 712 2277 bonorem,
741 2215 767 2265 et
816 2202 913 2277 genis,
943 2202 1139 2282 aliorumque
1171 2209 1313 2266 veterum
1339 2205 1471 2281 fabulee3
1498 2207 1586 2286 cujus

38 2308 137 2368 reguum,
165 2303 194 2354 et
218 2314 315 2356 omnes
336 2295 453 2376 pepuli,
471 2296 578 2370 tribes,
604 2304 632 2357 et
656 2297 767 2378 lingere
816 2293 924 2372 capitis
937 2293 1030 2374 hujus
1044 2296 1134 2356 initio
1143 2297 1343 2359 meminimus
1356 2317 1362 2359 :
1375 2318 1444 2378 quae
1459 2301 1585 2379 angelos

40 2381 84 2460 psi
99 2386 233 2460 moereat,
265 2388 444 2464 immunita,
474 2394 567 2468 atque
601 2389 767 2467 conjuncta
816 2384 993 2447 infimarum
1017 2406 1124 2448 rerum
1143 2389 1353 2468 procurationi
1377 2410 1395 2452 a
1416 2393 1478 2453 Dee
1504 2412 1585 2473 prae·

36 2478 318 2541 createrieratrerum
331 2480 527 2553 universitas,
538 2481 613 2560 quia
625 2481 766 2542 videlicet
814 2477 929 2556 positos
943 2482 1085 2540 nendum
1098 2499 1221 2543 secures
1242 2501 1308 2543 esse
1329 2501 1392 2544 suae
1414 2485 1519 2546 salutis
1533 2487 1586 2546 ad·

36 2563 94 2626 iuter
112 2577 287 2648 creatorem,
313 2578 345 2632 et
368 2576 544 2633 ereaturam
569 2573 674 2634 nullus
699 2580 765 2634 erat
814 2567 905 2627 struit
921 2587 928 2627 ε
945 2587 1055 2629 verum
1068 2588 1124 2650 pro
1139 2589 1176 2631 eo
1191 2577 1282 2650 atque
1297 2572 1397 2634 officie
1410 2592 1465 2634 suo
1486 2573 1584 2636 functi

36 2658 134 2719 medius.
148 2662 221 2722 Nam
232 2664 384 2743 quidquid
398 2670 474 2737 erat,
490 2670 544 2725 aut
556 2670 760 2738 enumerarat,
814 2666 916 2727 erunt,
935 2678 1055 2740 peenas,
1072 2662 1119 2723 rel
1141 2665 1267 2741 praemia
1289 2664 1426 2742 laturos;
1451 2668 1504 2728 sed
1525 2668 1586 2729 boe

34 2754 215 2815 arrtereatura.
238 2756 280 2816 Ut
311 2774 384 2833 erge
411 2756 552 2816 medium
572 2757 764 2819 inveniretur
813 2768 906 2812 nemo
935 2754 1064 2814 sensisse
1089 2755 1193 2815 eredat
1221 2757 1439 2835 augustinum.
1476 2762 1586 2822 Restat

34 2841 142 2915 enecta
154 2847 305 2908 antetatis
318 2847 490 2923 vinculum,
503 2849 555 2909 hic
569 2849 764 2911 introductus
813 2861 898 2921 erge,
922 2849 957 2905 ut
976 2847 1046 2906 ideo
1068 2847 1101 2906 in
1128 2858 1270 2926 suscepta
1300 2849 1383 2909 bona
1412 2852 1582 2930 voluntate,

34 2938 73 3003 et,
90 2935 134 3013 qui
149 2955 185 2998 ex
206 2958 241 3000 eo
263 2947 447 3017 creatorem,
464 2947 494 3002 et
517 2948 691 3003 ereaturam
709 2943 762 3003 iir-
813 2935 925 2996 Christi
939 2939 1092 3018 exemplo,
1112 2939 1191 2999 dieat
1204 2941 1338 3019 Angelos
1357 2942 1449 3004 luisse
1469 2945 1582 3006 confir·

33 3024 92 3084 uias
103 3036 277 3109 annecteret,
297 3032 351 3113 qui
366 3052 458 3101 urrrrs,
472 3034 617 3113 idemque
625 3035 763 3095 Cirristus
812 3034 930 3105 matos3
955 3032 1039 3110 quod
1064 3031 1148 3091 illius
1170 3038 1257 3093 tanta
1281 3034 1473 3112 remissione,
1496 3043 1527 3099 et
1549 3039 1582 3100 iu

32 3120 162 3200 utumque
183 3128 235 3198 est,
257 3132 377 3186 creator
398 3125 550 3200 videlicet,
566 3131 659 3205 atque
673 3146 761 3188 erea—
812 3121 911 3182 Deum
938 3122 1169 3201 flagrantissimi
1193 3126 1319 3201 ameris,
1347 3146 1384 3189 ae
1410 3129 1582 3193 devotionis

31 3210 90 3269 lura.
112 3214 235 3292 Creator,
260 3218 337 3297 quia
364 3219 447 3278 Deus
474 3237 481 3277 z
511 3223 663 3293 creatura,
688 3219 761 3298 quia
812 3215 954 3294 exemplo
978 3216 1150 3295 stupefacti,
1170 3236 1261 3295 neve,
1288 3227 1318 3280 et
1341 3222 1583 3284 extraordinaria

31 3295 108 3363 home.
138 3307 171 3366 Et
202 3308 275 3369 lieet
307 3310 471 3389 Apostolus
491 3310 584 3384 dicat,
616 3330 761 3392 nusquam
810 3306 880 3367 luce
893 3307 1062 3369 collustrati
1083 3315 1166 3385 sunt,
1180 3329 1250 3389 quae
1273 3311 1439 3374 mirificum
1463 3315 1497 3374 in
1520 3315 1582 3376 illis

29 3392 199 3477 eriueupeles
217 3400 424 3482 apprehendit,
443 3404 494 3463 sed
513 3421 608 3464 semea
631 3403 761 3465 Abreboe
810 3400 926 3460 ameris
948 3400 1112 3479 impetum,
1138 3408 1169 3462 et
1191 3405 1254 3464 ileo
1278 3404 1419 3483 placendi
1442 3407 1580 3468 studium

28 3486 198 3566 appretmdig·
217 3512 275 3555 nee
298 3494 341 3554 sie
362 3500 468 3555 tamen
490 3495 591 3574 augeli
620 3502 760 3576 expertes
810 3490 963 3552 excitarit.
980 3493 1046 3566 Quo
1061 3512 1153 3554 seusu
1165 3494 1318 3556 interieris
1331 3498 1580 3579 ordinisangelos

28 3583 79 3635 seut
100 3578 181 3659 hujus
206 3584 408 3665 dignationis,
438 3587 510 3667 quia
535 3587 671 3667 proiecte
687 3608 759 3649 eum
809 3601 827 3642 a
850 3583 1061 3664 superioribus
1080 3586 1258 3656 illuminari,
1280 3594 1372 3668 atque
1396 3589 1489 3651 obem
1503 3609 1579 3670 pur·

28 3668 243 3737 omnisereatura
262 3679 305 3738 sit
326 3678 431 3751 hemo,
456 3678 574 3740 habeus
597 3698 662 3740 esse
687 3700 758 3741 eum
808 3676 885 3753 gari,
912 3676 1079 3756 perficique
1102 3696 1158 3739 sue
1171 3679 1239 3741 leco
1254 3681 1576 3760 demonstravimus⁸3

27 3753 154 3842 lapidibus,
165 3768 267 3831 rivere
282 3788 355 3830 cum
370 3770 542 3844 arboribus,
559 3772 672 3832 sentire
686 3791 758 3833 eum
807 3786 872 3828 uon
896 3770 981 3848 quod
998 3770 1137 3849 caliginis
1160 3771 1292 3852 aliquid,
1312 3779 1366 3834 aut
1384 3775 1577 3837 titubationis

26 3855 162 3930 littoribus,
178 3861 352 3923 discernere
366 3882 438 3924 eum
452 3864 569 3942 angelis
587 3884 593 3924 :
614 3883 698 3942 eum,
707 3866 756 3925 in·
807 3861 904 3922 heatae
918 3862 978 3922 illae
990 3869 1109 3923 mentes
1123 3863 1341 3927 admitterent:
1356 3869 1409 3928 sed
1423 3870 1506 3947 qued
1520 3888 1579 3930 ne.

26 3957 104 4021 llam,
116 3948 202 4012 homo
212 3952 302 4032 juxta
313 3954 429 4034 aliquid
440 3956 541 4015 omnis
555 3963 696 4017 ereatura
704 3958 754 4037 sit,
807 3973 878 4016 vam
894 3956 1100 4017 accessionem
1123 3956 1201 4018 lucis
1224 3962 1400 4040 amorisque
1420 3968 1575 4041 caperent.

25 4028 258 4106 honinemautem
264 4048 756 4129 Derrsassumpserit,relinquitur
806 4048 868 4109 Neo
881 4048 970 4108 aliter
984 4049 1187 4128 Hippolytum
1196 4069 1215 4110 a
1224 4051 1314 4111 nobis
1326 4053 1434 4114 itidem
1449 4054 1576 4116 citatum

25 4130 46 4182 e
56 4133 152 4209 augelis
163 4138 322 4215 gratulari,
339 4140 422 4218 quod
441 4140 478 4216 is,
493 4140 548 4219 qui
567 4159 659 4221 super
675 4142 756 4222 ipses
805 4139 1045 4215 intellexerim⁷3
1073 4141 1149 4201 dum
1177 4150 1340 4223 propterea
1361 4164 1486 4207 carnem
1510 4166 1576 4209 sus·

24 4227 192 4305 incluserat,
209 4237 352 4291 ereatura
375 4251 499 4312 queque
515 4252 586 4293 eum
608 4234 683 4312 ipsis
697 4240 753 4294 est.
805 4234 919 4313 cepisse
929 4234 1067 4294 Verbum
1087 4235 1205 4307 asserit,
1227 4256 1242 4293 a
1254 4242 1289 4296 ut
1300 4237 1437 4300 coelestes
1451 4240 1575 4302 ordines

23 4308 132 4390 duplus
144 4327 245 4383 alitem
259 4329 291 4383 et
311 4323 371 4385 hoe
384 4326 421 4384 ad
439 4343 506 4385 rom
530 4327 648 4399 attinet,
672 4328 756 4406 qued
805 4325 844 4385 ad
857 4325 1139 4387 immutabilitatem
1154 4328 1330 4406 firmaret»
1346 4349 1458 4411 nempe
1477 4338 1513 4391 ut
1534 4334 1571 4394 ad

23 4397 350 4506 lllfl02011mseeundum
357 4417 755 4497 solumeorpusquamdam
805 4417 1066 4480 vehementiorem
1082 4419 1148 4479 illos
1169 4420 1365 4483 dilectionem
1381 4422 1445 4498 Dei,
1463 4429 1493 4485 et
1513 4424 1572 4485 ob-

22 4496 148 4562 nubiliter
178 4509 288 4569 mundi
322 4510 574 4576 similitudinem,
591 4518 689 4589 gerat,
716 4530 755 4572 ex
804 4511 951 4588 sequendi
965 4511 1152 4571 desiderium
1165 4513 1314 4575 incitaret.

22 4594 125 4660 quatuor
131 4595 285 4661 elementis
293 4603 480 4680 compositus
495 4602 596 4663 :unde
609 4622 627 4663 a
641 4605 755 4665 Graecis
844 4603 913 4663 Neu
925 4604 1057 4664 deerunt
1070 4603 1208 4678 tortasse,
1219 4606 1273 4684 qui
1283 4607 1325 4668 sic
1340 4608 1570 4689 interpretanda

22 4688 165 4764 redempta,
178 4690 209 4752 id
230 4698 277 4753 est
298 4693 398 4753 rainer
421 4693 547 4755 anundus
570 4696 752 4775 appellatur,
803 4693 982 4773 hujusmodi
996 4698 1427 4776 vaurumdictasentiaut,ut
1445 4703 1570 4781 Angelis

20 4775 410 4846 erundumsolamanimam
417 4787 563 4866 angelicae
573 4788 752 4851 substantiae
804 4803 878 4847 cum
890 4788 1029 4866 primum
1041 4808 1059 4848 a
1070 4790 1132 4849 lleo
1146 4790 1241 4850 creati
1260 4799 1342 4858 sunt,
1359 4793 1526 4872 preposita,
1539 4803 1569 4857 et

20 4864 193 4933 estuidelicet
203 4877 372 4949 rationalis,
388 4884 480 4957 atque
492 4880 752 4956 immortalis‚bac
802 4880 935 4940 revelata
950 4881 1166 4941 iucarnatiene
1182 4881 1284 4958 Verbi,
1300 4882 1428 4962 quidam
1441 4885 1568 4948 illerum

20 4949 74 5024 ula,
90 4964 121 5019 ul
140 4966 265 5045 angelus
288 4988 458 5049 quoquae
478 4977 614 5033 creatore
634 4973 751 5034 distans
800 4972 915 5033 invidia
930 4978 962 5033 et
969 4972 1113 5052 snperbia
1127 4974 1274 5035 commoti
1293 4975 1458 5037 ceciderint
1476 4997 1483 5037 :
1502 4979 1564 5047 alii,

20 5041 176 5117 substantiali
215 5060 403 5139 differentia,
437 5064 520 5144 qued
556 5069 655 5125 ereata
692 5070 747 5125 est.
799 5064 858 5125 hec
870 5071 916 5127 est
928 5064 1012 5138 beni,
1029 5072 1060 5126 et
1072 5065 1179 5134 sancti
1196 5067 1336 5147 exemplo
1357 5069 1426 5129 Filii
1445 5070 1511 5145 Dei,
1526 5072 1564 5132 ad

20 5126 99 5215 ltaque
110 5150 138 5205 et
150 5149 187 5209 ad
204 5152 350 5234 angelicae
365 5161 513 5216 creatura
528 5156 750 5218 excitationem
798 5155 980 5218 imitandam
993 5158 1060 5237 ejus
1073 5158 1292 5237 humilitatem,
1314 5166 1346 5221 et
1362 5162 1563 5224 constantiam

35 5304 102 5356 titan.
113 5328 156 5361 ιω
166 5329 187 5363 et
198 5324 299 5369 allatura
310 5325 401 5382 Rupere
413 5326 451 5372 lib.
464 5327 492 5372 li
503 5329 530 5371 de
544 5329 617 5373 litote.
634 5329 673 5383 Off.
683 5341 732 5384 cap.
747 5340 776 5372 u.
788 5351 817 5363 -
829 5331 843 5374 t
855 5330 946 5386 liopert.
959 5329 996 5375 tib.
1010 5330 1038 5374 lli
1050 5330 1151 5375 dodina
1165 5331 1204 5384 Ost.
1217 5343 1265 5388 cap.
1275 5345 1305 5383 rr,
1316 5338 1368 5378 tem.
1382 5331 1416 5384 tt,
1424 5334 1480 5379 eet.
1492 5336 1564 5379 FP.-

20 5363 134 5491 Ηῇἔιὲἲῗῑ
148 5386 213 5498 mlo.
227 5394 282 5504 gp.
297 5389 393 5434 u.-e
416 5392 587 5445 Amare-b
613 5391 759 5447 Citatussup.
785 5404 861 5448 perag.
884 5394 906 5439 ’1.
929 5395 984 5438 -d
1006 5392 1055 5437 Lib.
1070 5393 1090 5437 11
1110 5395 1232 5449 detoec.
1257 5408 1288 5450 rs,
1314 5408 1389 5453 parag.
1411 5400 1564 5454 tetrae.-

1656 1376 1726 1422 bocru

1626 1428 1661 1474 An
1679 1430 1747 1475 trsttnl

1635 1484 1658 1529 dt
1685 1484 1742 1530 ollis.
