3956 6158
492 310 872 385 perseuerauerunt-1,
896 310 969 372 LIB.
994 311 1060 389 tlt,
1087 311 1170 372 CRP.
1193 311 1231 372 V.
1596 311 1651 373 ter

888 476 1248 537 ChristiauaPhotiniaui
1257 475 1654 539 Crelliieonatuslaeillime
1698 485 1825 541 Explicatur

888 568 1095 648 propulsatur.
1113 571 1151 628 In
1164 569 1217 629 illo
1237 569 1374 647 Apostoli
1388 569 1468 645 loeo,
1484 569 1539 629 uhi
1556 569 1653 631 Uuztm
1680 542 1825 636 iiiiiiiii'

888 662 932 721 ait
945 680 1001 722 esse
1014 660 1208 721 mediatorem
1223 662 1278 723 Dei
1301 670 1329 723 et
1342 662 1493 723 hominum
1509 662 1652 722 homiaem
1680 647 1827 742 temris·

892 751 1043 815 Christum
1071 753 1181 828 Jesum,
1209 755 1272 815 sire
1300 756 1353 816 Dei
1384 756 1477 816 unius
1503 754 1655 815 voeabula
1707 757 1741 796 or
1756 760 1798 794 ⁰¹⁰·

93 499 146 563 pre
176 479 314 541 manibus
349 478 501 540 habemns
534 477 648 544 modo.
682 482 837 537 reservata

92 577 189 640 torem,
206 572 253 632 hic
275 590 293 632 u
315 572 405 632 nohis
427 571 539 633 merito
562 569 744 649 reposcitur.
773 569 838 628 Hoc

93 668 171 744 igitur
183 683 317 743 agemus.
333 670 364 725 et
375 670 462 724 tanto
479 663 606 724 brevius
620 661 758 740 quidem,
776 678 838 739 quo

92 759 218 839 pleraque
234 761 306 816 scrut
319 756 362 815 ibi
383 756 507 827 tradita,
522 773 593 833 qnae
607 772 709 832 neque
724 753 837 813 differri

91 856 229 931 poteraut3
259 855 289 908 et
308 848 482 925 longiorem
505 845 556 907 bic
583 846 722 924 ejusdem
750 863 840 924 argu-

92 942 174 1002 menti
183 940 394 1000 tractationem
404 940 576 1000 necessario
589 938 736 999 lacerent.

125 1033 268 1093 Christum
284 1032 364 1092 nihil
388 1050 464 1106 esse,
489 1038 698 1110 preterquam
718 1031 839 1090 nudum

92 1125 286 1198 hominemne
299 1141 409 1184 rerum
422 1130 544 1197 natrrra,
555 1128 586 1182 θῖ
595 1122 765 1182 substantia
775 1140 841 1182 non

92 1234 145 1277 esse
157 1218 249 1276 Deum
264 1216 347 1275 Patri
359 1216 492 1276 similem
505 1233 560 1294 per
570 1216 677 1275 omnia
686 1221 717 1275 et
734 1232 839 1292 aequa-

91 1310 152 1379 lem,
162 1327 194 1369 ac
201 1307 491 1368 usrrsubstantialem
498 1305 625 1385 probat1
639 1307 840 1366 Photininnns

91 1400 282 1472 Crelliasillis,
298 1400 344 1459 uti
362 1400 480 1460 dictum
496 1404 551 1472 est,
572 1398 712 1477 Apostoli
726 1398 839 1470 verbis,

91 1490 233 1570 quibusad
242 1491 425 1552 Timotheum
437 1491 584 1563 scribens,
599 1489 691 1561 Unus,
704 1490 806 1569 inquit
816 1489 838 1562 ²,

92 1582 177 1658 llere·
189 1602 263 1643 unus
278 1583 461 1644 remediator
475 1582 532 1643 Dei
542 1590 569 1642 et
580 1582 742 1654 domenum,
759 1581 841 1641 tremo

93 1674 210 1735 Christro
222 1675 316 1735 lesus.
335 1676 414 1735 Hinc
428 1693 502 1751 ergo
526 1674 654 1734 Crellius
676 1692 840 1751 argumen-

91 1772 160 1825 tatur
173 1766 213 1827 sic
229 1786 237 1826 :
254 1767 354 1826 Unius
376 1767 429 1826 Dei
453 1769 579 1826 nomine
592 1766 692 1826 solum
712 1766 842 1843 intelligi

92 1859 206 1932 Patrem,
233 1876 368 1937 eumque
388 1859 517 1935 proinde
532 1858 633 1918 solnm
647 1876 711 1917 esse
726 1860 839 1932 Deum3

92 1951 231 2010 Christum
253 1969 328 2011 vero
349 1950 474 2010 nonnisi
488 1950 660 2010 hominem.
679 1972 691 2006 r
713 1951 792 2009 Nam
817 1949 843 2008 si

91 2042 239 2121 quisquam
265 2043 345 2103 alius
372 2048 483 2121 preater
513 2042 636 2102 Patrem
657 2047 737 2102 esset
763 2043 843 2101 Dens

91 2151 224 2208 summus,
236 2136 330 2195 tinius
346 2136 398 2195 Dei
413 2135 539 2194 nemine
553 2135 772 2212 comprehendi
789 2135 842 2195 de-

91 2224 203 2301 buisset3
215 2245 291 2288 erim
311 2245 395 2287 unus
421 2228 501 2287 Deus
522 2227 549 2285 is
563 2226 613 2299 sit,
629 2233 844 2304 preterquam

91 2318 180 2379 nullus
192 2327 238 2379 θεῖ
252 2320 370 2380 allusu
387 2322 429 2378 At
446 2337 520 2378 rero
536 2318 658 2378 Patrem
672 2318 735 2378 illie
752 2318 842 2379 intel-

91 2408 135 2486 ligi
161 2410 322 2479 duntaxat,
344 2429 409 2471 non
433 2427 580 2489 personas
593 2415 665 2481 tres,
685 2411 757 2469 inde
772 2429 843 2488 pro·

92 2499 144 2573 bat,
160 2524 171 2557 r
186 2504 269 2582 quod
285 2504 311 2563 is
325 2508 447 2562 tautum
457 2520 493 2561 eo
507 2503 634 2561 nomine
648 2501 840 2579 intelligitur,

91 2593 159 2653 inter
181 2613 287 2673 quem,
309 2599 342 2654 et
365 2594 526 2655 hominem
554 2593 710 2652 Christum
737 2595 843 2654 lesum

92 2685 278 2748 mediatorem
292 2704 357 2747 θεεθ
367 2686 440 2746 dicit
456 2684 628 2764 Apostolus.
645 2706 659 2741 n

123 2778 208 2838 Porro
220 2785 328 2839 antem
342 2796 406 2838 non
415 2795 503 2857 posse
515 2795 661 2856 personas
675 2783 748 2853 tres,
758 2778 844 2838 idest

93 2872 173 2929 mmm
189 2872 376 2931 Trinitatem
403 2870 581 2948 significari,
598 2888 725 2949 operose
755 2870 841 2931 dein-

92 2963 413 3040 oepsprobarenititur.
423 2962 625 3040 Namalioqui
638 2963 845 3023 suimediator

92 3051 173 3130 ipsius
190 3061 270 3115 esset
285 3056 437 3127 Christus,
455 3072 527 3114 eum
541 3055 580 3114 sit
595 3073 657 3114 una
680 3056 717 3115 de
744 3055 844 3115 tribus

91 3147 225 3220 muenia.
238 3146 406 3224 Namquod
417 3147 557 3206 eamdem
565 3165 843 3225 personamsecnn·

91 3235 155 3319 dpm
180 3238 354 3299 humanam
377 3244 522 3298 naamam
550 3239 752 3299 mediatorem
779 3256 843 3299 esse

91 3327 141 3387 diei
161 3335 291 3408 poterat,
306 3331 335 3390 id
360 3349 397 3391 ex
423 3349 460 3390 eo
473 3330 593 3404 refellit,
623 3331 705 3409 qnod
733 3337 844 3390 nautea

90 3418 147 3496 ipsa
159 3440 291 3500 persona
303 3422 343 3481 sit
355 3428 489 3501 oportet,
504 3424 531 3481 si
553 3423 707 3483 mediator
734 3431 790 3493 est,
807 3440 843 3482 eo

90 3513 160 3589 quod
180 3514 280 3574 officia
289 3514 467 3573 mediatoris
482 3520 555 3574 sunt
571 3514 671 3574 officia
692 3533 840 3593 personas.

91 3602 202 3674 Quodsi
213 3605 338 3670 dixeris.
354 3622 521 3683 personam
532 3606 632 3684 ipsam
652 3607 775 3679 Christi,
795 3606 844 3667 vel

90 3696 284 3773 suppositum,
300 3697 497 3775 proprieesse
512 3698 725 3771 mediatorem;
737 3700 845 3758 buma-

89 3802 234 3848 namrerc
243 3796 388 3848 natrrram
410 3810 426 3846 ((
441 3790 627 3868 principium
641 3791 770 3851 formale
779 3792 845 3867 eJ'us

89 3878 282 3952 mediationis,
313 3882 373 3941 hoe
385 3887 435 3941 est
463 3899 531 3941 eam
556 3881 682 3959 subjecti
710 3889 843 3961 partem,

90 3986 151 4046 qna
168 3975 325 4052 propriam
350 3973 478 4033 actionis
492 3991 617 4033 eausam
639 3974 674 4033 in
688 3993 719 4034 εθ
748 3976 845 4034 eonti-

89 4067 153 4121 neat
163 4084 196 4136 ;n
212 4064 485 4143 huicresponsioni
501 4065 544 4125 sie
554 4067 689 4126 occurrit
703 4067 843 4127 Crellius:

89 4152 184 4232 dipsa
205 4156 315 4216 Christi
323 4174 456 4235 persona
478 4157 585 4217 divina
614 4158 764 4217 mediator
788 4165 844 4228 est,

89 4247 117 4301 ct
127 4242 297 4306 luucdones
308 4248 489 4307 mediatoris
503 4248 581 4316 obit.
596 4249 690 4308 etiam
708 4249 846 4310 divinam

90 4334 181 4412 ipsam
209 4346 353 4398 naturam
372 4340 497 4399 easdem
526 4346 692 4418 praestare,
719 4358 845 4418 esseque

89 4427 289 4491 mediatorem.
320 4452 335 4485 u
362 4431 520 4509 Siquidem
544 4432 649 4490 divina
675 4450 845 4507 personas

89 4524 192 4579 natura
209 4523 315 4582 divina
343 4523 444 4601 reipsa
456 4541 521 4582 non
535 4523 648 4596 differt,
677 4542 734 4584 nee
752 4525 845 4602 quid·

89 4625 175 4686 quam
191 4614 274 4674 addit
292 4621 423 4684 natrrree,
439 4614 500 4673 nisi
510 4615 751 4676 subsistentiam.
769 4617 848 4675 Sub-

89 4700 219 4765 sistentia
245 4713 349 4766 autem
375 4723 432 4784 per
450 4724 482 4765 εθ
500 4706 564 4766 vim
589 4708 698 4785 agendi
726 4708 847 4768 nullam

89 4790 185 4865 babet,
199 4798 427 4875 sedvisagendi
442 4800 528 4857 omni
545 4799 578 4858 in
595 4805 706 4859 nutrire
720 4801 844 4864 residet.

90 4883 283 4949 Subsistentia
313 4895 434 4949 tantum
457 4890 592 4949 conditio
623 4892 764 4969 quaedam
789 4900 845 4965 est,

90 4974 150 5036 ane
176 4997 233 5056 qua
257 5000 321 5040 non
334 4981 399 5059 agit
430 4988 553 5040 tratura.
572 4982 673 5053 Quare
695 4982 846 5060 quidquid

91 5064 190 5128 divina
217 5072 329 5132 Christi
364 5090 493 5151 persona
518 5072 582 5149 agit
615 5079 728 5133 natura
753 5075 847 5152 ipsius

92 5155 198 5236 druia,
211 5164 406 5223 subsistentia
421 5164 562 5240 praedita,
577 5164 651 5240 agit.
668 5186 682 5220 r

128 5250 179 5311 IV.
208 5256 265 5315 Sed
286 5256 389 5315 omnis
412 5256 469 5315 iste
492 5256 525 5315 in
548 5256 758 5335 oppugnanda
785 5257 845 5317 fide

117 5448 198 5497 tersit.
211 5453 246 5498 lth.
258 5454 267 5498 1
281 5456 308 5500 rte
320 5466 367 5501 uso
379 5456 429 5507 lieo,
444 5457 500 5501 sest.
514 5468 530 5507 r.
542 5468 591 5513 esp.
601 5468 631 5500 rr.
639 5457 687 5501 -h
698 5459 707 5503 1
718 5458 773 5503 itm
785 5469 810 5510 n,
818 5458 838 5501 5.

888 848 1014 905 Patrem
1037 846 1214 924 intelligas:
1237 848 1299 907 sive
1325 848 1516 908 divinitatem
1541 849 1651 926 ipsam,

889 957 958 1017 quae
974 938 1113 998 iratribus
1127 940 1267 1016 personis
1282 940 1370 1001 inest.
1387 940 1485 999 nihilo
1499 940 1535 998 fit
1547 939 1654 999 Photi-

889 1031 975 1091 niani
1000 1049 1092 1091 eausa
1109 1032 1231 1091 melior.
1249 1032 1307 1093 Fae
1330 1034 1422 1093 Deum
1442 1051 1533 1091 uuum
1554 1032 1657 1092 vocari

890 1124 1031 1196 Patrem3
1047 1123 1123 1183 falso
1135 1123 1207 1183 inde
1221 1125 1376 1183 eorrclridit
1400 1125 1540 1198 Crellius,
1556 1124 1656 1183 solum

889 1215 972 1275 hune
986 1232 1050 1275 esse
1064 1217 1172 1285 Deum,
1190 1221 1338 1293 tanquam
1352 1234 1468 1275 nomen
1483 1234 1558 1275 unus
1574 1216 1658 1276 idem

891 1308 933 1367 sie
948 1326 983 1367 ac
997 1306 1086 1366 solers.
1104 1307 1183 1366 Huic
1208 1308 1292 1367 enim
1313 1308 1371 1368 loci
1399 1308 1492 1367 tatius
1505 1308 1656 1369 sententia

890 1399 1084 1477 refragatur:
1102 1418 1196 1477 quam
1218 1400 1369 1476 ejusmodi
1393 1401 1490 1462 Graeci
1506 1408 1535 1460 et
1558 1401 1659 1460 Latini

892 1509 1001 1552 omues
1013 1492 1196 1570 interpretes
1207 1498 1389 1569 agnoscunt.
1406 1492 1549 1571 Praecipit
1560 1494 1658 1570 etpos-

892 1583 983 1656 tolrm,
998 1601 1102 1661 praees
1116 1589 1147 1643 et
1167 1585 1320 1643 orationes
1342 1584 1410 1643 fieri
1429 1601 1486 1663 pro
1509 1584 1659 1643 universis

892 1675 1085 1745 mortalibus,
1100 1675 1321 1754 cujuscumque
1331 1677 1463 1754 generis,
1478 1684 1509 1737 et
1520 1676 1657 1735 ordinis:

893 1767 1026 1843 eoquod
1053 1768 1132 1825 Deus
1155 1784 1263 1826 omnes
1284 1786 1349 1827 esse
1372 1767 1471 1827 salvos
1492 1768 1606 1845 cupiat.
1624 1768 1660 1826 Et

892 1858 1045 1918 rationem
1059 1858 1190 1918 subinde
1213 1858 1325 1931 reddit,
1341 1860 1424 1937 quod
1438 1878 1519 1919 unus
1544 1859 1582 1918 sit
1596 1875 1660 1919 om·

893 1949 980 2009 nium
997 1951 1089 2020 Deus,
1100 1956 1137 2032 Ιθῖ
1150 1967 1233 2008 nnus
1256 1950 1336 2010 inter
1351 1953 1460 2026 Deum,
1474 1960 1505 2011 et
1517 1951 1660 2011 homines

895 2042 1056 2116 mediator,
1071 2060 1106 2101 ac
1119 2054 1287 2119 sequester.
1301 2043 1348 2102 lbi
1362 2062 1422 2103 vox
1434 2062 1509 2102 unus
1522 2045 1657 2121 proprie,

893 2151 928 2193 ac
943 2152 997 2211 per
1011 2151 1042 2194 se
1057 2133 1134 2193 nibil
1146 2133 1230 2193 aliud
1239 2133 1365 2207 indicat,
1374 2153 1468 2213 quam
1480 2153 1657 2195 eommrmem

894 2225 1034 2285 amnium
1049 2243 1113 2285 esse
1133 2226 1243 2297 Deum,
1260 2243 1492 2306 communemque
1512 2228 1660 2287 mediato-

892 2335 974 2389 rem3
987 2324 1021 2376 ut
1035 2324 1198 2396 propterea
1211 2318 1387 2378 consultum
1405 2318 1551 2379 omnibus
1563 2319 1638 2379 relit
1651 2338 1658 2378 ε

893 2428 957 2469 riou
975 2416 1079 2470 autem
1104 2410 1292 2486 singularem
1318 2428 1382 2470 esse
1400 2410 1535 2489 aliquam
1560 2430 1662 2488 perso-

892 2519 978 2575 nam,
1001 2507 1042 2576 et,
1064 2507 1100 2561 ut
1123 2501 1162 2561 ab
1189 2502 1315 2580 reliquis
1342 2502 1537 2575 discernitur,
1554 2521 1660 2564 veram

892 2594 1046 2672 possidere
1069 2594 1274 2665 divinitatem,
1298 2595 1519 2655 exclusisaliis.
1537 2603 1577 2655 nt
1589 2615 1660 2656 cnm

893 2706 967 2747 auur
977 2694 1116 2757 vacatur,
1133 2687 1221 2746 illum
1236 2687 1411 2764 comparari
1419 2688 1660 2748 asseruntiidem

894 2780 1079 2858 Interpretes
1099 2797 1171 2837 cnm
1189 2778 1351 2855 gentilium
1377 2779 1574 2853 numinibus,
1591 2797 1661 2858 qum

892 2871 1076 2948 multiplicia
1102 2879 1187 2944 sunt,
1212 2871 1342 2943 naturis,
1371 2871 1570 2948 personisque
1599 2874 1660 2933 dis-

892 2964 1007 3036 tineta3
1036 2980 1099 3022 nou
1123 2962 1254 3022 conferri
1277 2979 1349 3021 cum
1377 2962 1465 3037 Filio,
1490 2969 1521 3022 et
1543 2964 1661 3042 Spiritu

893 3061 1014 3129 sanct03
1028 3073 1098 3132 qnae
1113 3054 1183 3114 dum
1201 3072 1340 3134 perseam
1361 3054 1397 3113 ad
1414 3055 1550 3124 Patrem,
1576 3058 1662 3116 velut

893 3148 932 3206 ad
946 3147 1085 3225 stirpem,
1102 3155 1323 3225 auctoremque
1342 3146 1531 3207 referuntur.
1553 3149 1661 3227 Itaque

894 3241 927 3297 in
941 3240 1153 3317 redemptione
1165 3240 1286 3316 generis
1307 3239 1455 3312 humaui,
1472 3240 1574 3312 Pater,
1592 3246 1661 3299 tan-

894 3348 988 3409 quam
1001 3330 1201 3408 principium,
1217 3337 1248 3389 θῖ
1262 3338 1354 3409 eaput
1363 3330 1500 3409 ponitur,
1513 3331 1563 3390 cui
1578 3332 1664 3391 satis

893 3422 986 3482 factio
1001 3421 1142 3491 debetur,
1154 3422 1414 3500 Filins‚tanquam
1431 3423 1595 3494 mediator,
1607 3423 1662 3502 qui

894 3532 951 3593 pro
964 3514 1103 3573 humano
1115 3530 1228 3590 genere
1239 3513 1392 3574 satislaeit.
1406 3515 1568 3592 Spectatur
1576 3516 1662 3576 enim

894 3625 959 3666 non
982 3611 1018 3665 nt
1038 3606 1117 3665 Dens
1139 3611 1185 3665 θεῖ
1206 3605 1355 3681 absolute,
1380 3624 1416 3666 ac
1438 3607 1563 3685 precise
1586 3608 1663 3668 :sed

896 3706 1048 3779 quatenus
1062 3701 1143 3759 lteus
1157 3705 1202 3759 est
1217 3705 1247 3759 et
1261 3699 1355 3759 horno
1366 3719 1373 3758 ε
1383 3718 1454 3759 cum
1465 3700 1592 3778 alioqni;
1602 3722 1664 3782 qua

895 3794 979 3852 lleus
994 3797 1050 3865 est,
1067 3792 1174 3850 eodem
1199 3791 1267 3850 loeo
1282 3792 1332 3862 sit,
1350 3810 1383 3850 ae
1400 3793 1499 3863 Pater,
1516 3811 1578 3870 quo
1592 3813 1664 3855 rrum

895 3901 995 3942 unum
1009 3888 1065 3942 est.
1082 3885 1201 3942 Verum
1215 3882 1268 3951 ibi,
1280 3883 1333 3942 ubi
1345 3883 1382 3942 de
1394 3885 1575 3955 mediatore,
1590 3904 1663 3945 eon·
1699 3898 1704 3909 ·

895 3975 1094 4053 eiliatoreque
1116 3974 1230 4051 agitur,
1247 3991 1311 4032 snae
1325 3975 1437 4051 carique
1457 3980 1559 4051 partes
1571 3993 1664 4037 man-

896 4066 1006 4126 dandae
1021 4066 1157 4139 luerunt,
1172 4071 1207 4124 ut
1220 4063 1359 4124 confusio
1369 4065 1527 4126 vitaretur.

936 4157 973 4216 V.
997 4158 1143 4229 eroeirca
1166 4174 1230 4215 non
1252 4155 1332 4215 valet
1353 4156 1412 4216 ista
1435 4160 1662 4236 consequentias

895 4248 1100 4327 prescriptio:
1118 4249 1205 4308 Unus
1217 4254 1262 4308 θεῖ
1275 4249 1354 4307 Deus
1369 4248 1469 4323 Pater,
1477 4250 1560 4326 apud
1569 4269 1663 4328 quem

897 4341 1048 4400 mediator
1073 4346 1118 4399 est
1146 4339 1258 4413 Filius3
1290 4340 1373 4399 solas
1403 4355 1475 4411 ergo
1504 4342 1592 4401 Pater
1618 4350 1664 4403 est

897 4434 988 4505 lteus,
1004 4450 1069 4491 nou
1090 4430 1193 4491 Filius.
1218 4432 1340 4493 Etenim
1366 4449 1404 4491 ex
1426 4431 1478 4490 illa
1496 4432 1555 4492 loci
1577 4434 1664 4494 istius

897 4524 1098 4603 expositione,
1115 4542 1177 4602 qua
1198 4522 1290 4583 Pater
1304 4524 1381 4583 eitra
1403 4523 1535 4601 reliquas
1558 4544 1664 4602 perso-

898 4635 953 4675 nas
973 4615 1165 4693 intelligitur,
1191 4617 1273 4675 idem
1299 4615 1348 4674 ille
1372 4615 1558 4675 considerari
1573 4618 1665 4678 debet

897 4726 968 4768 cum
994 4708 1141 4785 peculiari
1166 4707 1267 4785 aliqua
1291 4708 1429 4778 notione,
1447 4726 1483 4766 ac
1508 4711 1663 4786 personali

898 4801 1084 4877 proprietate
1101 4819 1107 4857 :
1124 4799 1183 4859 boc
1197 4805 1244 4858 est
1266 4816 1329 4857 non
1350 4816 1411 4875 qua
1435 4799 1515 4859 Deus
1537 4806 1584 4861 est
1596 4806 1663 4860 tan-

896 4897 983 4963 tum3
1000 4892 1053 4950 sed
1065 4909 1126 4969 qna
1151 4892 1231 4951 Dens
1248 4895 1294 4949 θεῖ
1315 4908 1333 4948 a
1367 4891 1479 4967 seipso,
1492 4898 1523 4950 et
1545 4893 1663 4953 anullo

896 4984 1065 5063 procedens
1090 4984 1169 5057 alio;
1195 4983 1257 5041 sive
1284 4988 1319 5040 nt
1346 4990 1469 5054 erector,
1500 4985 1599 5057 radix,
1635 4992 1665 5047 ct

896 5075 1082 5153 principium
1103 5081 1147 5133 θεῖ
1168 5075 1262 5133 totius
1284 5074 1472 5145 ‹lirinitatis;
1498 5081 1529 5134 et
1549 5077 1573 5135 si
1593 5096 1664 5155 qum

895 5172 968 5225 sunt
990 5166 1209 5245 appellationes
1230 5166 1314 5232 aliae,
1340 5184 1410 5243 quse
1435 5167 1515 5226 Patri
1540 5171 1663 5246 proprie

896 5260 1137 5334 conveniantne
1146 5258 1322 5335 personales
1331 5264 1496 5318 censentur
1511 5278 1518 5318 ε
1531 5277 1664 5337 quaeque
