3936 6152
109 474 926 626 rnaocoeiooauii
1032 471 1602 619 coenarum
1707 524 1714 535 ·

307 816 400 921 DE
459 810 1088 921 INCARNATIONE
1143 809 1372 916 VERBI

466 1089 674 1171 LIBER
735 1085 1189 1171 DUODECIMUS
1257 1082 1260 1088 ’

191 1322 225 1380 ΙΝ
242 1321 308 1391 QUO
327 1322 370 1379 DE
389 1322 434 1378 EO
456 1321 598 1380 GENERE
616 1320 854 1381 aestuantium
872 1319 1143 1379 enoratistarum
1168 1317 1391 1390 DlSSliRlTUll,
1415 1317 1495 1385 QUAE

622 1419 783 1476 MOllilLliS
802 1417 1057 1476 reputaturus.

500 1642 1127 1658 ..n—-u——u———ffl

860 1853 945 1927 dieis,
972 1859 1003 1915 et
1025 1853 1140 1913 similes
1161 1852 1230 1913 alias
1256 1872 1263 1912 :
1288 1851 1327 1913 de
1353 1851 1467 1930 quibus
1480 1837 1481 1841 ¹
1494 1867 1559 1909 non
1583 1854 1630 1910 est

860 1945 1016 2024 integrum
1031 1943 1120 2005 uobis
1132 1950 1235 2006 tacere
1249 1945 1372 2025 penitus
1388 1960 1509 2023 :neque
1522 1941 1629 2002 multis

861 2043 967 2097 tamen
980 2056 1015 2098 en
1030 2055 1153 2098 necesse
1167 2038 1321 2116 persequi.

181 2142 207 2223 C
217 2144 289 2224 Ap
304 2145 379 2226 UT
441 2147 676 2231 PRIMUM·
902 2129 1032 2189 Initium
1058 2130 1169 2190 faciam
1195 2149 1214 2190 a
1238 2128 1411 2190 Mediuturis
1427 2129 1545 2206 oflieio;
1565 2147 1628 2210 quo
1660 2148 1790 2207 uiaticum

861 2221 987 2282 nomine
1001 2222 1140 2301 mysterii
1161 2221 1257 2283 totius
1271 2222 1353 2295 finis,
1377 2228 1407 2282 et
1418 2222 1535 2284 fruetus
1554 2242 1629 2284 con·
1652 2207 1790 2303 '⁰¹,2¹¹,⁴i⁴,f“'

860 2313 990 2390 tinctor,
1005 2320 1041 2374 ut
1053 2314 1096 2374 ait
1110 2315 1278 2394 Gregorius
1287 2315 1462 2394 Nyssenus⁰
1477 2334 1571 2395 quem
1580 2317 1629 2377 his

860 2405 963 2466 verbis
985 2405 1155 2467 declarasse
1178 2407 1222 2467 ait
1243 2406 1436 2486 Apostolum,
1456 2405 1536 2470 Unus
1550 2408 1628 2469 enim

78 2481 108 2543 vi
119 2484 262 2550 ¹liedietori
278 2489 410 2566 Curato,
422 2489 496 2570 quid
501 2491 539 2553 sit
555 2490 707 2568 mediator,
721 2500 750 2553 et
767 2512 811 2553 se·
862 2497 940 2558 Deus
957 2517 964 2557 :
980 2517 1054 2559 vinus
1067 2505 1095 2559 et
1110 2497 1253 2559 mediator
1274 2497 1333 2559 tier·
1339 2507 1366 2559 et
1379 2498 1530 2560 dominum
1545 2500 1629 2561 dorne

104 2588 207 2657 quieter.
230 2584 259 2643 2.
284 2583 348 2659 Ouo
373 2603 455 2644 seusu
489 2584 599 2646 Ariani
625 2583 812 2647 mediatorem
864 2588 999 2651 Christus
1014 2590 1131 2652 iesus¹.
1157 2592 1246 2652 Hunc
1260 2592 1356 2653 Graeci
1380 2601 1480 2673 μεσίτην
1498 2599 1626 2667 vocant;

105 2668 177 2732 iilum
189 2676 371 2752 equoveriat.
388 2680 418 2737 i.
435 2676 588 2737 Mediator
598 2676 722 2756 duplex,
739 2696 813 2737 unus
862 2700 956 2761 quam
978 2701 1086 2745 vocem
1110 2684 1223 2744 Glossae
1247 2684 1476 2745 Graeco-latinas
1494 2685 1630 2746 reddunt

104 2766 241 2836 naturalis,
254 2768 332 2829 ulter
345 2769 482 2829 moralis
507 2770 538 2829 5.
565 2769 610 2830 lle
627 2770 730 2849 priore
742 2768 810 2847 pri·
862 2777 906 2836 sic
934 2796 941 2835 ε
963 2783 1081 2851 Marti—iq,
1097 2783 1250 2857 sequester,
1275 2775 1451 2853 arbitrator,
1471 2778 1627 2838 mediator.

105 2875 170 2918 mum
210 2862 332 2941 aqi'iur,
375 2860 540 2942 eujusrnvdi
573 2860 723 2923 Christum
758 2880 813 2922 esse
862 2868 911 2940 Et,
928 2875 1038 2947 pasitele
1050 2867 1433 2947 arbitrium,sequestratio,
1451 2867 1626 2931 arbitratus.
1661 2918 1669 2931 .

104 2959 274 3030 monstratur,
287 2956 320 3015 6.
343 2954 399 3015 Er
409 2953 550 3034 Apostoli
560 2952 669 3015 Paulo.
687 2956 717 3014 7.
738 2953 811 3014 Tum
862 2959 1071 3020 'tertullianus
1085 2978 1141 3038 pro
1155 2957 1322 3033 mediatore,
1333 2969 1505 3040 sequestrem
1518 2961 1552 3020 in
1558 2977 1628 3021 ver-

104 3058 134 3099 eii
143 3041 287 3123 Patribus,
303 3047 509 3128 imprimisque
517 3045 659 3126 Greqorio
668 3044 810 3127 Nqsseno.
862 3052 955 3112 tendo
970 3051 1022 3112 illo
1045 3051 1114 3112 loeo
1133 3051 1270 3131 Apostoli
1293 3051 1426 3131 posuit¹.
1451 3053 1629 3113 Lactantius

103 3134 127 3193 8.
145 3134 192 3196 Ee
210 3137 335 3213 Irenoeo,
353 3146 381 3199 et
399 3138 577 3219 Hippolyto.
598 3139 627 3199 9.
653 3137 749 3199 Pauli
756 3157 813 3215 pe·
862 3162 935 3204 vero
949 3162 1014 3204 non
1029 3143 1130 3204 solum
1145 3142 1285 3216 aredium,
1306 3144 1359 3205 sed
1375 3144 1470 3205 etiam
1488 3142 1630 3205 mediato·

103 3225 233 3289 rimemus
249 3229 284 3289 de
308 3229 466 3291 mediatore
487 3230 563 3291 ierus
578 3230 763 3310 eapti'eutur,
784 3237 814 3291 et
862 3254 924 3295 rem
938 3235 1087 3296 vocaviit.
1112 3238 1166 3296 Est
1185 3241 1291 3296 autem
1304 3236 1367 3308 ilie,
1383 3236 1439 3316 qui
1452 3235 1631 3297 certantibus

104 3316 263 3382 illustratur.
289 3322 378 3403 Leqi's
398 3322 537 3383 Mosui'roe
567 3322 641 3382 lotio
665 3322 747 3401 pacti
766 3341 814 3382 ra·
862 3327 974 3389 medius
986 3328 1158 3403 iatervmit3
1174 3348 1236 3407 qua
1245 3327 1412 3389 verborum
1426 3329 1631 3408 descriptione

104 3411 320 3475 tienemiialiui't.
339 3417 385 3475 li).
406 3412 491 3490 (iiii
511 3432 549 3474 ea
569 3413 727 3493 Scriptura
744 3433 813 3494 pro·
861 3428 1031 3499 sequestrem
1044 3418 1630 3498 iuterpretaturisidorus‘Gelliusrero
1687 3451 1689 3454 >

102 3501 184 3580 datiis,
203 3517 233 3567 ut
248 3516 276 3568 et
298 3506 387 3567 iilius
407 3526 425 3566 a
433 3505 626 3587 promissione
647 3505 813 3566 Abrettene
862 3520 1065 3589 sequestremur
1084 3510 1223 3591 sequendo
1238 3511 1355 3571 dictum
1376 3509 1533 3585 asserit¹,i
1547 3513 1631 3590 quod

101 3595 169 3672 sueta
178 3598 343 3661 discrimen.
361 3601 409 3660 ll.
423 3597 601 3680 Hieronymi
609 3595 645 3658 de
658 3597 715 3658 ille
724 3596 817 3659 Pauli
863 3604 939 3682 ejus,
953 3602 1008 3682 qui
1028 3602 1144 3663 electus
1164 3602 1214 3679 sit,
1233 3607 1365 3682 utraque
1382 3620 1456 3683 pars
1474 3603 1568 3663 fidem
1583 3621 1630 3664 se-

101 3687 151 3749 lua
170 3693 312 3754 sententia
324 3697 453 3752 notatur.
470 3693 517 3753 tn.
533 3690 672 3771 Deinceps
685 3690 814 3750 aliorum
863 3702 993 3775 quatum
1005 3717 1021 3753 i
1039 3713 1133 3774 quem
1147 3701 1177 3756 et
1190 3694 1332 3764 seminem,
1350 3696 1436 3774 quasi
1450 3694 1597 3756 mininam
1613 3716 1633 3757 a

101 3780 213 3845 Petrum
238 3784 413 3849 Graecorum
433 3783 468 3844 de
493 3781 631 3844 naturali
656 3781 814 3843 mediatore
863 3788 1020 3867 sequendo
1040 3789 1165 3868 pariter,
1186 3787 1263 3848 olim
1280 3788 1449 3867 appellasse
1472 3790 1633 3849 Romanos

102 3872 202 3939 cirtio
229 3877 407 3940 testimonie·
434 3877 483 3937 15.
500 3874 622 3937 Leontii
648 3874 815 3956 quantim'
863 3882 1010 3956 adnotat;
1026 3882 1079 3942 sed
1102 3880 1183 3942 inter
1205 3878 1392 3941 mediatorem
1412 3887 1443 3941 et
1462 3887 1633 3961 sequestrem

102 3963 169 4029 ierus
185 3971 313 4032 eximius
332 3968 367 4031 de
378 3967 567 4051 proprietate
588 3966 737 4028 naturalis
758 3985 815 4028 me·
863 3973 1010 4035 interesse
1034 3972 1179 4033 nonnihil
1200 3971 1325 4033 indicat.
1341 3971 1579 4052 Hieronymus⁸,
1597 3978 1634 4033 nt

98 4056 219 4125 diviciis.
863 4072 969 4147 posteo
988 4065 1102 4127 dicturi
1115 4083 1232 4126 sumus.
1245 4065 1344 4125 Latini
1359 4084 1483 4144 quoque
1499 4067 1634 4126 intereas

863 4176 968 4232 sorem,
984 4163 1015 4219 et
1028 4158 1250 4219 interventorem
1273 4163 1426 4236 usurpant
1443 4175 1501 4236 pro
1521 4155 1632 4219 media·

100 4242 118 4305 l.
137 4248 180 4310 ad
193 4247 259 4312 illas
273 4249 419 4329 deinceps
433 4246 544 4309 Christi
564 4246 661 4322 dotes,
675 4245 815 4326 proprie·
865 4254 927 4311 tore
939 4270 953 4328 ,·
967 4251 1031 4311 sive
1046 4268 1094 4323 co,
1108 4250 1162 4330 qui
1176 4268 1233 4329 pro
1254 4249 1351 4310 altero
1372 4249 1514 4328 spondet,
1530 4254 1561 4309 et
1575 4268 1633 4328 pro

68 4339 184 4419 talesque
206 4343 372 4423 disputatio
400 4346 505 4402 nostra
527 4338 659 4414 labetur,
680 4356 747 4417 qua
775 4339 814 4400 ab
864 4361 901 4403 eo
915 4343 1007 4403 fldem
1030 4360 1118 4402 suam
1133 4341 1259 4420 obligat.
1278 4343 1316 4401 Iu
1340 4340 1493 4402 Glossario
1513 4341 1635 4401 Latino-

68 4433 252 4513 naturalibus,
280 4454 358 4517 quus
388 4438 501 4495 vocant
527 4439 640 4513 φυσικὰς,
663 4431 811 4507 discretae,
864 4452 966 4513 graeco
999 4432 1176 4509 intercedit,
1214 4442 1323 4514 praeta.
1360 4433 1413 4509 Et,
1439 4431 1631 4510 interventio,

68 4523 168 4586 noram
181 4528 330 4589 dicuntur
340 4529 374 4588 in
387 4526 500 4587 scholis
514 4544 568 4586 :eo
582 4523 666 4602 quod
674 4524 813 4583 humano
851 4534 983 4605 'pisiam
1000 4525 1181 4599 intercessor,
1199 4533 1443 4604 spatiosissimum
1458 4522 1631 4597 Intervenit,

66 4629 124 4689 usu,
137 4624 166 4680 et
184 4620 397 4695 aestimatione,
408 4637 473 4680 non
492 4617 628 4678 naturali
652 4614 815 4676 efficientia
865 4626 958 4695 βοηθεῖ,
975 4626 1086 4698 praeta.
1101 4618 1176 4691 Quae
1191 4617 1297 4677 omnia
1314 4634 1490 4696 synonyma
1503 4622 1586 4685 sunt,
1603 4621 1635 4677 et

66 4720 219 4775 censentur.
246 4712 434 4792 Hujusmodi
456 4715 529 4772 sunt
550 4715 690 4788 ἀξιώματα,
714 4706 746 4768 id
770 4713 817 4768 est
864 4727 922 4789 pro
936 4715 1160 4784 eosumuutur,
1172 4708 1225 4788 qui
1239 4708 1417 4769 interventu
1431 4727 1500 4781 suo,
1516 4708 1635 4770 aufide-

66 4794 214 4879 ti'qitiates,
230 4805 282 4867 vel
304 4803 499 4886 diqnatienes,
523 4800 630 4881 quales
653 4804 727 4859 sunt
747 4799 814 4859 Me·
861 4800 1000 4878 jussione
1013 4801 1150 4882 aliquem
1168 4799 1319 4877 sublevat,
1335 4806 1367 4861 et
1383 4799 1537 4861 laboranti
1554 4800 1634 4881 peri·

65 4887 185 4974 dictoris,
216 4897 400 4973 Sacerdotis,
429 4892 608 4969 Salvatoris,
632 4891 734 4970 Regis,
756 4891 813 4951 iu·
867 4892 1219 4973 elitantiquesuecurrit.

94 5087 240 5147 autaei.
264 5089 276 5145 l
297 5094 371 5145 coiit.
396 5091 473 5144 Eun.
493 5078 570 5148 Οὗτός
591 5083 655 5140 ἔστιν
680 5084 695 5138 ὁ
719 5084 817 5158 μεσίτης
865 5084 981 5158 Χριστὸς,
995 5086 1053 5139 ὅλον
1067 5084 1127 5157 ἡμῖν
1148 5077 1251 5138 ἐνταῦθα
1271 5083 1314 5138 τὸν
1329 5083 1419 5138 σκοπὸν
1442 5089 1486 5140 τοῦ
1502 5088 1634 5161 μυστηρίου

65 5165 120 5234 imi,
133 5172 170 5226 al
187 5173 331 5247 imperiae.
348 5171 552 5227 stauratium
567 5170 642 5241 ῥῆμα,
656 5170 695 5222 dri
714 5161 749 5230 είς
765 5168 817 5228 θεὸς
866 5167 907 5222 διὰ
919 5172 962 5236 τῆς
975 5172 1019 5222 soii
1033 5168 1132 5241 pasiano
1146 5165 1234 5230 λέξεως
1247 5168 1380 5232 diodoridis,
1395 5167 1555 5243 ἄπεκάλινίεν.

65 5252 97 5303 ml
110 5249 141 5318 είς
160 5258 257 5330 μεσίτης
270 5262 336 5322 θεοῦ,
351 5257 391 5310 καὶ
414 5256 547 5328 ἀνθρώπων
569 5253 693 5326 ἅνθρωπος
719 5250 819 5320 Ἰησοῦς

87 5407 114 5452 Η
126 5411 176 5455 tim
185 5423 211 5462 ii,
221 5412 243 5455 5.
257 5431 283 5444 -
293 5409 308 5454 2
317 5409 364 5456 Lib.
374 5410 401 5456 de
413 5411 492 5456 llum.
503 5418 552 5464 vap.
563 5419 584 5450 ii
593 5414 615 5451 et
628 5405 732 5452 inin-8
745 5404 794 5449 uu.
805 5402 832 5449 tv
842 5413 889 5459 cap.
901 5412 948 5448 rii.
963 5424 990 5438 -
1001 5400 1015 5447 t
1025 5398 1103 5447 titan
1114 5402 1214 5457 Etrun-
1227 5405 1240 5446 t
1252 5401 1301 5448 Lili.
1315 5400 1332 5445 ii
1348 5412 1368 5449 c.
1379 5412 1428 5445 n·
1440 5402 1455 5448 6
1466 5402 1492 5447 ln
1501 5402 1577 5460 spii
1586 5407 1635 5453 dat.

187 5491 265 5555 Turi.
286 5491 337 5554 vt.
1489 5484 1528 5545 32
