4076 6180
524 259 574 319 us
595 255 897 335 molenarroun,
929 257 1003 317 urs.
1027 256 1108 327 1111,
1131 256 1218 318 aar.
1242 258 1268 316 1.
1624 230 1683 319 ors

120 421 255 501 111111,ηυὶ
277 440 309 483 se
329 410 411 484 dono
429 423 487 485 isto
501 429 610 503 suapte
629 424 787 484 voluntate
805 422 866 501 pri·
916 421 962 482 illi
974 422 1095 483 fuerin.
1107 444 1122 480 u
1141 423 1300 484 Docetisto
1312 422 1346 482 in
1355 421 1422 484 loeo
1436 424 1682 501 chrysostomus,

118 521 190 576 saut.
205 515 320 575 Etenim
338 516 437 593 gratia
458 515 523 596 ipsa
546 517 578 576 in
602 534 711 577 omues
723 515 868 575 diffundi·
916 533 981 575 uon
1002 516 1119 576 stetisse
1139 534 1195 594 per
1214 514 1267 575 Dei
1289 515 1492 591 voluntatem,
1517 515 1684 593 quominus

118 611 171 680 tur,
182 607 394 668 uonJudoeum
406 615 554 681 aversata,
564 627 627 669 non
639 610 867 681 Graeoum‚non
918 612 983 668 tum
1012 607 1132 668 Pharao
1157 613 1295 669 servatus
1321 607 1430 683 fuerit,
1463 613 1532 668 tum
1560 607 1686 687 reprobi

118 697 284 770 turturum,
299 717 364 759 non
378 700 536 779 scytham,
552 719 617 761 non
639 700 783 777 liberum,
801 717 867 760 non
917 717 1025 760 omnes
1045 705 1076 760 et
1102 702 1157 761 irae
1183 718 1258 761 rasa
1283 706 1455 761 serventur.
1480 699 1566 761 Velle
1588 700 1684 777 enim,

117 808 238 865 εοννιιιιι,
253 809 317 851 non
338 791 452 868 virum,
469 811 532 854 non
553 792 714 867 feminam,
734 811 799 853 non
816 810 867 852 se·
916 798 1068 870 quantum
1083 792 1173 853 estin
1184 810 1227 865 se,
1244 793 1344 854 salros
1357 810 1464 853 omnes
1476 793 1591 866 lleum3
1608 797 1686 854 etex

117 900 190 954 uem,
215 901 278 943 non
298 883 449 961 juvenem
474 904 481 945 :
510 886 562 945 sed
591 902 700 945 omnes
728 884 869 945 similiter
917 902 955 944 ea
980 884 1136 946 voluntate
1150 884 1405 964 ponamusque,
1425 885 1484 945 hoe
1508 890 1554 946 est
1574 884 1687 946 idonea

117 974 278 1048 admittens,
293 980 324 1036 et
337 994 407 1036 cum
422 977 532 1038 eodem
541 977 660 1038 honore
671 994 794 1038 vocans.
808 976 868 1043 Qui
917 978 1247 1057 persesesuppcditare
1254 977 1429 1039 obtinendae
1439 978 1545 1038 salutis
1554 977 1683 1038 auxilia:

116 1071 209 1128 autem
226 1067 280 1128 tali
299 1068 381 1129 dono
400 1069 494 1148 potiri
507 1070 629 1145 nolunt,
641 1070 712 1148 jure
731 1069 868 1130 sibimet·
918 1085 976 1129 nee
1000 1069 1136 1137 aliunde,
1167 1087 1261 1149 quam
1288 1087 1327 1131 er
1360 1069 1520 1130 voluntate
1547 1069 1683 1149 propria,

116 1158 181 1237 ipsis
202 1177 269 1220 eam
296 1161 462 1222 caecitatem
483 1161 647 1242 imputent.
680 1162 758 1223 (hun
786 1162 869 1222 enim
919 1177 1174 1239 unumquemque
1189 1162 1290 1241 perire
1308 1181 1314 1221 :
1335 1161 1486 1221 nimirum
1510 1161 1641 1236 ratione,
1657 1167 1689 1222 et

116 1251 249 1311 omuibus
274 1251 431 1332 ingressus
455 1259 548 1332 patet,
578 1272 680 1333 neque
705 1254 870 1333 quisquam
919 1251 1047 1313 arbitrio
1061 1253 1213 1314 libertatis
1228 1260 1379 1315 utentem.

94 1397 97 1402 .
116 1348 164 1414 est,
176 1343 226 1422 qui
239 1344 325 1407 adire
339 1345 476 1407 volentes
487 1345 665 1425 probibeat;
679 1345 733 1425 qui
744 1351 870 1425 propter
961 1344 1146 1405 Praeelarum
1160 1346 1278 1406 utillud
1292 1351 1338 1406 est
1353 1346 1491 1424 ejusdem
1505 1364 1543 1408 ex
1559 1345 1689 1407 homilia

115 1434 259 1515 ignaviam
277 1454 367 1499 suam
387 1436 462 1498 foris
483 1444 657 1509 remanent,
684 1456 750 1499 non
775 1438 869 1498 ullius
921 1437 1056 1513 quadam
1072 1436 1107 1498 de
1117 1437 1322 1517 postulatione
1343 1439 1447 1500 matris
1466 1438 1601 1519 filiorum
1627 1439 1688 1500 Ze·

115 1526 229 1589 alterius
242 1528 345 1609 eulpa,
362 1529 415 1590 sed
430 1529 488 1609 ipsi
506 1548 561 1591 sua
582 1536 705 1592 tantum
721 1529 870 1609 improbi·
922 1527 1024 1598 bcdcei,
1040 1530 1080 1591 ad
1103 1529 1157 1590 illa
1175 1530 1284 1591 Christi
1298 1530 1433 1606 Domini,
1450 1530 1520 1592 Nou
1537 1540 1576 1593 est
1594 1550 1687 1592 cneum

115 1623 168 1681 tate
180 1626 370 1701 peremit.»
921 1618 992 1681 dere
1007 1619 1117 1697 ootrs¹,
1130 1643 1145 1678 υ
1162 1628 1219 1684 ete.
1235 1641 1305 1702 ηοω
1325 1623 1368 1684 sie
1389 1624 1526 1702 exponit,
1542 1629 1579 1683 ut
1594 1623 1686 1694 dieat,

150 1712 196 1774 Sie
210 1713 337 1775 homilia
351 1731 404 1776 xvi
418 1712 451 1774 in
464 1713 626 1794 epistolam
643 1713 684 1777 od
701 1714 869 1777 Romanos:
925 1714 1014 1775 ahoe
1034 1714 1124 1775 illum
1147 1715 1319 1795 significare
1344 1716 1487 1788 soluisse,
1513 1734 1584 1776 nouv
1598 1734 1689 1776 suum

118 1826 131 1862 11
152 1805 183 1865 Si
205 1824 324 1878 omnes,
354 1806 466 1885 inquit,
495 1813 708 1883 peceaverunt,
738 1827 793 1869 eur
819 1806 872 1867 alii
923 1825 987 1868 esse
1012 1807 1229 1868 tantummodo
1252 1809 1341 1883 dare,
1370 1809 1421 1869 scd
1449 1813 1481 1868 et
1503 1809 1691 1869 certantium

115 1897 236 1959 salutem
249 1898 354 1979 adepti
368 1904 454 1973 sunt;
471 1899 524 1960 atii
546 1900 730 1979 perierunt?
748 1901 872 1976 Nempe
922 1915 987 1960 esse
1001 1917 1120 1979 capere.
1134 1901 1213 1960 Nam
1227 1900 1251 1960 si
1265 1900 1347 1961 istud
1357 1919 1395 1961 ex
1409 1919 1441 1962 se
1451 1919 1515 1961 uno
1530 1900 1688 1977 penderet,

115 1990 252 2069 quonium
279 2008 344 2051 non
376 2008 485 2052 omnes
519 1992 663 2052 accedere
692 1992 870 2053 voluerunt.
923 2009 1031 2053 omnes
1058 1992 1166 2071 utique
1187 1992 1262 2052 salvi
1290 1999 1391 2053 essent
1417 1992 1570 2061 homines,
1600 1998 1631 2053 et
1651 1991 1690 2053 ad

113 2082 239 2162 Aboqui‚
254 2088 407 2161 quantum
420 2082 454 2142 iu
467 2082 534 2162 ipso
548 2082 617 2159 fnit,
637 2102 745 2145 omnes
765 2083 873 2144 salvati
923 2085 1113 2162 agnitionem
1136 2082 1274 2144 veritatis
1286 2083 1462 2145 venirent.
1479 2105 1494 2141 υ
1516 2085 1588 2145 llaec.
1598 2088 1692 2164 Apes

114 2181 216 2236 essent.
231 2176 311 2236 Nam
326 2181 356 2236 et
370 2193 478 2236 omnes
491 2181 580 2236 erant
598 2176 724 2237 vocatil.
745 2197 759 2233 ο
782 2176 874 2236 Vides
926 2175 1005 2237 toliei
1027 2175 1101 2237 dicti
1123 2176 1334 2255 interpretatio
1356 2176 1444 2238 valde
1465 2182 1511 2237 est
1533 2178 1687 2252 notanda3

114 2274 146 2327 ut
165 2274 195 2327 et
213 2267 365 2348 reprobis,
379 2268 434 2346 qni
461 2286 517 2328 sua
544 2267 646 2347 eulpa,
662 2273 694 2328 et
715 2268 874 2329 voluntate
924 2273 955 2328 et
982 2268 1140 2328 communi
1167 2268 1212 2327 illi
1239 2268 1329 2329 alteri
1357 2269 1395 2329 de
1421 2269 1693 2343 predestinatione

115 2361 280 2438 perierunt,
294 2360 425 2421 salutem
439 2359 579 2422 conterre
593 2360 728 2421 voluerit
742 2361 832 2421 Deus.
925 2361 1085 2421 sententiae
1099 2361 1300 2440 opponenda3
1314 2361 1352 2421 de
1366 2378 1428 2441 qua
1440 2366 1557 2440 postea,

149 2454 205 2513 Sed
227 2453 351 2532 egregie
365 2452 399 2512 in
422 2452 530 2513 eadem
552 2451 689 2525 homilia,
709 2451 876 2531 interjectis
967 2453 1017 2513 Sic
1031 2453 1064 2513 in
1077 2453 1206 2514 homilia
1219 2470 1327 2513 lxxxiii
1338 2454 1414 2514 tomi
1427 2453 1576 2532 ejusdem,
1602 2455 1693 2515 Chri·

114 2543 223 2623 aliquot
237 2544 372 2625 paginis,
388 2543 581 2623 inidipsum
595 2544 738 2615 declarat,
752 2562 824 2605 eum
838 2545 876 2605 de
926 2550 1010 2609 stum
1029 2545 1063 2606 in
1090 2563 1179 2606 eruce
1206 2545 1405 2624 pendentem,
1434 2551 1465 2606 et
1487 2563 1544 2624 pro
1563 2545 1695 2606 inimicis

115 2636 281 2713 Pharaone,
302 2654 338 2697 ao
360 2641 429 2696 tum
449 2635 599 2715 reprobis,
616 2641 685 2697 tum
708 2636 810 2698 electis
830 2637 876 2698 lo·
925 2645 1079 2714 orantem,
1100 2643 1261 2716 peccatum
1281 2638 1342 2698 illis
1364 2638 1541 2699 condonare
1561 2637 1695 2699 voluisse

114 2729 222 2808 quitur.
258 2727 456 2789 «Undenam
481 2746 567 2805 ergo,
595 2727 709 2806 inquit,
730 2727 783 2788 alii
805 2746 877 2789 vasa
926 2731 1013 2805 ‹lieit3
1030 2731 1055 2792 si
1074 2730 1201 2809 quidem
1215 2730 1427 2809 poenitentiam
1454 2748 1546 2807 agere
1559 2730 1693 2803 r·clleut;
1797 2719 1798 2722 '

114 2820 173 2895 ira,
188 2821 241 2882 alii
263 2819 482 2881 misericordiae
505 2819 603 2880 sunt?
631 2822 675 2879 Ex
702 2819 799 2881 hhera
821 2838 877 2881 sua
926 2828 957 2882 et
969 2822 1029 2883 hoe
1042 2822 1162 2882 ehieerc
1188 2821 1356 2897 studuisse;
1378 2840 1412 2882 ac
1434 2821 1594 2881 nonnullis
1617 2821 1695 2881 adeo

114 2914 231 2993 utrique
243 2912 416 2973 uoluntate.
431 2911 511 2972 Nam
534 2912 626 2988 Deus,
642 2929 714 2971 cum
736 2911 776 2971 sit
789 2912 877 2972 valde
926 2913 1102 2993 prestitisse
1115 2913 1212 2993 quise
1225 2913 1401 2974 tractabiles
1418 2911 1619 2992 praehuerint.
1638 2914 1696 2973 Cui

114 3004 220 3082 bonus,
236 3006 273 3065 in
294 3003 434 3082 utrisque
452 3020 560 3083 parem
582 3003 807 3082 benignitatem
829 3020 879 3063 os-
927 3004 1025 3065 simile
1037 3005 1184 3083 quiddam
1198 3005 1282 3083 leges
1303 3006 1337 3065 in
1350 3004 1479 3065 homilia
1494 3021 1545 3064 run
1568 3004 1599 3065 ia
1615 3003 1697 3065 ltet-

113 3097 215 3157 tcndit.
231 3097 304 3157 Non
317 3095 401 3156 enim
424 3112 532 3155 eorum
551 3095 605 3173 qui
630 3100 792 3156 servantur
812 3101 879 3156 tan·
928 3095 1069 3171 rheuma
1092 3097 1131 3157 de
1155 3096 1314 3157 obduratis
1335 3098 1441 3157 auimo
1460 3096 1586 3165 ludaeis.
1604 3113 1694 3174 quos,

113 3190 270 3250 tummodo
285 3189 429 3248 misertus
443 3192 507 3261 est3
523 3187 679 3248 sedetiam
692 3187 877 3263 Pharaonis,
927 3193 1080 3268 quantum
1095 3188 1208 3268 inipso
1228 3188 1298 3256 fuit,
1323 3189 1484 3250 meliorem
1498 3187 1536 3247 ad
1558 3194 1696 3249 mentem

113 3288 261 3360 quantum
274 3281 308 3341 in
321 3281 387 3359 ipso
398 3279 466 3340 luit.
484 3279 602 3358 Quippe
620 3279 762 3341 eamdent
776 3284 806 3339 et
819 3278 876 3355 illi,
928 3286 1106 3343 convertere
1118 3281 1248 3357 studuit,
1262 3301 1297 3342 ac
1311 3301 1433 3342 sanare.

112 3376 206 3436 ctiste
218 3373 400 3454 patientiam
415 3371 534 3451 experti
553 3379 636 3432 suut.
653 3372 741 3444 Quod
762 3373 786 3432 si
799 3371 879 3432 salu·
968 3375 1025 3435 IV.
1049 3373 1181 3453 cyrillus
1201 3374 1430 3435 Alexandrinus
1456 3371 1536 3433 libro
1561 3374 1696 3434 seeundo
1755 3417 1832 3474 „mm

111 3471 170 3527 tem
185 3468 306 3527 Pharao
326 3469 449 3525 nonest
470 3464 610 3543 arleptus,
625 3469 727 3524 totum
745 3463 778 3525 id
796 3463 878 3525 illius
927 3463 968 3525 ud
978 3465 1197 3545 Imperatrr‘ccs,
1214 3465 1303 3526 illum
1319 3466 1457 3546 Apostoli
1477 3467 1582 3527 loeum
1601 3466 1696 3543 expli·
1722 3471 1866 3518 Alexandrini

111 3559 262 3621 voluntati
275 3557 475 3619 tribuendum
488 3561 536 3617 est
557 3576 564 3616 :
585 3574 657 3617 eum
671 3556 750 3617 nihil
763 3556 878 3633 miuus,
930 3556 1031 3634 eans’,
1047 3557 1080 3617 in
1104 3575 1166 3636 qtae
1195 3558 1249 3619 Dei
1271 3558 1372 3619 hlium
1388 3560 1431 3619 ait
1452 3559 1698 3621 communicasse

111 3670 202 3733 quam
216 3654 271 3733 qui
295 3650 426 3711 salutem
448 3648 578 3711 assecuti
600 3654 683 3743 sum,
699 3666 880 3738 eoncessum
930 3648 1026 3727 carni,
1041 3656 1072 3711 et
1092 3649 1247 3727 sanguini,
1266 3659 1300 3711 ut
1317 3670 1371 3732 per
1390 3658 1512 3713 mortem
1535 3650 1697 3714 destrueret

144 3866 165 3907 e
184 3853 338 3907 Cuarsosr.
350 3847 425 3905 hom.
443 3849 635 3904 aristolaus.
656 3839 766 3908 Πῶιοθν
781 3845 880 3917 φωτίζει
967 3847 984 3903 ό
1002 3846 1229 3904 ldembom.xr1
1246 3848 1273 3903 {n
1288 3848 1368 3919 epist.
1387 3846 1429 3905 ud
1443 3853 1522 3905 hore,
1542 3849 1573 3903 Et
1583 3843 1700 3904 οὖνπάν-

110 3937 188 3990 τάντα
201 3935 348 4006 tuliparum
360 3933 389 3986 τό
402 3950 430 4003 γε
442 3929 475 3992 εές
489 3930 561 3984 abror
576 3926 646 3998 ἧκον.
662 3928 683 3982 εἰ
697 3931 724 3982 δέ
738 3947 799 3990 τινες
811 3928 880 3982 ἐκόν-
930 3948 969 3992 τες
978 3930 1099 4003 ἥμαρτον,
1114 3937 1166 3993 πῶς
1176 3930 1200 3984 οἱ
1215 3930 1257 4004 μὲν
1274 3933 1410 4000 ἐσώθησαν,
1425 3933 1487 3987 οἶδὲ
1506 3933 1651 4001 ἀπώλοντο,
1662 3935 1700 3987 ότι

111 4037 147 4081 τες
159 4018 217 4080 τοὺς
230 4020 275 4083 τῆς
284 4015 393 4076 διανοίας
406 4013 545 4085 όρθαλμοθς
559 4013 685 4085 μύσαντες,
704 4012 736 4084 μη
753 4012 881 4083 βούλοιντο
932 4013 965 4086 μὴ
975 4014 1062 4077 πάντες
1074 4014 1217 4086 προσελθεῖν
1229 4014 1408 4083 ᾗθουληθησαν.
1424 4017 1458 4078 ὣς
1469 4019 1526 4088 τόγε
1534 4011 1608 4071 ahtau
1617 4018 1699 4090 μέρος,

110 4099 290 4173 παραδέξασθαι
311 4102 353 4151 τοῦ
374 4097 453 4169 φωτός
466 4097 554 4151 τούτου
575 4095 618 4159 τάς
640 4095 754 4158 ἀκτένας,
775 4092 803 4147 ob
818 4093 883 4167 παρά
932 4097 1081 4163 διεσώθησαν
1096 4099 1208 4159 ἅπαντες.
1223 4097 1320 4171 καὶγὰρ
1333 4097 1466 4167 ἐκλήθησαν
1480 4101 1592 4163 ἅπαντες.

111 4182 152 4250 τὴν
165 4189 210 4237 τοῦ
225 4182 301 4255 ροτός
309 4181 377 4252 φύσιν
390 4179 405 4248 ἡ
417 4181 535 4241 subreton
550 4177 663 4245 ἐκείνοις,
679 4177 744 4231 ἀλλὰ
758 4174 824 4248 παρὰ
838 4175 882 4243 τὴν
969 4179 1061 4236 olbid.
1076 4196 1145 4237 tets.
1157 4181 1201 4236 29.
1213 4180 1291 4234 Πόθεν
1306 4177 1348 4234 οὖν
1365 4181 1439 4255 οἱμὲν
1454 4182 1526 4251 σκευή
1541 4182 1624 4256 ἀργῆς,
1640 4183 1664 4236 ol
1676 4183 1702 4237 et

110 4267 260 4339 κακουργέαν
291 4271 341 4318 τῶν
373 4263 453 4318 ἐκοντλ
485 4262 685 4334 ἀποστερούντων
712 4259 812 4322 ἑαυτοὺς
840 4263 884 4326 τῆς
934 4260 1031 4332 ἐλέους;
1047 4263 1095 4317 ἀπό
1109 4265 1273 4336 προαιρέσεως
1287 4263 1384 4328 οἰκείας.
1401 4265 1414 4317 ό
1429 4264 1455 4318 δέ
1469 4266 1522 4327 θεὸς
1531 4267 1624 4338 σφόδρα
1639 4265 1703 4338 ἀγα-

111 4350 212 4422 θωρεᾶς.
239 4348 257 4416 ἦ
287 4347 329 4420 μὲν
351 4347 398 4421 γὰρ
418 4348 489 4420 χάρις
516 4346 549 4408 εἰς
573 4347 664 4406 τάντας
680 4342 816 4417 ἐκκέχυται,
841 4341 885 4396 οθκ
933 4346 974 4408 θός
987 4349 1021 4399 ὢν
1042 4344 1079 4399 ἐπ’
1094 4347 1238 4419 ἀμφοτέρων
1253 4348 1297 4416 τὴν
1318 4347 1392 4416 αθτὴν
1412 4345 1571 4402 ἐπιδείκνυται
1592 4351 1703 4421 χρηστό-

116 4432 263 4497 Ἰουδαῖον,
289 4431 338 4504 οθχ
359 4432 460 4498 ἐλληνσι,
481 4430 510 4484 οὐ
534 4430 665 4502 βάρόαρον,
680 4428 708 4481 οὺ
724 4426 825 4499 Σκθθην,
842 4426 885 4479 οὐκ
934 4448 1004 4498 τητα,
1016 4430 1063 4483 11111
1077 4429 1124 4502 γὰρ
1137 4430 1194 4503 οθχ1
1203 4431 1259 4492 τοθς
1269 4433 1422 4503 σωζομένους
1433 4431 1522 4500 ἠλέησε
1537 4434 1623 4504 μόνον,
1639 4431 1703 4484 ἀλλά

112 4515 251 4589 ἐλευθέραν,
266 4513 294 4567 σθ
309 4508 408 4579 δοῦλον,
423 4513 467 4567 οὐκ
490 4514 577 4585 ἄνδρα,
596 4512 623 4565 οθ
635 4514 751 4584 γυναῖκα,
767 4510 795 4564 οὺ
810 4529 885 4581 upsa—
934 4514 974 4566 καλ
989 4514 1030 4567 τὀν
1045 4513 1150 4585 Φαραὼ,
1166 4516 1223 4585 τόγε
1237 4509 1311 4568 αθτοῦ
1322 4516 1403 4586 μέρος.
1417 4518 1460 4582 τῆς
1468 4515 1515 4587 γὰρ
1527 4514 1601 4582 αὐτῆς
1609 4534 1704 4587 μακρο-

112 4600 197 4668 όθτην,
214 4598 244 4653 οὗ
260 4599 314 4651 νέον
328 4597 539 4669 ἀποστρεφομένη,
563 4597 655 4657 πάντας
674 4594 699 4648 δέ
718 4593 810 4665 ὁμοίως
822 4613 886 4665 προ·
934 4595 1019 4668 θυμίας
1032 4596 1149 4663 κάκεῖνοι,
1164 4598 1204 4650 καθ
1225 4590 1296 4661 οὗτος
1309 4597 1461 4665 ἀπήλαυσαν.
1478 4597 1508 4651 Et
1522 4597 1549 4651 bt
1564 4597 1597 4670 μὴ
1613 4595 1702 4666 ἐσώθη,

111 4684 224 4755 σιεμὲνη,
240 4680 281 4734 καθ
297 4679 358 4752 μετὰ
382 4684 425 4748 τῆς
444 4678 499 4747 ἴσης
523 4679 632 4732 καλοῦσα
644 4681 724 4749 τιμῆς.
747 4674 771 4729 οἱ
792 4676 818 4729 δὲ
843 4674 887 4729 οὐκ
935 4677 1002 4750 παρὰ
1015 4676 1059 4747 τὴν
1074 4674 1149 4733 αὐτοῦ
1163 4680 1263 4752 γνώμην
1285 4680 1314 4734 τό
1333 4682 1382 4734 πᾶν
1398 4681 1431 4744 ὡς
1451 4682 1509 4752 τόγε
1534 4679 1566 4745 εἰς
1586 4680 1628 4734 τόν
1650 4680 1703 4734 θεόν

113 4763 240 4827 ἐθέλοντες
256 4763 393 4818 ἀπολαῦσαι
414 4766 456 4831 τῆς
469 4763 561 4836 δωρεᾶς
575 4761 672 4830 ταθτης,
693 4758 787 4823 ἑαυτοῖς
799 4759 887 4812 δίκαιοι
936 4757 1007 4830 ἧκον,
1022 4761 1091 4815 οὐδὲν
1102 4760 1203 4817 ἔλαττον
1213 4764 1381 4816 διασωθέντων
1390 4761 1473 4836 ἔσχεν.

111 4848 203 4919 ταότην
219 4849 251 4901 ἂν
273 4840 320 4900 εἶεν
334 4845 480 4918 λογίσασθαι
494 4843 538 4914 τὴν
558 4844 679 4916 πόρωσιν.
702 4839 822 4914 ὅτανγὰρ
845 4843 887 4909 τόν
972 4842 994 4900 d
1013 4844 1159 4901 Caursosr.
1173 4860 1244 4902 vers.
1265 4846 1292 4902 5.
1318 4843 1394 4899 ’uua
1408 4850 1482 4900 τοῦτο
1496 4844 1588 4913 δηλῶν,
1601 4847 1639 4900 ὅτι
1662 4845 1707 4900 oda

113 4930 212 4986 εἰσόδου
227 4932 303 4985 πᾶσιν
325 4927 489 5002 ἀνεῳγμένης,
510 4927 551 4981 καλ
567 4927 668 4999 μηθένσς
681 4928 725 4980 τοῦ
750 4922 887 4985 κωλύοντος
939 4925 1014 4980 αθτοθ
1029 4929 1105 5001 μόνον
1120 4925 1170 4983 ἐστὶ
1193 4929 1287 4994 botrus,
1303 4927 1368 4982 ἀλλὰ
1385 4927 1427 4982 καὶ
1440 4934 1490 4984 τῶν
1519 4927 1707 5002 ἀγωνιζομένων

113 5013 197 5079 ὄντος,
228 5011 426 5072 ἕθελοκακοῦντές
447 5028 509 5072 τινες
534 5008 581 5077 ἐξω
604 5009 705 5081 μένωσι,
728 5004 787 5079 παρ’
801 5003 889 5059 statu
938 5008 1032 5064 λαθεῖν.
1054 5009 1084 5063 ht
1105 5009 1152 5083 γάρ
1174 5008 1248 5064 atros
1269 5012 1345 5082 μόνου
1368 5007 1408 5080 ἦν,
1434 5011 1523 5081 πάντις
1541 5010 1663 5084 ἀνθρωττοι
1677 5013 1706 5065 ἂν

113 5095 211 5168 ἕτερον,
229 5093 287 5149 ἀλλ’
310 5095 326 5162 ἢ
348 5094 414 5166 τιαρά
428 5092 471 5162 τὴν
491 5092 581 5147 οἰκείαν
604 5091 721 5164 τονηρέαν
737 5087 888 5149 ἀπόλλυνται
940 5089 1075 5161 ἐσώθησαν,
1090 5093 1131 5146 καθ
1145 5091 1178 5155 εἰς
1192 5091 1323 5165 ἐτιέγνωσιν
1338 5093 1448 5163 ἀληθεέας
1461 5090 1546 5164 ἦλθον.

114 5181 203 5250 μόνον.

141 5349 150 5393 1
164 5351 217 5394 ttot.
229 5360 264 5403 τι,
273 5346 308 5395 ⁴3³.
317 5371 345 5381 -
356 5346 442 5392 tttctr.
451 5357 478 5398 u,
492 5345 523 5391 ll.

283 5428 360 5489 Teu.
384 5427 434 5486 Vl.
