4104 6160
621 327 672 388 os
692 327 992 405 rueaauarrous,
1018 328 1090 389 un
1112 328 1167 405 vr,
1193 327 1277 390 ear.
1299 328 1340 388 ιι.
1738 329 1775 386 rs

190 489 353 550 dimitam
367 491 651 553 autemduabusex
664 491 803 572 personis
817 492 960 572 nihilper
1010 493 1133 573 dialogo
1157 492 1192 555 de
1216 492 1365 555 Trioitote
1381 492 1516 573 primo²,
1541 499 1572 553 et
1584 491 1663 571 libro
1683 491 1775 552 tertio

191 600 222 643 se
235 581 364 643 mnilari
389 584 486 662 possit
514 602 625 658 unum,
652 584 707 646 sed
734 603 773 646 ex
800 585 959 646 accidente
1009 594 1111 646 contro
1125 584 1375 663 Nestorium⁸,iu
1398 586 1463 645 Deo
1478 584 1586 645 statuit
1596 583 1776 664 hypostases

11 726 12 767 ,
191 674 352 748 duntaxat,
367 680 400 736 et
412 676 575 755 ejusmodi,
601 683 637 738 ut
650 695 770 752 revera,
795 677 875 739 etin
894 695 960 739 sese
1009 685 1086 748 tres,
1110 683 1141 739 et
1166 678 1305 752 unicam,
1336 696 1372 739 ac
1397 676 1586 756 singularem
1612 680 1774 750 naturam,

11 812 12 821 ,
192 765 230 826 sit
254 765 435 847 multiplex,
464 767 510 829 uti
538 769 635 849 oepha
661 787 746 831 nono
770 769 840 830 libri
866 768 960 848 hujus
1009 770 1094 849 quod
1106 776 1175 831 tum
1187 771 1222 830 in
1237 768 1372 831 Ecclesia
1385 775 1544 849 receptum
1564 769 1624 829 hoc
1637 773 1727 843 esset,
1740 773 1776 827 ut

11 832 13 925 l
48 882 170 938 namu.
192 859 397 921 ostendimus:
415 859 484 922 ideo
498 861 713 922 Nestorianam
729 861 816 922 illam
829 870 959 940 συνάφειαι
1008 861 1189 943 hypostases
1204 870 1265 924 tres
1284 862 1384 923 Graeci
1406 861 1579 942 praesertim
1592 860 1775 941 profiteren-

80 948 130 981 m
191 956 366 1012 constanter
388 953 507 1033 respuit
533 953 685 1034 cyrillus,
713 970 811 1033 eaque
836 953 961 1033 negarit
1010 957 1080 1030 tur;
1110 974 1187 1034 quas
1203 954 1304 1015 Latini
1312 972 1460 1034 personas
1473 954 1576 1032 potius
1587 958 1665 1029 tres,
1682 969 1775 1032 quam

193 1061 292 1104 unum
303 1043 555 1119 heriOhristum,
571 1052 603 1107 et
623 1064 724 1107 unum
750 1045 867 1106 filium:
896 1045 960 1106 imo
1009 1047 1206 1126 hypostases,
1250 1053 1304 1107 aut
1332 1046 1542 1107 subsistentias
1567 1044 1773 1118 nominarent,

191 1153 248 1198 nee
274 1155 376 1198 unum
402 1137 521 1218 aliquid
547 1138 689 1218 proprie,
708 1157 744 1199 ae
757 1137 958 1215 simpliciter:
1010 1138 1092 1199 utin
1117 1138 1292 1200 eodemillo
1306 1138 1385 1199 libro
1404 1137 1546 1218 pluribus
1565 1135 1774 1216 exposuimus.

191 1227 270 1307 quin
283 1246 322 1289 ex
337 1228 390 1290 tali
412 1229 641 1308 conjunctione,
663 1230 783 1292 ludicra
804 1229 958 1303 videlicet,
1051 1231 1109 1291 IX.
1131 1230 1339 1294 Memorabilis
1365 1235 1412 1291 est
1434 1230 1473 1291 de
1495 1228 1548 1290 illa
1569 1236 1622 1291 καθ’
1644 1236 1776 1292 ὑπόστασιν
1801 1254 1950 1303 amman,

192 1320 459 1382 assimulatuduas
468 1321 673 1383 nihilomiuus
682 1322 810 1384 existere
820 1327 957 1396 naturas,
1011 1322 1247 1384 unitioneloeus
1258 1309 1380 1401 Eulogii
1391 1320 1593 1382 Alexandrini
1602 1319 1685 1401 apud
1700 1320 1777 1381 Pho
1816 1308 1934 1411 fiuffiffi

192 1416 223 1471 ot
232 1411 426 1493 hypostases,
437 1413 568 1476 seorsim
576 1432 632 1495 per
641 1433 734 1495 seque
748 1414 958 1484 consistentes,
1010 1413 1102 1492 bum,
1118 1415 1152 1475 iu
1166 1433 1228 1495 quo
1240 1415 1345 1487 docet,
1362 1433 1377 1471 o
1391 1413 1555 1492 plerosque
1568 1418 1709 1473 veterum
1723 1413 1778 1473 Pu·

193 1507 223 1563 et
235 1521 343 1566 revera
356 1505 538 1583 disjunctas.
555 1507 678 1588 Alioqui
696 1507 722 1567 si
740 1524 837 1567 unam
850 1506 962 1568 tactam
1011 1511 1097 1567 trum
1110 1525 1175 1568 non
1198 1507 1300 1568 solum
1313 1514 1396 1581 ante,
1422 1505 1477 1566 sed
1490 1506 1584 1566 etiam
1597 1510 1667 1584 post
1679 1503 1776 1584 Ephe·

192 1614 448 1676 essepersonam,
458 1597 624 1677 bonafide,
636 1605 668 1661 et
680 1618 719 1660 ex
733 1599 962 1661 catholicorum
1011 1600 1112 1660 sinam
1139 1600 1315 1680 synodum,
1339 1597 1513 1659 istiusmodi
1535 1615 1607 1659 voce
1634 1615 1697 1658 non
1726 1615 1779 1659 eos

192 1706 283 1750 sensu
293 1690 451 1751 Nestorius
465 1692 679 1767 existimasset,
691 1710 755 1752 non
765 1691 796 1751 id
809 1690 963 1753 infiourus
1006 1692 1139 1771 ,qeridem
1161 1709 1233 1753 usos
1250 1710 1328 1768 esse,
1356 1691 1410 1751 sed
1432 1689 1628 1750 tantumdem
1641 1689 1779 1751 valentes

191 1786 270 1842 esset
283 1782 430 1861 cyrillus,
453 1785 508 1863 qui
523 1803 620 1846 unam
644 1782 761 1845 Christi
782 1800 959 1863 personam,
1011 1784 1197 1857 adhibuisse,
1226 1790 1257 1844 et
1284 1783 1426 1845 eamdem
1450 1800 1506 1862 per
1530 1781 1599 1841 illas
1618 1781 1779 1843 tradidisse

191 1871 265 1933 adias
278 1874 435 1936 confessus
448 1881 512 1937 est:
532 1883 569 1937 ut
588 1877 622 1938 in
644 1877 813 1957 posteriore
832 1873 871 1935 nd
882 1876 961 1937 Sue·
1011 1877 1163 1955 dogmatis
1172 1877 1372 1956 pietatem»
1381 1874 1469 1949 Quod
1482 1873 1670 1953 Ephesinam
1679 1875 1780 1954 ipsam

192 1982 299 2025 cenum
312 1964 471 2046 epistols¹.
1010 1967 1118 2030 fecisse
1138 1969 1296 2049 synodum
1322 1960 1441 2029 asserit.
1467 1966 1532 2027 lmo
1559 1972 1591 2027 et
1615 1968 1781 2046 ipsummet

232 2056 321 2118 Nune
343 2058 420 2120 illud
434 2058 552 2120 attendi
573 2058 679 2135 velim,
702 2058 848 2121 eumdem
861 2056 961 2136 Gyril-
1012 2060 1167 2139 cyrillum
1194 2078 1267 2121 cum
1286 2059 1493 2120 Orientalibus
1511 2059 1644 2137 gratiam
1658 2065 1689 2120 et
1702 2078 1779 2121 con·
1895 2066 1899 2073 '

192 2146 269 2223 lum,
285 2148 341 2229 qui
355 2168 503 2230 personas
513 2151 589 2211 duas
603 2150 636 2211 in
651 2151 770 2212 Christo
782 2149 962 2211 convenisse
1011 2152 1151 2214 cordiam
1160 2152 1306 2213 resarcire
1316 2152 1480 2228 volentem,
1496 2151 1680 2212 abstinuisse
1693 2151 1779 2213 locu·

192 2249 296 2319 umet,
311 2241 356 2303 ita
368 2248 404 2302 ut
419 2248 488 2323 post
497 2242 748 2322 oonjrmotionem
762 2261 827 2303 una
838 2246 962 2302 tantum
1012 2245 1096 2306 tione
1111 2245 1182 2320 ista,
1195 2262 1313 2324 proque
1326 2244 1385 2305 hac
1398 2243 1474 2304 alias
1488 2244 1624 2304 notionis
1640 2242 1779 2322 ejusdem

192 2351 323 2412 persona
340 2333 452 2410 fuerit3
471 2332 566 2416 (quod
585 2335 742 2396 Nestorius
755 2330 959 2413 affirmabatl:
1012 2353 1187 2416 usurpasse.
1199 2337 1393 2397 Suntautem
1406 2334 1568 2414 ejusmodi,
1586 2336 1669 2414 quod
1683 2340 1778 2397 natu-

193 2424 374 2505 hypostases
386 2432 492 2489 tamen
504 2445 570 2487 non
579 2427 702 2489 diffiteri
711 2426 868 2507 copulatas
881 2425 962 2486 inter
1011 2429 1148 2489 rasduas
1157 2427 1396 2489 itaconeurrisse
1404 2427 1541 2488 dicerent
1552 2424 1733 2502 Orientales,
1744 2433 1781 2488 ut

193 2534 225 2577 se
239 2517 327 2592 duas,
343 2537 415 2599 quoe
438 2526 507 2598 post
528 2519 702 2581 unitionem
727 2537 792 2581 uon
805 2517 867 2579 sint
880 2518 960 2588 duae,
1012 2537 1122 2581 earum
1133 2529 1218 2590 ἕνωσις
1232 2519 1311 2581 faeta
1325 2519 1375 2596 sit,
1392 2519 1425 2580 id
1437 2518 1597 2592 estruitio,
1613 2537 1686 2580 vera
1697 2520 1779 2580 scili·

193 2608 247 2670 sed
266 2628 332 2671 uua
353 2611 516 2672 duntaxat.
540 2613 587 2671 Ex
611 2628 673 2690 quo
693 2610 892 2691 perspicuum
905 2617 960 2685 est,
1012 2618 1071 2689 cet,
1087 2617 1118 2673 et
1129 2630 1193 2672 non
1206 2610 1429 2688 commentitia,
1439 2610 1540 2691 qualis
1554 2616 1620 2671 erat
1634 2610 1686 2672 illa
1699 2612 1778 2673 Nes·

192 2709 327 2767 tatotaau
357 2721 421 2764 non
445 2722 502 2783 pro
529 2720 680 2784 persona,
714 2703 765 2765 vel
803 2701 962 2782 supposito
1012 2705 1103 2766 torii:
1128 2709 1197 2766 tum
1210 2704 1293 2783 quod
1307 2703 1453 2765 eumdem
1468 2702 1580 2764 Filium
1602 2703 1659 2764 Dei
1675 2705 1781 2784 unige-

194 2794 283 2856 illum
296 2812 471 2875 usurpasse,
496 2801 551 2857 aut
570 2814 606 2856 ea
620 2796 753 2875 denique
778 2794 959 2866 substantia,
1012 2798 1127 2875 nitum,
1139 2803 1170 2859 et
1182 2815 1221 2858 ex
1230 2798 1323 2857 Patre
1330 2795 1471 2876 genitum
1481 2802 1554 2857 ante
1562 2795 1685 2869 saecula,
1702 2804 1734 2858 et
1747 2797 1780 2857 in

194 2904 263 2967 qna
276 2887 464 2949 subsistendi
487 2888 578 2949 modo
593 2888 738 2967 perfecta,
763 2886 963 2966 eteompleta
1013 2895 1153 2969 tempore
1188 2907 1227 2951 ex
1261 2894 1362 2951 matre
1401 2888 1573 2949 secundum
1610 2889 1780 2950 humanam

193 2978 248 3041 sit:
275 2978 330 3041 sed
343 2997 400 3060 pro
420 2985 534 3041 natura
555 2979 715 3059 singulari,
744 2986 775 3041 et
788 2980 959 3041 existente:
1012 2986 1158 3042 naturam
1170 2981 1318 3054 dicerent,
1333 2980 1464 3059 ideoque
1477 2988 1590 3041 νεοτόκον
1602 2981 1637 3041 Β.
1649 2980 1781 3043 Mariam

194 3090 288 3150 quam
297 3078 329 3132 et
337 3077 406 3152 φύσιν
418 3072 571 3133 nominat.
579 3070 760 3150 Cujusmodi
769 3072 844 3133 dum
854 3089 961 3147 uuam,
1013 3078 1226 3153 agnoscerent,
1244 3077 1274 3133 et
1288 3072 1320 3132 id
1334 3090 1432 3151 genus
1446 3070 1522 3146 alia:
1539 3090 1609 3151 qtae
1623 3071 1700 3133 citro
1717 3092 1781 3134 eoo·

195 3163 248 3224 sed
276 3163 472 3225 incarnatam
487 3169 555 3243 post
582 3164 757 3225 unitionem
784 3182 850 3225 esse
877 3162 960 3238 dicit,
1006 3164 1174 3246 junctionis
1194 3165 1227 3226 in
1247 3163 1398 3245 hypostasi
1411 3164 1603 3225 mentionem
1616 3164 1656 3226 ab
1668 3165 1780 3227 Orien-

193 3255 321 3335 perinde
335 3263 380 3318 est
393 3275 430 3318 ac
452 3257 479 3317 si
496 3264 629 3320 ὑπόστασιν
654 3273 751 3317 unam
772 3257 962 3317 incarnatam
1013 3257 1125 3318 talibus
1134 3275 1276 3337 expressa
1286 3257 1422 3317 multum
1431 3274 1483 3318 eos
1492 3255 1532 3317 ub
1545 3256 1678 3317 Nestorii
1691 3276 1783 3319 eausa

196 3347 320 3410 diceret.
334 3349 507 3428 Utrobique
521 3349 605 3410 enim
619 3348 715 3410 Verbi
728 3354 859 3421 natura,
872 3348 905 3409 id
918 3353 964 3408 est
1014 3350 1227 3430 segregabant,
1251 3367 1288 3410 ac
1301 3354 1465 3428 propterca
1477 3348 1655 3425 laudantur,
1671 3354 1783 3430 etpro-

195 3439 337 3502 divinitas
347 3441 502 3520 personali
521 3440 628 3503 affecta
643 3441 831 3521 proprietate
844 3439 960 3502 Verbi:
1014 3448 1196 3523 pugnantur
1219 3441 1364 3520 aCyrillo
1378 3440 1525 3501 adversus
1548 3441 1688 3519 iniquam
1702 3459 1784 3502 non·

195 3533 330 3613 sivequa
347 3533 438 3596 Verbi
452 3535 643 3614 propriaest,
655 3533 848 3611 intelligitur.
858 3534 963 3612 Neque
1015 3534 1175 3595 nullorum
1203 3532 1401 3594 calrrmniam.
1432 3531 1509 3592 Vide
1533 3533 1664 3593 loannis
1689 3532 1785 3612 ipsius

196 3643 267 3686 rere
279 3644 405 3688 necesse
425 3632 482 3699 est,
499 3633 534 3686 ut
547 3625 812 3705 quemadmodum
825 3624 859 3686 in
871 3625 963 3686 rebus
1015 3624 1177 3706 epistolam
1187 3622 1228 3685 od
1243 3621 1408 3704 Cyrillum,
1423 3627 1455 3684 et
1467 3622 1562 3701 hujus
1571 3622 1611 3684 od
1623 3623 1783 3699 Aeacium3

196 3718 314 3795 creatis,
340 3717 551 3797 multiplicatis
574 3718 726 3798 personis,
740 3718 803 3779 sive
816 3735 964 3798 persona*
1016 3716 1294 3779 commonitorium
1306 3716 1382 3778 item
1395 3714 1492 3795 ipsius
1505 3714 1546 3778 od
1562 3715 1738 3797 Eulogium,
1755 3721 1787 3777 et

196 3808 275 3871 libus
299 3809 562 3890 proprietatibus,
590 3815 713 3872 naturas
737 3809 908 3890 singulares
935 3815 966 3873 ct
1016 3811 1077 3872 alia
1103 3809 1134 3871 id
1158 3828 1257 3888 genus
1280 3807 1439 3888 opuscula,
1467 3826 1537 3886 quoe
1550 3808 1632 3870 inter
1644 3809 1786 3889 epistolas

197 3900 364 3962 individuas
388 3901 655 3982 multiphcantar:
686 3903 731 3963 ita
754 3903 818 3963 Deo
836 3902 966 3963 totidem
1016 3902 1100 3964 illius
1113 3906 1245 3977 exstant,
1260 3901 1295 3962 in
1314 3900 1427 3981 quibus
1440 3900 1643 3962 Orientalium
1662 3918 1787 3963 calisam

197 3993 258 4054 sint
279 3993 338 4054 sub
352 3994 463 4056 eadem
476 3996 576 4073 specie
589 4000 710 4056 naturae
731 3994 860 4071 divinae,
889 4000 966 4073 quot
1016 4013 1053 4057 ac
1064 3993 1289 4074 professionem
1301 3999 1418 4055 tuetur.

197 4085 966 4167 suntmodisubsistendi3adcouthypostasissquoe·
1058 4085 1238 4167 Hypostasis
1262 4085 1448 4147 vocabulum
1478 4086 1589 4148 eodem
1614 4104 1724 4164 sensu,
1753 4105 1788 4148 ae

197 4175 272 4238 libet
287 4196 378 4239 suam
391 4179 439 4239 uti
459 4179 693 4258 proprietatem,
715 4180 758 4239 sic
772 4178 866 4240 etiam
879 4187 967 4241 natu·
1004 4178 1109 4259 -plane
1133 4178 1279 4240 barretieo
1302 4178 1425 4240 videtur
1445 4178 1592 4257 Origenes
1612 4196 1786 4260 usurpasse,

199 4287 265 4330 ram
279 4269 406 4331 hebeat.
423 4271 489 4331 Hoc
510 4271 596 4332 enim
609 4271 643 4331 iu
667 4272 729 4332 [leo
742 4270 897 4351 peculiare
909 4275 965 4347 est,
1018 4289 1075 4351 pro
1100 4278 1210 4331 tratura
1236 4268 1387 4351 anguini
1407 4270 1441 4330 in
1465 4276 1572 4331 oemvo
1590 4270 1671 4331 libro
1688 4278 1788 4331 contro

198 4368 235 4421 ut
247 4379 311 4423 una
323 4361 470 4442 simplex,
483 4367 515 4423 et
533 4362 707 4437 individua,
723 4363 893 4443 eademque
906 4381 967 4423 uu·
1021 4361 1157 4438 Celsum3
1179 4362 1234 4423 ubi
1248 4363 1291 4424 sie
1308 4361 1456 4442 loquitur.
1475 4382 1491 4421 u
1509 4361 1658 4438 Colimus,
1675 4361 1786 4440 inquit,

199 4470 298 4531 mero,
315 4471 353 4514 ao
380 4452 482 4534 speeie
507 4461 629 4530 natura,
657 4460 688 4517 et
714 4472 754 4516 ex
766 4455 969 4535 antiquorum
1019 4456 1145 4517 Patrem
1171 4454 1327 4531 veritatis,
1355 4459 1387 4515 et
1409 4453 1521 4515 Filium
1545 4453 1683 4516 veritatis
1714 4454 1787 4535 (eor.

200 4562 271 4620 usn,
287 4545 382 4607 ctiam
405 4546 578 4626 hypostasis
605 4564 684 4615 una,
706 4546 849 4608 subsistat
869 4545 969 4607 tribus
1018 4544 1192 4626 veritatem)
1222 4564 1292 4626 qam
1318 4563 1368 4606 res
1396 4544 1467 4606 duae
1493 4549 1567 4605 sunt
1593 4545 1786 4625 hypostasi:

202 4637 318 4714 modis,
334 4642 366 4699 et
378 4638 411 4698 in
424 4639 564 4718 personis
589 4638 696 4698 tribus.
713 4637 801 4711 Quod
811 4637 845 4698 in
858 4642 969 4717 quarto
1021 4655 1121 4698 unum
1133 4655 1207 4699 vero
1222 4636 1395 4705 concordia,
1410 4653 1573 4709 consensu,
1589 4641 1621 4697 et
1632 4636 1789 4699 identitate

200 4727 237 4789 cle
274 4728 300 4790 Τ
297 4729 423 4791 :initote
453 4729 534 4790 libro
565 4731 812 4792 demonstratum
846 4735 907 4805 est;
939 4741 971 4791 et
1020 4729 1190 4791 voluntatis
1210 4727 1257 4791 ὗ.»
1279 4728 1367 4802 Quod
1390 4727 1516 4808 quidem
1539 4746 1659 4791 meram
1671 4729 1790 4792 redolet

201 4820 337 4900 cyrillus
351 4822 417 4903 ipse
441 4822 527 4883 haud
547 4821 676 4884 obscure
693 4822 844 4898 declarat,
866 4820 969 4902 quiin
1022 4822 1214 4902 impietatem
1222 4820 1329 4881 Ariani
1343 4820 1506 4899 dogmatis.

238 5015 261 5055 o
277 5000 375 5056 Eam
404 4999 479 5072 apud
507 4998 585 5056 Phot.
611 4999 674 5057 eod.
696 5016 770 5058 xxrr.
794 5000 904 5054 Διικνυσι
923 4999 971 5072 γὰρ
1059 5000 1174 5057 bOare.
1197 4999 1257 5057 Vlll
1280 4998 1470 5057 coutrocels.
1490 5000 1659 5075 θρησκεόομεν
1683 4999 1727 5056 oto
1745 5002 1788 5058 τὸν

201 5082 308 5147 alleba
319 5089 371 5138 τῶν
380 5082 457 5155 ἁγίων
470 5083 583 5155 noviper
592 5082 702 5157 obptror
711 5083 759 5157 apt
772 5087 815 5152 τῆς
826 5080 850 5136 ἐν
870 5082 970 5154 Ἐφέσῳ
1020 5084 1114 5156 πατέρα
1126 5087 1170 5150 τῆς
1183 5081 1304 5150 ἀληθείας,
1322 5083 1364 5136 καὶ
1390 5082 1434 5137 τὸν
1455 5082 1507 5137 ulta
1528 5088 1571 5152 τῆς
1591 5080 1703 5155 ἀληθείας
1717 5089 1787 5154 (cor.

201 5167 315 5230 miton,
334 5165 450 5221 ἀλλὰκαὶ
463 5172 514 5221 τῶν
531 5166 584 5241 μετ’
598 5165 685 5234 αὐτὴν,
709 5171 739 5241 τῇ
759 5166 858 5240 τοιαύτῃ
883 5164 926 5238 μὲν
941 5163 970 5219 οὖ
1020 5165 1064 5234 τὴν
1078 5165 1205 5233 ἀλήθειαν)
1220 5164 1280 5220 ὄντα
1288 5164 1331 5219 tto
1341 5170 1372 5239 τῇ
1384 5165 1516 5221 ὑποστάσει
1524 5168 1666 5240 πράγματα,
1682 5168 1707 5222 ἓν
1721 5168 1789 5242 stay

200 5249 364 5321 κεκριμένως
384 5254 464 5325 φὺν-ᾖ,
484 5249 518 5304 δι’
538 5248 626 5323 tripes
647 5249 675 5303 st
697 5250 814 5323 ῥημάτων
836 5249 881 5319 τὴν
895 5246 970 5316 dclv
1019 5248 1133 5320 ὁμονοίᾳ,
1147 5247 1187 5300 καὶ
1200 5250 1231 5322 τῇ
1243 5248 1380 5322 συμφωνίᾳ,
1396 5249 1436 5303 καὶ
1452 5252 1626 5323 aptensis-qr:
1639 5255 1683 5305 τοῦ
1699 5251 1789 5323 βουλή·
1901 5312 1904 5317 ⁴

200 5332 398 5403 δογματίσαντας
410 5332 544 5388 εὖοίὸιιαν.
1021 5349 1107 5403 ματος.

230 5486 242 5529 t
256 5483 305 5540 cyr.
316 5486 340 5530 tu
353 5485 373 5531 lt
383 5485 413 5531 sd
423 5485 530 5534 Suc-‘t
547 5488 607 5533 Tou.
620 5487 671 5533 V.-
683 5486 698 5532 ³
708 5485 770 5531 Tem.
783 5484 821 5530 Vl.
