4076 6180
549 355 599 416 DE
618 351 917 430 inenuntnonn,
943 352 1016 413 LIB.
1038 352 1122 430 ΧΙΙΙ,
1148 352 1231 415 GAP.
1253 354 1321 418 vlt.
1661 360 1721 423 669

133 519 273 599 epistolas
300 520 395 581 verba
421 521 588 599 testantur,
604 539 675 601 quae
701 521 744 582 sic
761 519 901 581 habeut:
953 518 1054 598 legem
1082 523 1213 589 nature,
1241 519 1275 580 iu
1302 520 1470 582 adventum
1492 520 1605 583 Christi
1630 521 1723 585 icisse

138 613 293 686 «Quodsi
311 630 380 674 eam
394 613 591 694 suscriptum,
606 618 643 674 ut
656 614 730 688 diri,
748 611 906 674 transmit·
954 612 1243 691 salvatosteoquod
1254 612 1386 674 liberum
1401 613 1567 674 arbitrium
1581 613 1723 693 inprime

134 709 201 764 tere
215 703 367 781 nolueris,
382 711 487 784 aperte
500 706 602 767 adhuc
614 711 645 768 te
659 705 694 766 iu
707 723 812 767 errore
834 723 905 785 per·
954 708 1082 784 parente
1106 705 1315 784 perdiderint:
1332 705 1389 779 Qui
1411 705 1498 780 dicit,
1517 705 1720 775 Patriarrhas.

135 796 255 873 sistere,
265 797 334 876 ipso
348 797 470 858 silentio
481 797 698 878 comprobabis
710 818 717 859 ε
731 816 767 859 ae
776 797 906 878 proinde
954 815 991 857 ac
1012 796 1191 875 Prophetas,
1206 797 1255 859 rel
1267 815 1406 858 summos
1419 816 1559 877 quosque
1581 800 1722 861 sacerdo·

130 886 201 966 jam
224 888 435 952 necessitatem
455 889 535 950 mihi
560 890 653 952 facies
680 890 719 951 ad
741 906 906 969 personam
955 893 1035 961 tum,
1052 888 1147 950 etiam
1160 893 1233 949 ante
1247 889 1468 969 redemptionis
1480 891 1724 969 tempora,intra

135 984 226 1041 tuam
240 980 370 1060 publicis
384 981 588 1043 conventibus
603 983 829 1062 exponendam.
845 1002 860 1039 r
955 979 1134 1059 paradisum
1150 979 1279 1059 degisse.
1295 982 1368 1042 Haec
1381 983 1486 1042 omnia
1500 981 1612 1061 (lnquit
1630 982 1724 1044 Luci·

179 1070 317 1133 Lucidus
329 1078 453 1152 acceptu
466 1073 524 1134 hac
549 1072 678 1153 epistola
693 1075 726 1134 in
739 1072 856 1147 Fausti,
872 1091 908 1135 ac
956 1069 1024 1152 dus)
1040 1072 1128 1150 qnasi
1141 1071 1248 1152 impia,
1264 1077 1296 1133 et
1319 1072 1485 1150 sacrilegiis
1505 1073 1623 1153 repleta
1650 1093 1726 1135 con-

136 1167 325 1224 eaeterorum
339 1165 511 1225 antistitum
532 1171 683 1245 potestate
695 1183 761 1226 esse
774 1164 905 1226 maluit:
956 1163 1082 1225 domno.
1104 1185 1120 1222 n
1145 1165 1226 1224 Tum
1248 1165 1286 1225 iis
1305 1164 1459 1226 nonnulla
1479 1167 1634 1227 contraria
1648 1168 1725 1246 dog-

138 1272 177 1315 ac
199 1255 340 1317 libellum
353 1256 464 1317 obtulit
477 1257 597 1337 synodo
614 1275 621 1316 τ
637 1258 672 1318 in
692 1276 755 1337 quo
779 1256 908 1336 pristina
956 1261 1041 1317 mata
1055 1256 1236 1336 profitetur:
1256 1257 1334 1318 ulta
1346 1263 1451 1318 autem
1470 1275 1572 1319 assero
1592 1259 1725 1337 gratiam

124 1346 286 1425 dogmata
299 1348 909 1411 damnavit.Causamautemcelebrandi
956 1348 1024 1425 Dei,
1052 1348 1105 1423 ait,
1129 1355 1164 1410 ut
1191 1349 1335 1410 adnisum
1352 1349 1499 1419 hominis,
1529 1356 1560 1411 et
1581 1358 1726 1413 conatum

138 1437 225 1498 illius
238 1439 371 1517 concilii,
386 1458 422 1500 uc
443 1441 517 1520 quid
543 1441 577 1502 in
591 1459 628 1503 eo
650 1447 783 1520 gestum,
802 1441 907 1502 decre·
956 1439 1064 1517 gratie
1085 1457 1207 1520 semper
1220 1441 1401 1520 adjrrngam,
1424 1447 1455 1501 et
1481 1441 1657 1504 libertatem
1670 1462 1726 1506 ro-

137 1535 272 1611 tumque
285 1531 336 1609 sit,
352 1537 420 1593 tum
436 1532 558 1594 libellus
581 1534 700 1601 Lucidi‚
725 1539 793 1594 tum
807 1532 909 1593 Fausti
957 1529 1086 1592 luntatis
1105 1531 1252 1593 humanae
1273 1550 1338 1593 non
1362 1533 1545 1610 extinctam,
1566 1534 1619 1595 scd
1645 1541 1724 1599 atte-

138 1622 182 1682 ud
194 1623 363 1684 Leontium
386 1623 597 1686 Arelatensem
621 1624 908 1705 epistoladeclarat,
958 1628 1098 1694 arratam,
1121 1629 1153 1685 ct
1164 1622 1352 1685 infirmatam
1372 1641 1436 1685 esse
1456 1627 1667 1703 pronuntiem,
1695 1635 1727 1689 et

137 1712 228 1774 libris
240 1713 364 1776 duobus
374 1713 409 1776 de
424 1714 517 1776 libero
531 1715 657 1778 arbitrio
671 1716 810 1795 praelixa.
830 1716 910 1777 Nam
958 1714 1125 1793 periclitari
1137 1733 1222 1793 eum,
1232 1715 1287 1794 qui
1300 1715 1413 1790 salvus,
1428 1721 1458 1777 et
1467 1734 1541 1777 eum
1554 1719 1607 1797 qul
1617 1719 1726 1797 periit,

138 1811 273 1886 uterquc
285 1807 432 1869 adversus
446 1825 493 1884 ea,
508 1826 580 1887 quse
593 1808 724 1869 Lucidus
736 1813 828 1869 antee
840 1825 910 1888 pro
959 1806 1110 1886 potuissse
1124 1806 1247 1868 salvari.
1268 1808 1426 1868 Christum
1439 1808 1532 1869 etiam
1546 1810 1725 1887 Dominum,

137 1907 345 1979 pugnaverat,
381 1899 562 1980 synodalem
597 1901 782 1963 sententium
815 1900 910 1963 latam
959 1904 991 1960 et
1005 1897 1363 1977 Salvatorumnostrum,
1377 1907 1528 1979 quantum
1542 1903 1676 1981 pertinet
1689 1906 1728 1966 ad

138 2008 210 2053 csse
234 1991 434 2053 demonstrat.
462 1995 508 2053 Ac
533 1992 671 2071 primum
700 1994 833 2055 Lucidus
866 1993 910 2054 ita
959 1989 1081 2052 divitias
1103 1991 1250 2052 bonitatis
1276 2010 1352 2066 suae,
1377 1994 1515 2072 pretium
1537 1994 1647 2056 mortis
1670 2015 1728 2075 pro

138 2081 282 2144 libellum
300 2101 393 2144 suum
417 2101 544 2147 exorsus
556 2091 622 2146 est:
650 2085 910 2148 uCorrcctiores·
960 2082 1106 2143 omnihus
1132 2082 1289 2144 obtulisse.
1315 2085 1354 2144 Et
1378 2084 1452 2163 quia
1478 2085 1601 2146 nullum
1626 2088 1728 2167 perire

139 2180 202 2252 tra,
218 2176 302 2238 saltis
314 2175 448 2253 publicu,
463 2182 495 2238 ct
516 2177 668 2239 scutemia
686 2183 799 2255 vestra,
814 2178 911 2239 medi·
959 2173 1045 2251 velit,
1072 2174 1128 2255 qui
1162 2182 1204 2236 est
1237 2173 1377 2236 Salvator
1404 2174 1530 2236 omnium
1547 2177 1569 2251 ¹,
1599 2180 1729 2244 monime

139 2268 214 2331 cina
228 2273 283 2330 est.
308 2268 398 2330 Unde
419 2275 451 2330 et
468 2286 526 2348 ego
553 2287 714 2332 summum
737 2272 910 2333 remedium
959 2264 1119 2346 fidetium,
1148 2264 1227 2329 dites
1253 2266 1286 2328 iu
1313 2266 1483 2340 omuibus²,
1513 2274 1566 2348 qut
1593 2270 1729 2335 invocant

139 2360 235 2438 duco,
250 2365 285 2421 ut
298 2361 468 2440 prseteritos
492 2379 612 2423 errores
632 2362 803 2424 accusando
817 2381 910 2424 oxcu-
960 2357 1062 2433 illum,
1087 2363 1145 2420 etr.
1174 2358 1283 2420 Assero
1313 2360 1408 2420 etiam
1427 2378 1483 2439 per
1504 2362 1669 2437 rationem,
1699 2370 1731 2426 et

139 2470 220 2521 scm,
247 2459 279 2513 et
305 2452 460 2514 salutifera
486 2452 675 2515 confessione
700 2472 751 2515 mc
781 2454 909 2516 diluam.
960 2450 1103 2512 ordinem
1127 2451 1325 2530 seculorum,
1341 2451 1417 2513 alios
1436 2451 1504 2531 lege
1517 2454 1636 2533 gratiae,
1652 2456 1730 2519 ulios

140 2545 276 2606 Proinde
298 2546 390 2624 juxta
417 2545 602 2625 praedicandi
631 2549 769 2608 recentia
799 2551 913 2608 statuta
959 2542 1028 2622 lege
1038 2542 1175 2623 Moysis,
1195 2545 1272 2605 alios
1294 2544 1363 2623 lege
1386 2549 1518 2619 nutrire,
1533 2564 1629 2625 quam
1649 2550 1731 2611 Deus

139 2637 276 2711 concilii,
292 2637 406 2698 damno
422 2637 581 2699 vobiscum
601 2655 727 2700 sensum
740 2639 842 2717 illum,
858 2639 912 2718 qui
960 2635 994 2696 iu
1004 2635 1147 2696 omnium
1162 2636 1306 2698 cordibus
1317 2637 1448 2714 scripsit,
1464 2636 1497 2697 io
1516 2655 1571 2717 spe
1580 2639 1731 2704 adventus

140 2728 234 2804 dixit,
249 2751 265 2787 u
283 2736 356 2806 ete,
376 2747 447 2808 quae
460 2736 566 2809 postea
578 2731 722 2793 referam.
962 2728 1075 2789 Christi
1086 2728 1179 2789 fuisse
1192 2729 1343 2789 salvatos:
1363 2735 1469 2793 temen
1482 2728 1522 2789 ab
1536 2729 1624 2791 initio
1637 2751 1729 2796 mun-

184 2821 313 2883 Fuustns
325 2839 400 2883 vero
420 2823 680 2902 nuncupatoriam
699 2822 740 2885 od
758 2822 912 2884 Leontium
961 2819 1055 2893 di,ab
1069 2819 1213 2899 originali
1226 2838 1323 2896 nexit,
1338 2819 1396 2880 nisi
1411 2820 1630 2884 intercessione
1652 2825 1729 2887 sacri

140 2913 305 2993 epistolam
318 2913 360 2974 sic
372 2913 499 2993 incipit:
519 2915 912 2996 «Qirodprosollicitudine
961 2910 1130 2989 sanguinis,
1149 2929 1215 2971 1¹0ss
1227 2910 1394 2986 absolutos,
1414 2935 1428 2965 ²
1448 2917 1504 2972 ⁴31⁰·
1526 2912 1600 2985 Quae
1619 2915 1684 2977 fere
1696 2917 1731 2979 in

140 3006 301 3087 pastorali,
331 3006 419 3068 beate
449 3007 531 3087 Papa
553 3008 676 3075 Leonti,
704 3008 738 3069 in
766 3009 912 3070 condem·
962 3002 1092 3082 epistole
1105 3001 1208 3064 Fausti
1220 3003 1397 3082 prescripta
1405 3001 1451 3063 illi
1462 3002 1597 3081 fuerant,
1609 3009 1729 3070 tametsi

141 3099 249 3159 nando
287 3097 568 3159 Prradestinationis
599 3117 704 3161 errore
747 3099 913 3161 concilium
962 3095 1115 3157 nonnulla
1142 3102 1215 3156 sunt
1241 3113 1259 3156 a
1286 3095 1400 3156 Lucido
1428 3102 1496 3157 tum
1518 3097 1632 3179 addita,
1662 3106 1730 3163 tum

142 3207 343 3251 summorum
364 3190 540 3251 antistitum
555 3192 776 3270 congregastis,
791 3192 914 3253 univer·
962 3189 1090 3250 uberius
1103 3187 1253 3269 exposita.

142 3281 187 3342 sis
196 3281 368 3343 Galliarum
379 3281 530 3362 episcopis
539 3283 736 3361 praestitistis.
755 3305 771 3343 u
789 3283 913 3363 Exqui-
1004 3280 1059 3340 lll.
1082 3281 1162 3341 Hinc
1181 3279 1277 3360 igitur
1299 3286 1437 3359 apparet,
1462 3281 1535 3360 quid
1564 3281 1597 3343 in
1623 3284 1729 3346 Arela-

143 3373 206 3435 bus
221 3372 386 3448 colligitur,
416 3372 628 3435 Arelatensem
651 3374 738 3436 illam
758 3376 915 3455 synodum
966 3372 1043 3435 tensi
1058 3373 1179 3451 synodo
1199 3371 1362 3433 definitum
1380 3372 1491 3435 fuerit:
1518 3373 1668 3438 nimirum
1694 3377 1731 3440 iis

143 3465 292 3528 adversus
309 3482 439 3539 errores,
456 3465 511 3545 qni
531 3465 565 3526 in
582 3467 746 3528 asserenda
760 3467 917 3548 praedesti·
964 3465 1157 3526 adversantia
1177 3464 1341 3525 constituta
1358 3469 1441 3542 sunt,
1465 3482 1536 3543 qum
1554 3466 1690 3530 Lucidus
1711 3488 1731 3532 a

144 3558 274 3619 natione
297 3556 497 3637 irrepserant,
526 3558 618 3619 fuisse
640 3564 789 3637 coactam,
805 3566 839 3621 et
863 3577 916 3620 eos
964 3572 997 3617 sc
1024 3560 1115 3617 anua
1140 3556 1264 3617 defensa
1288 3557 1321 3617 in
1348 3555 1452 3617 libello
1480 3574 1538 3618 suo
1564 3563 1727 3627 revocarit.

145 3651 330 3730 mresertim,
353 3656 431 3729 quos
449 3650 596 3727 Lucidus,
613 3668 652 3712 ex
671 3652 814 3731 synodali
841 3669 917 3732 prae·
966 3649 1086 3709 Horum
1099 3665 1173 3709 vero
1189 3647 1337 3728 pleraque
1352 3648 1513 3711 commode
1534 3649 1732 3732 interpretari

147 3743 261 3823 scripto
275 3760 419 3805 revocare
430 3760 462 3804 sc
474 3742 647 3823 profitetur:
966 3758 1066 3820 posse,
1082 3746 1207 3802 nonest
1229 3740 1437 3815 diffitendum,
1452 3746 1484 3802 ct
1506 3744 1546 3802 ad
1566 3744 1733 3824 Augustini

190 3836 232 3899 11.
250 3835 331 3897 Sunt
343 3840 447 3897 autem
462 3835 576 3896 erroris
588 3835 699 3915 capita,
712 3851 782 3913 quae
804 3832 843 3895 ab
857 3835 916 3895 Lu·
965 3833 1152 3894 senteutiam
1166 3831 1331 3911 applicari;
1352 3832 1406 3894 sed
1419 3832 1521 3894 utilia
1534 3836 1731 3899 Lucidusin-

150 3926 220 3988 cido
233 3931 392 3989 recantata
406 3931 490 4001 suut,
506 3939 575 3988 octo
601 3926 677 3988 fere.
702 3926 781 3987 Nam
798 3925 916 3987 udam·
966 3923 1123 4003 telligehat
1132 3943 1141 4000 ;
1154 3929 1186 3984 et
1198 3942 1260 4003 quo
1274 3941 1367 3985 sensu
1379 3923 1555 3988 damnanda
1581 3930 1730 4008 synodus,

41 4006 57 4036 ⁶
151 4037 228 4080 nare
241 4018 400 4081 seiatetur
414 4036 539 4082 sensum
551 4019 662 4080 illum:
689 4018 747 4092 Qui
760 4016 844 4091 dicit,
861 4018 918 4079 hu·
965 4035 1002 4078 ac
1022 4016 1157 4078 Lucidus
1176 4016 1374 4096 postmodum
1387 4015 1451 4094 ipse
1470 4018 1599 4093 censerit,
1621 4022 1733 4085 merito

150 4129 253 4174 mane
265 4111 448 4174 obedientie
460 4111 599 4173 lahorem
613 4110 840 4189 dirmaegratiae
853 4127 918 4171 nou
965 4109 1073 4189 impia,
1097 4115 1127 4169 et
1151 4108 1297 4169 heretica
1312 4107 1451 4186 judicata
1471 4115 1554 4170 sunt.
1579 4111 1631 4174 Sic
1648 4115 1734 4176 enim

149 4223 217 4268 esse
226 4204 444 4285 jungendum:
459 4204 519 4271 Qui
528 4204 612 4281 dicit,
627 4208 697 4284 post
710 4203 804 4281 primi
815 4202 919 4263 homi·
965 4201 1006 4263 ah
1019 4201 1170 4263 hereticis
1186 4201 1319 4280 antiquis
1339 4219 1399 4279 qua
1414 4202 1508 4276 vocis,
1534 4221 1595 4282 qua
1614 4206 1734 4286 seriptis

147 4298 199 4359 nis
216 4298 336 4377 lapsum
354 4314 394 4358 ex
412 4302 478 4358 toto
496 4296 660 4357 arbitrium
672 4294 840 4356 voluntatis
868 4313 919 4356 ex·
967 4294 1141 4372 predicata,
1164 4305 1195 4355 et
1211 4292 1364 4354 affirmata
1384 4298 1457 4353 sunt
1470 4293 1586 4373 aliqua,
1608 4315 1678 4376 quae
1692 4299 1733 4361 ab

147 4389 373 4463 fiuetnszui
386 4389 472 4463 dicit,
483 4389 567 4468 quod
579 4389 763 4449 Christusne
777 4385 918 4448 Salvator
966 4386 1122 4448 catholicis
1155 4384 1230 4446 olim
1246 4391 1394 4465 usurpata
1414 4385 1566 4464 Patribus,
1588 4390 1732 4468 probabi·

147 4487 255 4544 noster
269 4488 403 4544 mortem
420 4499 485 4542 non
499 4499 555 4561 pro
569 4480 711 4541 omnium
726 4479 823 4540 salute
850 4495 918 4540 sus·
966 4468 1033 4540 lem'
1042 4478 1179 4540 habuere
1192 4477 1396 4552 seutentiam
1410 4478 1463 4539 sed
1475 4496 1534 4540 usu
1546 4481 1623 4559 ipso,
1639 4487 1671 4543 et
1683 4502 1732 4545 er·

147 4575 294 4653 ceperit:
323 4575 381 4648 Qui
406 4573 499 4646 dicit,
527 4573 612 4652 quod
637 4571 830 4652 prescientia
860 4571 919 4632 Dei
966 4569 1284 4650 rentiumproposito,
1297 4568 1475 4649 depravata,
1490 4577 1521 4632 et
1541 4572 1662 4647 infecta,
1679 4593 1732 4655 sy·

145 4666 310 4729 homiuem
334 4664 486 4726 uiolenter
508 4663 671 4744 compellat
697 4663 737 4724 ad
763 4667 916 4738 mortem
967 4660 1495 4742 nodalihusposteadecretisnotata
1508 4665 1734 4746 sunt.quuod

146 4758 200 4821 rel
222 4757 306 4838 quod
328 4774 401 4819 eum
431 4756 487 4817 Dei
513 4761 643 4835 pereant
664 4754 835 4829 voluntate,
862 4754 917 4835 qui
967 4754 1120 4833 hodieque
1146 4754 1181 4814 in
1204 4753 1310 4814 multis
1332 4753 1472 4831 Lutheri,
1493 4760 1525 4815 et
1544 4755 1676 4834 Caluini,
1698 4777 1735 4821 ac

146 4855 302 4932 pereunt3
318 4848 377 4924 Qui
390 4846 476 4924 dicit,
491 4848 575 4927 quod
585 4855 654 4927 post
667 4851 826 4926 acceptum
839 4846 916 4924 legi-
967 4851 1153 4909 caurorum
1167 4844 1199 4906 id
1212 4862 1311 4923 genus
1320 4845 1518 4907 enuntiandis
1537 4847 1735 4923 dogmatibus

146 4945 225 5004 time
236 4941 437 5022 baptismum,
452 4939 487 5000 in
503 4939 602 5000 Adam
615 4938 769 5000 moriatur
779 4937 918 5017 quirum·
967 4943 1103 5017 apparet.
1122 4938 1188 5011 Quo
1202 4935 1237 4996 iu
1253 4953 1367 5015 genere
1382 4935 1506 4998 nullum
1519 4937 1623 5001 afferri
1635 4946 1736 5020 potest

146 5051 212 5116 que
237 5031 423 5112 deliquerit:
439 5032 498 5105 Qui
512 5030 599 5106 dicit,
615 5030 691 5092 alios
704 5030 866 5110 deputatos
877 5030 917 5091 ad
966 5029 1127 5103 illustrius,
1143 5033 1236 5106 atque
1250 5027 1423 5107 expressius
1434 5030 1623 5110 exemplum,
1640 5050 1736 5111 quam
1854 5042 1861 5053 ’

146 5130 295 5200 mortem,
319 5124 397 5184 alios
416 5123 565 5184 advitam
580 5123 836 5202 predestinatos:
859 5121 918 5194 Qui
967 5120 1051 5199 quod
1064 5120 1099 5180 in
1120 5118 1301 5180 Armacanis
1314 5118 1480 5183 cernimus.
1505 5122 1564 5195 Qui
1597 5130 1737 5203 arreptas

146 5217 222 5280 dicit
236 5215 275 5276 ab
288 5215 390 5276 Adam
403 5232 501 5294 usqrre
515 5214 556 5276 ad
577 5214 745 5288 Christum,
764 5213 867 5274 nullos
880 5230 918 5274 ex
966 5212 1006 5272 oh
1020 5211 1195 5291 Augustino
1214 5210 1397 5290 dogmatum
1416 5211 1575 5275 formulas:
1601 5221 1632 5276 ct
1645 5217 1685 5277 ab
1698 5235 1736 5280 eo

145 5307 296 5390 gentihus
305 5324 361 5388 per
374 5307 508 5386 primam
521 5307 575 5369 Dei
585 5307 729 5385 gratiam,
749 5305 843 5366 idest
862 5322 917 5384 per
967 5303 1117 5385 catholico
1137 5321 1231 5365 seusu
1245 5303 1382 5383 prolatas
1398 5304 1552 5386 imperitis
1565 5306 1734 5387 objiciunt3

179 5513 189 5557 l
205 5511 224 5557 l.
237 5508 315 5567 i'turot,
330 5520 361 5561 rr,
371 5508 406 5556 ao.
416 5530 440 5544 -
451 5509 512 5555 itone
525 5517 547 5561 t,
562 5506 596 5554 n.
