4076 6180
308 363 367 425 692
817 354 1141 419 rauotoatcottuttt
1167 355 1383 419 mattarum
1442 404 1446 407 -

311 532 364 592 sed
387 547 443 610 pro
471 529 524 589 illo
548 529 649 607 potius
677 532 735 588 :ut
761 546 800 588 ex
826 525 1078 589 antecedentibus
1128 530 1163 584 ut
1176 523 1242 603 ipse
1256 526 1290 587 in
1314 529 1442 608 epistola
1465 529 1504 589 ad
1518 529 1665 589 carolum
1677 529 1807 590 (laisum
1820 549 1891 592 cou-
1956 607 1960 615 Ι

313 628 431 684 constat
455 642 462 680 :
483 638 585 699 neque
606 626 712 680 contra
732 621 1078 681 Praedestinatianorum
1128 618 1280 695 queritur.
1305 619 1383 693 Quid
1404 639 1479 699 argo
1507 621 1640 695 minim,
1661 622 1687 679 si
1713 621 1895 683 llincmarus

314 732 432 776 errores
444 713 560 791 aliquid
568 711 745 773 sanxitzsed
756 712 900 773 adversus
909 709 1078 780 Hincmari,
1132 708 1188 769 iste
1218 706 1314 788 (cujus
1339 712 1459 791 ineptas
1479 712 1730 790 quaestiunculas,
1751 722 1782 774 et
1800 714 1895 774 aniles

316 813 346 866 et
356 806 573 867 carisiacensis
584 805 694 884 synodi
709 803 858 884 capitula;
874 820 944 882 quaa
959 808 1081 863 tantum
1131 817 1211 877 pene
1240 799 1367 870 fabulas,
1394 804 1620 883 Scotorumque
1645 805 1746 884 pultes
1769 806 1897 884 puritati

317 900 412 973 abeat,
428 904 464 957 ut
482 895 824 958 Praedastinatianorum
840 896 979 974 opinioni
995 895 1081 953 lave·
1133 892 1205 951 tldei
1218 911 1365 955 nauseam
1376 895 1540 956 inferentes
1552 915 1584 956 se
1599 898 1722 977 penitus
1741 915 1896 978 respuere,

317 992 396 1064 rint;
412 991 572 1050 utadeum
585 986 1083 1049 evertendamvisillorumomnis
1135 982 1292 1044 Valentini
1312 988 1420 1047 Patres
1448 991 1548 1048 testati
1582 989 1664 1070 sunt)
1695 990 1899 1050 orthodoxam

319 1088 495 1162 comparata
509 1083 558 1157 sit,
574 1100 609 1141 ac
633 1080 796 1141 Valentina
819 1080 886 1159 ipsa
911 1080 1021 1159 placita
1044 1076 1083 1137 ab
1138 1074 1308 1153 Prudentii,
1322 1081 1460 1139 etsancti
1474 1081 1818 1158 Augustinidoctrinam
1831 1100 1901 1143 eou-

320 1177 499 1247 Hiuemaro,
524 1173 704 1251 caeterisque
728 1174 864 1250 partium
890 1172 1081 1242 earumdem,
1135 1164 1235 1227 futare
1252 1177 1379 1231 conatus
1393 1171 1484 1231 sitin
1509 1174 1552 1232 lle
1576 1174 1758 1246 Prudentia,
1785 1181 1816 1234 et
1837 1175 1901 1252 ejus

322 1266 664 1328 Prcedcstinatianorum
678 1266 803 1344 propria
810 1265 948 1342 judicata
958 1263 1081 1323 fuerint.
1134 1259 1263 1337 epistola
1277 1262 1377 1323 dicam
1390 1271 1504 1343 postea.

150 1362 296 1412 uirorumue
362 1361 431 1419 Non
451 1360 574 1433 minori,
594 1359 647 1418 secl
672 1359 824 1418 contrario
849 1365 955 1417 tamen
982 1373 1086 1416 errore
1175 1352 1229 1412 lll.
1255 1356 1319 1414 Duc
1332 1363 1415 1431 sunt,
1429 1356 1597 1435 dequibus
1606 1359 1656 1436 agi
1667 1359 1755 1438 prius
1769 1367 1900 1439 oportet,
1923 1370 2027 1435 cums

150 1417 295 1527 caiiiiiinsi
321 1452 484 1527 labuntur,
503 1452 557 1529 qui
581 1450 793 1510 Carisiacensis
817 1449 950 1529 capitula
976 1446 1087 1527 synodi
1136 1446 1287 1524 exquisita
1305 1449 1461 1510 Vincentii
1483 1451 1653 1512 mendacia.
1685 1452 1824 1514 Primum
1845 1460 1899 1529 est,
1937 1438 2022 1537 a&

188 1535 259 1569 ‘¹¹⁰¹'
322 1545 504 1606 eorumdem
517 1544 833 1621 haereticorum.quos
847 1541 1088 1602 Praedestinatia-
1136 1538 1219 1615 qnod
1244 1539 1447 1601 Hincmarum
1474 1543 1554 1602 inter
1582 1544 1901 1624 semipelagianorum
1923 1533 2027 1629 ΜΨ

322 1656 379 1698 nos
387 1644 506 1712 vocant,
515 1636 660 1709 dogmata
668 1636 829 1707 damnasse
837 1639 957 1713 putant.
967 1634 1088 1693 Etenim
1136 1646 1279 1708 proceres
1293 1635 1522 1694 numerandum
1543 1636 1675 1696 asserit:
1700 1659 1716 1693 a
1740 1639 1840 1716 cujus,
1855 1641 1901 1699 in·
2026 1634 2027 1715 ζ

324 1731 463 1809 quamvis
473 1730 666 1795 sinemurus,
675 1736 705 1787 ct
718 1727 773 1805 qui
782 1746 845 1786 iana
857 1744 928 1786 cum
943 1744 980 1785 eo
995 1726 1028 1785 iu
1038 1725 1090 1784 illa
1137 1721 1215 1798 quit,
1228 1725 1373 1803 capitula,
1387 1733 1419 1785 et
1431 1745 1552 1787 errores
1562 1729 1595 1787 in
1605 1729 1726 1806 synodo
1740 1730 1903 1793 Valentius
2018 1722 2027 1799 i

324 1822 443 1901 synodo
471 1827 697 1891 convenerunt,
716 1819 856 1898 capitulis
876 1819 937 1877 suis
956 1823 1090 1896 quatuor
1139 1815 1346 1878 condemnati.
1377 1840 1392 1874 u
1421 1820 1614 1896 Relegantur
1641 1822 1774 1901 capitula
1794 1824 1854 1883 ista
1872 1825 1903 1884 in
2026 1808 2027 1849 ¹

325 1915 451 1975 edendis
459 1914 750 1975 Pracdestinatorum
759 1911 1090 1989 haeresimoppngnare
1141 1904 1341 1969 carisiacensi
1355 1912 1475 1989 synodo
1495 1914 1672 1985 constituta,
1690 1919 1720 1973 et
1736 1915 1904 1995 Semipela-

325 2025 357 2066 se
371 2007 469 2067 videri
485 2005 765 2075 voliterint,revera
778 2009 882 2063 tamen
896 2002 974 2062 nihil
988 2001 1092 2061 minus
1139 1999 1240 2075 gianae
1249 2002 1375 2062 haeresis
1389 2004 1438 2063 vel
1451 2004 1519 2063 lere
1529 2006 1694 2069 vestatum
1707 2007 1738 2066 in
1752 2008 1904 2068 illisnote·

327 2105 457 2177 egerunt
474 2119 481 2158 ε
498 2096 861 2168 sedrecta,etcatbolicae
875 2094 948 2154 fidei
963 2111 1091 2154 consen·
1141 2095 1204 2151 tur.
1221 2094 1281 2152 Sed
1294 2094 1439 2155 homines
1458 2097 1599 2158 uidelicet
1621 2098 1729 2177 inepti,
1747 2100 1786 2160 ad
1801 2118 1906 2161 omnes

327 2198 418 2252 tanea
432 2190 540 2269 capita,
557 2188 666 2250 neceb
680 2188 753 2259 suis,
770 2188 852 2265 qnod
875 2187 915 2245 ad
937 2201 1093 2246 summam
1141 2182 1223 2242 rixas
1236 2193 1377 2263 paratum
1393 2188 1508 2249 habent
1524 2189 1583 2250 hoa
1601 2191 1788 2268 convicium,
1804 2199 1840 2252 ut
1855 2193 1908 2254 Pa·

328 2284 447 2356 attinet,
490 2298 678 2360 magnopore
724 2280 867 2339 distantia
913 2278 1093 2339 labefactare
1142 2274 1290 2353 lagianos,
1307 2285 1337 2339 at
1349 2280 1610 2358 semipelagianos
1621 2283 1798 2357 nominent,
1820 2303 1908 2364 quos-

328 2376 429 2436 ccuati
452 2380 534 2448 sunt,
551 2374 597 2433 uti
619 2390 713 2451 supra
729 2372 902 2442 docuimus,
919 2375 950 2430 at
968 2369 1094 2448 Lugdu·
1145 2386 1278 2446 cumque
1293 2373 1375 2431 nacti
1389 2372 1503 2433 luerint
1516 2375 1663 2453 opinione
1672 2376 1838 2451 discordes,
1855 2379 1910 2439 boc
2026 2420 2027 2457 4

328 2468 431 2527 nensis
439 2466 580 2526 Ecclesiae
587 2466 713 2523 nominc
725 2461 759 2522 de
767 2461 915 2523 retinenda
926 2461 1094 2542 Scriptura
1145 2466 1191 2521 est
1205 2479 1270 2521 non
1281 2465 1408 2541 perinde
1419 2467 1601 2526 insanientis
1614 2468 1772 2546 sapientia
1785 2480 1911 2530 temera-
2026 2472 2027 2549 j

331 2557 625 2636 ueritateinsoriptus
638 2554 716 2614 liber
730 2554 873 2615 ostendit.
1145 2553 1207 2613 rios
1233 2561 1409 2616 assertores.
1432 2557 1555 2618 Falsum
1574 2564 1620 2618 cst
1643 2560 1748 2638 itaqua
1770 2562 1911 2640 capitulis
2026 2552 2027 2579 *

370 2652 408 2711 ll.
433 2651 472 2712 Ut
495 2654 599 2709 autern
630 2647 803 2708 Valentinis
826 2646 938 2726 synodi
961 2647 1093 2722 decreta,
1145 2644 1210 2703 istis
1244 2647 1504 2709 Carisiaaensibus
1529 2650 1769 2731 semipelagiani
1796 2654 1911 2733 aliquid

326 2743 405 2819 ¹laiso
419 2739 1096 2804 suntininvidiamt'ocataPraedestiuatianae
1145 2738 1258 2797 veneni
1282 2740 1406 2801 subesse
1426 2761 1432 2801 :
1454 2741 1538 2819 quod
1553 2742 1681 2822 impune
1704 2745 1912 2825 tileriacopola
2026 2816 2027 2821 η

330 2836 456 2897 haeresis
482 2855 489 2895 :
515 2834 558 2895 sic
574 2833 706 2893 vicissim
729 2832 898 2904 Hinemari,
916 2837 946 2891 et
969 2831 1096 2891 Curisia-
1145 2836 1290 2907 nugatur.
1313 2833 1379 2893 Hoc
1398 2834 1423 2893 si
1443 2833 1486 2893 sic
1510 2833 1912 2917 habe1·et,semipelagiana
2026 2834 2027 2873 ἶ

331 2928 429 2989 censis
442 2927 552 3007 synodi
561 2924 695 3003 capitula
707 2942 764 3002 pro
777 2925 926 2984 baeretieis
939 2924 1096 2983 immerito
1145 2928 1246 2982 essent
1257 2928 1288 2983 et
1302 2924 1467 2985 Valentina
1475 2926 1624 3004 capitula:
1640 2947 1711 3006 quae
1723 2931 1757 2990 in
1771 2934 1911 2992 eamdem

330 3021 471 3081 traducta
484 3024 557 3079 sarit
566 3017 604 3077 ab
622 3016 795 3076 Valentinis
812 3015 978 3075 Patribus:
995 3020 1027 3075 et
1038 3015 1095 3074 ho·
1146 3032 1218 3074 cum
1233 3014 1294 3075 illis
1317 3018 1494 3096 conspirare
1514 3019 1698 3094 doctrinam,
1715 3040 1751 3082 ac
1776 3023 1843 3084 solo
1856 3024 1911 3085 dif-

331 3113 442 3192 dieque
456 3112 495 3171 ab
506 3110 697 3182 drmacaoiS,
712 3127 748 3168 ac
768 3107 919 3168 similibus
932 3107 965 3166 in
978 3107 1095 3167 crimen
1145 3105 1225 3167 ferro
1238 3107 1384 3187 loquendi
1399 3111 1504 3185 modo,
1518 3128 1612 3189 supra
1621 3112 1910 3197 demonstravimus.

330 3205 527 3266 adducuntur
540 3200 653 3263 erroris
667 3199 905 3279 semipelagiani
921 3218 1002 3278 :quo
1017 3198 1097 3259 nihil
1190 3200 1325 3261 Alterum
1337 3202 1543 3276 mendacium,
1560 3204 1690 3281 quodea
1703 3213 1814 3268 eontra
1823 3209 1911 3270 ilinc·
2026 3254 2027 3293 y

330 3295 516 3376 tingipossit
535 3294 684 3355 obtusius.
706 3293 744 3351 ut
763 3293 821 3352 hoc
834 3298 940 3351 tamen
954 3291 1095 3370 ineptum
1147 3310 1269 3353 marum
1282 3294 1322 3354 ab
1343 3295 1507 3355 Valentino
1521 3296 1641 3374 synodo
1658 3297 1740 3358 dicta
1759 3319 1824 3361 esse
1843 3303 1913 3363 scri-
2026 3336 2027 3341 κ

331 3394 424 3468 atque
444 3386 606 3466 illepidum
628 3390 839 3444 commentum
861 3383 1095 3462 suffragatorem
1147 3384 1192 3445 bit
1205 3404 1275 3464 quae
1290 3387 1329 3446 ad
1344 3389 1496 3448 loannem
1519 3387 1648 3448 scotum
1665 3391 1832 3469 Erigonam
1846 3413 1914 3455 om·
2026 3392 2027 3395 ’

330 3480 439 3541 habuit
451 3477 641 3559 mapnificam
654 3477 744 3536 illum
765 3474 817 3555 (sic
831 3474 915 3535 euim
933 3475 972 3535 ab
987 3477 1095 3536 Arma·
1146 3477 1221 3536 nino
1235 3480 1411 3556 pertinent;
1427 3478 1576 3540 nimirum
1591 3481 1649 3541 ista
1663 3484 1773 3561 capitis
1791 3487 1911 3564 quinti:

241 3586 243 3589 ·
331 3591 408 3634 cano
421 3568 560 3650 vocatur)
575 3567 726 3630 Libertum
739 3565 949 3640 Fromondum,
969 3568 1023 3646 qui
1039 3566 1095 3627 sub
1149 3571 1300 3646 «Ineptas
1310 3577 1414 3632 autem
1422 3572 1670 3650 questiunculas,
1687 3580 1718 3634 et
1730 3577 1830 3638 aniles
1839 3596 1914 3657 pene
2026 3616 2027 3621 κ

332 3663 487 3725 vincentii
513 3662 603 3722 Lenis
642 3659 818 3721 Arattsicani
845 3678 977 3738 persona
1004 3659 1097 3720 foenei
1146 3660 1282 3735 fabellas,
1306 3663 1532 3741 scotorumque
1556 3665 1659 3743 pultes
1690 3667 1819 3744 puritati
1847 3670 1914 3730 fidei
2026 3660 2027 3729 ἶ

331 3757 477 3828 hominis,
493 3756 627 3814 mimum
649 3770 750 3832 nuper
775 3769 867 3811 suarm
895 3752 1022 3831 peregit,
1039 3752 1097 3812 Hic
1148 3755 1912 3839 nauseaminierentes,etc.penitusrespuimus.a
2026 3748 2027 3765 ¹

331 3849 416 3909 enim
443 3848 476 3907 in
503 3846 631 3925 epistola
656 3844 823 3922 prodroma
836 3842 875 3904 ad
901 3842 1094 3915 Ridendum,
1148 3848 1191 3906 lle
1212 3848 1380 3907 Hinamaro
1406 3847 1499 3907 verba
1512 3847 1579 3908 baec
1602 3849 1719 3911 insulse
1734 3852 1916 3917 Vincentius
2026 3850 2027 3929 ξ

332 3942 430 4021 capite
444 3938 638 4012 duodecimo,
654 3943 689 3995 ut
699 3938 757 3996 hoc
767 3935 921 4015 probaret,
929 3936 1012 4013 quod
1020 3935 1097 3996 nihil
1148 3939 1347 4017 intelligenda
1368 3940 1503 4019 putavit:
1519 3941 1606 4018 quusi
1619 3941 1730 4004 scotus
1743 3944 1796 4005 ille
1812 3945 1916 4022 luerit,
2026 3944 2027 3947 ’

332 4038 539 4102 munerasse,
555 4029 719 4107 Augustini
736 4029 774 4089 de
787 4029 885 4105 gratia
898 4029 1094 4100 senteutiam,
1148 4037 1179 4090 et
1191 4030 1280 4091 istius
1292 4033 1393 4110 gentis
1408 4031 1544 4110 pultibus
1558 4033 1818 4115 saginatus,quod
1832 4040 1918 4101 nullo

332 4131 363 4187 et
383 4124 554 4186 doctrinam
574 4122 649 4182 olim
670 4121 703 4180 in
731 4120 834 4180 Galliis
858 4120 1048 4195 tralatitiam,
1063 4139 1099 4181 ac
1148 4124 1241 4183 modo
1256 4123 1411 4202 procedit:
1427 4124 1472 4182 uti
1484 4125 1590 4185 necde
1605 4127 1808 4191 Gotlrescaleo
1823 4132 1918 4212 arripi

332 4218 426 4296 vulgo
451 4220 606 4293 receptam
627 4213 729 4284 fuisse,
752 4213 910 4272 Prudentii
933 4211 1099 4273 Tricassini
1148 4221 1287 4294 possunt,
1310 4233 1381 4294 quae
1399 4215 1457 4275 fuit
1479 4216 1655 4294 aliquorum
1668 4221 1799 4299 opinio:
1824 4225 1918 4303 quiet

337 4332 349 4367 a
374 4307 552 4375 tractoriam
579 4304 741 4383 epistolam
775 4303 909 4383 profert,
937 4322 1031 4383 quam
1059 4304 1099 4365 ad
1148 4313 1312 4386 propterea
1327 4308 1454 4368 Scotum
1467 4307 1557 4367 illum
1569 4308 1663 4370 fuisse
1683 4329 1798 4389 genere
1819 4317 1917 4397 suspi-

334 4402 439 4463 AEneaa
463 4398 639 4459 Parisiensis
660 4396 888 4456 ordinationem
905 4396 991 4456 misit
1010 4415 1016 4455 :
1033 4418 1048 4454 »
1067 4396 1100 4456 in
1149 4399 1305 4460 catisunt.
1323 4400 1382 4460 Sed
1405 4406 1469 4459 tam
1491 4407 1635 4460 errarunt
1649 4403 1715 4478 isti,
1732 4424 1829 4483 quam
1846 4409 1918 4469 Fro-
2000 4436 2007 4453 ·

334 4512 396 4574 qua
421 4497 576 4552 certorum
595 4489 640 4548 illi
655 4487 877 4566 protessionem
895 4490 1030 4566 capitum
1050 4488 1099 4548 in-
1148 4491 1293 4561 mondus,
1315 4491 1378 4551 imo
1391 4490 1501 4551 foedius
1515 4492 1576 4567 bia,
1600 4511 1694 4570 quam
1710 4495 1777 4557 illi:
1793 4517 1866 4560 cum
1880 4501 1918 4561 de
2026 4532 2027 4535 ¹

331 4586 447 4665 jungit,
460 4589 625 4661 autequam
644 4580 677 4639 iu
692 4581 869 4659 episcopum
892 4587 1098 4642 consecretur.
1150 4583 1318 4644 Hincmaro
1333 4583 1393 4643 tale
1411 4583 1572 4663 quippiam
1586 4586 1760 4665 suspicandi
1777 4608 1818 4651 ne
1828 4592 1918 4653 levis-

335 4677 423 4752 Ouod
437 4682 542 4736 autem
565 4672 702 4751 epistolae
716 4672 776 4745 isti,
791 4678 822 4732 ct
844 4673 1006 4751 propositis
1017 4674 1050 4733 in
1064 4691 1102 4734 ea
1151 4675 1266 4734 simum
1279 4674 1405 4753 quidem
1424 4683 1644 4752 argumentum
1657 4688 1812 4757 suppetat.
1826 4687 1867 4744 At
1881 4685 1918 4745 da
2026 4700 2027 4727 ³

335 4769 487 4850 capitibus
513 4785 553 4827 es
578 4783 662 4839 vera,
686 4771 721 4823 ut
747 4763 877 4843 putabat
904 4765 1098 4834 Prudentius,
1150 4767 1270 4826 icauna
1284 4767 1375 4827 scoto
1385 4766 1609 4844 loquiroluisse
1622 4769 1805 4833 Valentinos
1813 4776 1920 4837 Patres
2026 4770 2027 4789 i

337 4861 500 4941 Augustini
510 4856 840 4933 doctrina,resragatus
850 4856 1098 4926 estliincmarus,
1151 4858 1279 4919 minime
1293 4856 1457 4919 dubitabit:
1479 4858 1534 4936 qui
1559 4859 1718 4938 scriptoris
1732 4863 1817 4925 illius
1832 4868 1919 4947 inep-
2026 4854 2027 4931 i

334 4954 420 5016 bunc
440 4951 554 5012 amaris
574 4948 663 5009 dictis
678 4947 791 5008 tat-erat
810 4948 1001 5027 infamatque
1025 4951 1099 5010 Vin·
1150 4957 1207 5022 tas,
1224 4955 1255 5010 et
1268 4950 1364 5010 aniles
1378 4950 1513 5028 argutias
1527 4969 1566 5011 ex
1580 4951 1751 5014 Florilibrc
1770 4958 1919 5021 adversm
2026 4940 2027 4955 ¹

336 5046 452 5108 centius
466 5042 570 5102 Leuis.
588 5061 603 5098 «
617 5039 690 5113 Quis
704 5057 777 5099 vero
787 5039 844 5099 iste
855 5041 1017 5100 Prudentii
1033 5042 1099 5119 epi·
1151 5060 1224 5103 eum
1244 5046 1357 5120 scripto
1371 5049 1510 5121 repetere
1524 5043 1655 5103 voluerit

335 5137 420 5215 scopi
445 5133 597 5206 catholici,
630 5136 661 5191 et
689 5131 721 5190 S.
752 5132 916 5209 Augustini
943 5132 1100 5194 sectatoris
1191 5135 1659 5201 lV.DaPrudentioTricassino
1674 5136 1819 5216 epsicopo
1836 5158 1920 5201 nunc

1943 5140 1972 5183 u·

336 5228 496 5311 retutawn
524 5224 635 5303 iuquit,
654 5222 867 5283 Hincmarus?
887 5225 1004 5304 Nempe
1019 5227 1099 5286 inter
1152 5227 1318 5306 agendum,
1336 5229 1434 5307 deque
1449 5228 1587 5306 epistola,
1601 5245 1695 5306 quam
1709 5228 1748 5287 ad
1763 5232 1921 5311 episcopos
1943 5188 2016 5307 aisis

338 5316 657 5397 Semipelagianorum
682 5314 730 5375 sui
756 5315 904 5394 temporis
931 5334 1095 5395 proceres:
1152 5319 1274 5399 scripsit
1286 5319 1326 5379 ud
1335 5320 1544 5381 ordinandum
1557 5320 1687 5379 AEneam
1704 5320 1920 5385 Parisiensium
2026 5344 2027 5393 ξ

336 5412 425 5492 cujus
434 5407 577 5488 capitula,
588 5413 619 5468 et
628 5406 786 5467 erroresin
797 5407 1100 5489 synodoValentina,
1151 5411 1330 5490 episcopum
1363 5411 1396 5471 in
1432 5429 1533 5472 unum
1574 5411 1725 5473 collectos.
1757 5414 1921 5495 Descripsit
2026 5398 2027 5491 ζ

337 5504 462 5566 atrium
475 5499 704 5580 provinciarum
726 5498 875 5579 episcopis
892 5499 1100 5580 condemnati,
1151 5505 1232 5565 banc
1245 5503 1405 5583 epistolam
1420 5505 1602 5567 Vincentius
1610 5504 1714 5583 Lenis,
1724 5510 1756 5566 et
1769 5523 1918 5583 magnum
2026 5520 2027 5579 ξ
