3936 6152
321 267 381 330 sto

318 432 532 513 primogenitus
547 435 580 494 in
605 434 709 495 multis
728 433 888 514 fratribus.
909 437 1027 517 Quippe
1042 455 1090 498 ea-

321 525 393 586 dem
411 526 584 601 divinitate,
599 527 652 587 sed
677 526 810 599 diverso,
835 527 989 607 longeque
1011 530 1058 589 inf
1075 563 1088 573 -

320 616 402 677 riore
426 619 519 678 modo
548 619 638 678 nobis
665 620 827 698 applieata,
869 621 912 681 sie
939 628 1089 700 tanquam

320 706 420 769 forms
441 710 537 769 saneti
551 712 711 783 efficimur,
728 717 759 771 et
777 712 833 771 lilii
853 714 916 783 liei,
933 714 973 773 ad
997 719 1089 774 nalu-

320 799 404 876 ralis,
418 807 449 863 et
461 802 525 863 veri
539 803 786 870 similitudinem,
796 803 971 877 Quinetiam
984 807 1089 885 perin-

156 902 295 966 flabitsfiinn
321 892 359 953 de
373 899 408 953 ut
422 894 564 957 Christus,
584 902 698 976 σχετικὴν
719 897 752 955 iu
772 895 862 956 nohis
878 906 964 960 ἕνωσιν
986 898 1089 976 expri-

165 961 285 1053 *lss'if*
320 985 435 1045 mimus
444 992 553 1047 mutuo
564 986 597 1046 in
610 989 709 1047 ileum
721 987 835 1048 affeetu
848 988 1037 1061 dilectionis;
1055 989 1089 1049 in

320 1095 382 1155 quo
405 1078 532 1157 propius
557 1078 596 1139 ad
621 1078 711 1139 illum
734 1080 905 1140 accedimus
917 1100 925 1155 ;
950 1086 985 1141 ut
1004 1082 1088 1159 ejus·

320 1169 478 1229 dammodi
507 1170 545 1230 sit
572 1170 607 1230 in
637 1171 791 1247 adoptivis
816 1171 897 1248 filiis,
928 1172 1028 1250 qualis
1055 1172 1089 1232 in

318 1261 503 1322 naturalius
518 1262 723 1341 primogenito
732 1263 822 1335 inest,
839 1263 983 1324 amicitiae
998 1265 1087 1340 ratio,

320 1371 390 1432 quae
412 1354 546 1415 vicissim
574 1352 693 1415 reddito
719 1354 853 1423 actualis,
899 1362 935 1415 ut
965 1362 1087 1432 vocant,

318 1445 433 1507 amoris
459 1445 571 1521 officio,
587 1446 753 1525 utrobique
775 1452 904 1509 constat.
928 1448 992 1509 Hoo
1015 1466 1089 1508 vero

319 1537 469 1616 amplum,
485 1543 516 1597 ot
529 1537 650 1599 illustre
664 1538 847 1599 Christianae
861 1539 1021 1617 dignitatis
1034 1558 1088 1601 or-

319 1636 503 1691 namentum
531 1630 749 1691 commendare
776 1631 900 1691 videtur
920 1632 968 1692 his
990 1630 1090 1692 verbis

318 1719 476 1783 Christus:
504 1721 591 1782 Sient
618 1720 725 1782 dilexit
764 1742 809 1783 ine
836 1722 940 1798 Peter,
977 1732 1005 1785 el
1038 1742 1090 1802 eqo

317 1811 411 1872 dileat
426 1832 484 1875 uos.
502 1814 618 1874 illnuelc
635 1818 666 1873 in
687 1813 842 1875 dilectione
856 1834 930 1876 mee.
955 1814 995 1875 Si
1012 1833 1090 1894 pree·

317 1911 399 1984 cepto
420 1924 481 1967 rnen
501 1911 695 1980 servaveritis,
719 1908 877 1968 manebitis
893 1908 922 1968 in
939 1906 1090 1967 dilectione

318 2016 396 2072 mee;
411 2000 486 2059 sicul
499 2018 552 2079 ego
571 1998 677 2060 Putris
692 2002 750 2063 rnci
761 2008 908 2080 precepta
921 2000 1051 2076 servaei,
1061 2008 1089 2061 et

317 2108 417 2151 moneo
443 2092 475 2151 in
501 2092 564 2171 ejus
577 2090 745 2153 dilectione.
764 2094 844 2154 Nem
869 2111 988 2153 servare
1007 2110 1088 2172 prce·

317 2190 411 2261 cepta,
435 2183 557 2243 dileetio
592 2190 638 2243 est
671 2191 781 2245 mutua
813 2183 880 2257 Dei,
906 2189 937 2245 et
964 2183 1088 2245 actualis

317 2274 438 2349 anantio,
452 2275 486 2335 iu
499 2293 561 2352 qua
574 2294 647 2335 uera
661 2281 707 2335 est
717 2276 860 2336 amicitiae
875 2277 954 2337 ratio
964 2282 1086 2353 postea3

318 2384 387 2443 quaa
401 2366 434 2427 in
448 2366 577 2442 Christo,
591 2368 720 2445 perinde
736 2373 771 2428 ut
785 2369 818 2428 in
833 2369 934 2441 nohis,
950 2375 1088 2428 ereetum

318 2455 466 2536 quiddam
495 2458 631 2520 exstitit:
666 2478 701 2520 aa
725 2460 856 2539 proinde
877 2461 910 2521 in
938 2461 1087 2535 amicitia,

317 2567 412 2627 quam
422 2553 455 2609 in
469 2551 642 2626 sanctitate,
657 2554 688 2609 ot
701 2547 837 2625 filietate,
859 2556 895 2613 ut
917 2552 957 2611 sit
975 2552 1087 2626 deam,

318 2641 487 2719 propiores,
512 2648 544 2702 st
557 2640 645 2718 quasi
665 2640 877 2703 familiariores
899 2642 943 2702 illi
967 2661 1087 2706 sumus.

317 2733 390 2792 Haeo
412 2733 577 2811 stupenda,
609 2732 813 2809 incredibilia,
839 2734 945 2794 divina
963 2753 1089 2813 prorsus

318 2823 430 2884 decora
444 2825 543 2887 innos
557 2830 588 2885 et
600 2824 764 2885 commoda
776 2843 815 2885 er
828 2826 968 2905 perenni,
990 2833 1021 2889 et
1031 2827 1090 2887 lar·
1177 2872 1183 2883 .

320 2915 446 2994 gissimo
460 2915 616 2976 luearnati
631 2915 725 2976 Verbi
737 2916 821 2977 sonte
838 2917 976 2979 derivata
996 2925 1086 2979 sunt:

321 3025 391 3086 quaa
416 3009 482 3069 sine
509 3009 574 3069 ulla
599 3007 828 3071 intermissione
856 3011 1024 3084 reeordari,
1054 3029 1090 3073 ao

318 3105 466 3178 perpetua
479 3101 557 3174 grati
570 3100 668 3161 animi
691 3099 918 3176 significatione
931 3104 1086 3181 prosequi,

318 3191 517 3267 etomnibus,
538 3194 642 3271 quoad
657 3191 752 3251 situm
767 3191 801 3251 in
824 3193 915 3254 nobis
937 3202 993 3268 est,
1020 3196 1088 3257 offi-

319 3282 372 3344 eiis
386 3302 596 3364 compensare,
614 3283 674 3344 nisi
693 3282 818 3362 ingrati,
833 3295 865 3345 et
891 3286 1013 3365 indigni
1032 3307 1088 3350 vo-

319 3375 507 3454 lumusesse,
530 3377 693 3439 debemus.

826 269 1151 336 cenomannensi
1171 275 1388 343 DOGMATUM

1352 704 1534 786 CAPUT
1570 707 1689 789 Vlll.

1137 1028 1317 1110 Argumenta
1343 1029 1407 1091 elio
1418 1030 1563 1112 probatur
1575 1048 1613 1091 er
1629 1030 1814 1110 antiquorum
1832 1048 1883 1089 sen·

1178 1122 1282 1198 tenlr'o,
1298 1121 1456 1183 lunanum
1470 1131 1607 1184 notarum
1620 1123 1653 1182 in
1669 1122 1783 1185 Christo
1795 1122 1884 1182 mnni-

1176 1212 1435 1293 ficaridluinilate
1448 1216 1513 1298 ipsa
1523 1235 1535 1275 .·
1544 1214 1687 1296 quonium
1698 1214 1771 1293 unni
1782 1213 1830 1273 due
1839 1212 1884 1272 ills

1178 1304 1300 1366 dicitur.
1318 1310 1345 1367 l.
1375 1307 1437 1383 Quo
1451 1308 1566 1367 nornine
1586 1307 1690 1387 qratia
1703 1306 1881 1388 significatu.

1178 1397 1210 1459 E
1210 1418 1229 1459 a
1250 1417 1341 1478 porro
1354 1400 1463 1475 unctio,
1478 1399 1620 1461 diuinitas
1637 1401 1702 1483 ipso
1716 1400 1885 1460 constituitur

1178 1510 1195 1550 α
1223 1490 1364 1551 Patribus
1393 1496 1424 1552 iu
1452 1491 1582 1554 Christo.
1611 1495 1643 1554 2.
1683 1494 1744 1553 Aut
1769 1491 1885 1573 Spiritus

1177 1590 1298 1644 sanctus.
1317 1587 1345 1647 3.
1365 1585 1437 1659 Ques
1450 1592 1477 1645 el
1502 1584 1677 1646 inhabitatio
1693 1584 1780 1667 liujus
1801 1585 1826 1644 iu
1845 1584 1885 1644 illo

1180 1680 1308 1736 uocatur.
1328 1677 1357 1736 a.
1381 1676 1446 1736 Cur
1457 1676 1580 1758 Spiritu
1598 1685 1696 1749 sarneio
1715 1684 1812 1736 anetus
1822 1675 1885 1735 dics-

1179 1774 1238 1827 tur.
1261 1770 1292 1828 6.
1321 1767 1388 1827 Non
1415 1766 1524 1830 dior'ure
1544 1777 1672 1843 centurie,
1697 1770 1747 1829 sed
1772 1767 1885 1829 lernam

1178 1858 1423 1921 ruts'oueuncturn
1444 1879 1501 1921 esse
1518 1858 1681 1935 Christum,
1704 1860 1761 1921 lete
1780 1878 1811 1922 ex
1825 1860 1886 1920 auti·

1177 1952 1243 2031 quis
1257 1951 1434 2013 ostenditur.
1451 1957 1482 2014 6.
1501 1953 1653 2014 Nonnulli
1675 1961 1770 2014 temni
1792 1951 1888 2015 Clristi

1179 2062 1279 2104 nomeu
1291 2043 1457 2119 diuinitati,
1470 2054 1610 2127 tunquam
1620 2047 1787 2129 proprium,
1806 2043 1885 2106 uindi-

1179 2144 1257 2196 eunt.

1180 2318 1205 2378 I.
1228 2319 1295 2379 Duo
1321 2327 1488 2400 supersunt
1506 2326 1702 2400 argumenta,
1723 2340 1790 2401 quae
1810 2320 1839 2381 in
1858 2336 1886 2379 es
1917 2346 1961 2397 sin

1023 2461 1029 2472 .
1048 2461 1054 2473 .
1139 2412 1312 2472 consentire
1325 2419 1444 2474 veteres
1458 2415 1636 2489 ostendunt,
1651 2415 1734 2494 quod
1746 2414 1836 2493 capite
1844 2431 1888 2471 an·
1916 2412 1961 2511 ἐξ

1138 2504 1298 2564 teredenis
1315 2505 1416 2584 posui,
1441 2505 1600 2566 Christum
1614 2506 1774 2567 hominem
1792 2504 1886 2565 diuini-
1903 2508 1961 2573 uses

1138 2599 1199 2655 tute
1214 2596 1292 2675 ipsa,
1310 2602 1340 2657 et
1360 2615 1431 2657 oum
1455 2616 1490 2658 ea
1507 2598 1725 2677 conjunctione
1737 2617 1799 2660 esse
1817 2615 1887 2657 sane
1903 2560 1961 2663 paq

1137 2691 1205 2746 tum
1221 2707 1227 2746 :
1245 2706 1380 2767 quorum
1394 2689 1528 2750 alterum
1538 2691 1571 2750 in
1580 2691 1726 2771 praesenti
1739 2690 1841 2772 eapite,
1860 2688 1886 2747 in
1960 2694 1961 2765 i

1137 2781 1337 2858 sequentibus
1347 2782 1480 2842 altorum
1492 2783 1688 2844 tractabitur.
1705 2785 1886 2859 Horumergo
1960 2780 1961 2807 ¹

1137 2890 1223 2950 prius
1238 2880 1293 2947 est,
1318 2875 1402 2953 quod
1427 2893 1466 2935 ox
1488 2875 1635 2935 unctione
1656 2876 1788 2951 ducitur,
1810 2890 1888 2953 aqua

1137 2963 1247 3024 Christi
1261 2983 1377 3025 nomen
1389 2974 1434 3026 est
1447 2972 1563 3027 ortum.
1589 2968 1657 3041 Quo
1675 2968 1799 3047 quidem
1814 2982 1887 3026 roca·

1136 3055 1212 3115 bulo
1246 3057 1391 3135 gratiam,
1420 3065 1451 3119 et
1485 3059 1678 3121 sanctitatem
1720 3058 1885 3132 adumbrari,

1138 3167 1187 3208 res
1199 3156 1245 3209 est
1259 3156 1333 3209 nota
1347 3169 1403 3230 per
1414 3170 1491 3211 sese.
1507 3156 1607 3232 Atque
1622 3154 1665 3214 ita
1678 3154 1810 3215 loannes
1824 3154 1888 3232 Aps
1958 3138 1960 3157 ¹

1139 3241 1236 3300 stolus
1256 3243 1289 3301 in
1317 3241 1461 3305 Consules
1475 3243 1621 3325 prima¹3
1644 3244 1706 3307 Sed
1730 3266 1776 3306 vos
1796 3248 1887 3306 nulio

1140 3351 1216 3409 nem,
1233 3333 1346 3413 inquit,
1360 3335 1500 3396 hubetisn
1515 3345 1623 3397 saneto.
1650 3339 1700 3411 Et,
1726 3336 1824 3399 Ursatio
1838 3335 1887 3417 ejus

1139 3423 1218 3484 docet
1240 3445 1290 3486 vos
1303 3427 1340 3487 de
1364 3427 1510 3488 omnihus
1525 3430 1623 3503 Quem
1635 3430 1675 3490 ad
1687 3430 1789 3493 locum
1800 3432 1888 3507 Augu·
1915 3162 1960 3495 ἐ

1141 3517 1253 3593 stirne,
1282 3539 1298 3576 a
1326 3519 1448 3597 Unetio,
1477 3521 1521 3581 ait
1544 3519 1568 3596 ¹,
1587 3522 1749 3585 invisibilis
1777 3521 1888 3603 Spiritus
1958 3592 1959 3597 η

1141 3615 1283 3670 saneim:
1313 3611 1419 3672 unctio
1446 3612 1611 3674 invisibilis
1636 3617 1747 3676 cantas
1773 3614 1821 3675 illa
1842 3618 1885 3681 est,
1958 3618 1959 3699 i

1140 3720 1211 3781 quae
1226 3703 1259 3762 in
1273 3722 1467 3785 quocumque
1481 3705 1584 3779 fuerit,
1601 3711 1750 3786 tanquam
1763 3707 1841 3767 radix
1852 3702 1886 3763 illi
1958 3706 1959 3719 ¹

1138 3793 1206 3866 erit,
1235 3794 1378 3874 quamvis
1405 3797 1533 3857 ardenta
1570 3797 1646 3870 sole,
1680 3817 1813 3859 arescere
1836 3813 1886 3856 non

1137 3891 1251 3963 potest.
1280 3908 1295 3944 a
1320 3886 1458 3948 Christus
1478 3889 1582 3968 itaque
1609 3895 1723 3951 unetus
1743 3891 1792 3952 illo
1812 3904 1885 3950 sensu

1138 3976 1250 4038 dieitur
1264 3978 1303 4038 ab
1319 3978 1466 4058 Apostolo
1481 3981 1570 4041 Petro
1584 3981 1764 4061 :Quomodq
1779 3977 1884 4060 inquil,

1139 4069 1226 4128 unrit
1248 4089 1314 4130 eum
1340 4073 1419 4131 Deus
1455 4071 1577 4152 Spiritu
1595 4082 1708 4149 sancto,
1732 4082 1760 4134 et
1786 4073 1882 4134 uirtute.
1957 4088 1958 4145 g

1141 4180 1156 4216 e
1171 4160 1288 4222 Unctus
1312 4169 1368 4236 est,
1384 4162 1524 4243 inquam,
1546 4165 1646 4241 lesus,
1662 4184 1728 4226 non
1748 4165 1811 4226 oleo
1829 4160 1886 4223 sisi·
1957 4156 1958 4165 ¹

1138 4250 1215 4328 hili;
1245 4253 1298 4314 sed
1319 4254 1402 4315 dono
1420 4256 1548 4333 gratiae:
1571 4257 1656 4337 quod
1679 4257 1790 4318 visibili
1807 4252 1884 4333 sigui·

1136 4346 1247 4407 fieatur
1260 4352 1431 4423 unguento,
1442 4366 1505 4427 quo
1518 4346 1687 4427 baptizatos
1700 4350 1788 4429 ungit
1799 4345 1883 4408 Ecde-

1138 4456 1195 4499 sra.
1217 4458 1232 4494 a
1883 4460 1888 4473 ·

1137 4639 1201 4682 esse
1217 4621 1305 4681 docet
1315 4623 1493 4703 Dionysius,
1509 4625 1659 4703 quoniam
1675 4647 1691 4683 a
1710 4623 1824 4691 fontalis
1836 4624 1882 4693 est,

1136 4713 1249 4792 inquit,
1290 4714 1375 4794 copia
1412 4716 1728 4795 fragrantissimorum
1759 4716 1881 4785 odomm

1137 4823 1208 4884 quea
1223 4805 1430 4869 divinissimos
1452 4827 1581 4889 vapores
1605 4807 1883 4873 inmutantibus

1137 4895 1209 4972 illis,
1221 4916 1291 4975 quae
1306 4900 1372 4960 Deo
1382 4917 1476 4979 quam
1489 4901 1657 4964 simillimae
1671 4908 1772 4964 sunt‘.
1787 4924 1802 4960 s
1818 4900 1882 4961 uam

1135 4992 1201 5049 tote
1226 4990 1363 5070 spiritus,
1387 5002 1419 5053 et
1442 4994 1550 5072 gratiae
1575 4995 1734 5074 plenitudo
1755 4995 1787 5056 ln
1807 4993 1882 5055 illum

1178 4530 1243 4589 lmo
1267 4547 1353 4606 vcro,
1377 4537 1574 4608 unguentum
1599 4532 1715 4612 ipsum,
1749 4530 1884 4592 Christum
1902 4548 1957 4869 [ἦ

353 5201 374 5240 u
394 5184 544 5254 Droueap.
561 5199 588 5239 tv
603 5182 639 5240 cle
652 5183 759 5239 Boules.
776 5186 858 5240 Hier.
873 5181 1087 5254 Λῦτδνὴμῖνδπο·
1134 5183 1880 5262 iridensdidos,&salapinaedsepqiueigslgrddsondlutm
1955 5178 1956 5231 l

317 5269 403 5345 γράφει
412 5268 453 5322 τὸν
468 5265 581 5337 Ἰησοῦν,
591 5269 696 5341 πηγαῖον
707 5267 767 5323 ὄντα
776 5267 818 5323 τὸν
828 5267 899 5322 θείων
910 5267 1007 5321 aldins
1018 5264 1085 5325 ἀντι·
1135 5272 1185 5322 τῶν
1195 5274 1286 5341 saeptis
1297 5268 1444 5325 ἀναδιδόντα
1451 5272 1507 5334 τοὺς
1514 5273 1653 5339 θειοτάτους
1662 5272 1758 5351 &palso
1955 5234 1956 5327 l

344 5442 446 5487 tteenn.
455 5451 491 5505 ap.
502 5450 518 5491 ι,
527 5449 576 5494 esp.
589 5448 615 5489 n,
628 5448 673 5481 ver.
687 5434 716 5481 aa
726 5443 749 5480 si
760 5436 794 5480 st.
803 5458 828 5470 -
841 5436 921 5491 sung.
930 5435 1002 5482 Trset.
1016 5443 1051 5487 ru,
1065 5434 1087 5479 tn
1100 5446 1149 5493 asp.
1161 5447 1187 5487 u,
1198 5437 1264 5493 mist.
1273 5449 1289 5489 1.
1302 5439 1382 5485 Mna.
1393 5458 1421 5474 -
1431 5440 1446 5485 s
1456 5443 1501 5487 Act.
1514 5453 1535 5493 ι,
1546 5441 1582 5488 ⁸8.
