4104 6160
190 468 1045 630 THEOLOGIGORUM
1107 473 1677 624 DOGMATUM

444 822 530 927 na
594 816 1147 928 rucnaunuoun
1218 815 1420 921 unam

596 1095 859 1178 LIBER
941 1090 1261 1177 SEXTUS

139 1335 175 1393 tu
192 1334 263 1403 QUO
281 1332 324 1389 lo
343 1332 518 1389 uAEutt'iicl
539 1328 666 1388 uolatu
685 1328 889 1393 catullinus,
921 1326 1070 1391 tiarati,
1104 1326 1148 1382 ET
1173 1322 1353 1381 EPHESINAE
1371 1322 1494 1380 SYNODl
1518 1322 1727 1380 luitoldus

388 1426 497 1498 einai,
525 1426 566 1482 ut
587 1425 803 1483 ltictouttls
822 1422 1066 1491 paeniturum,-
1085 1421 1128 1477 dC
1148 1418 1359 1484 unstoutus,
1379 1418 1476 1485 QUEM

208 1525 284 1583 itte
302 1522 527 1581 Cluuutictitt
548 1520 663 1578 Fuisse
682 1521 787 1588 otuu,
809 1519 920 1576 unctu
935 1516 1002 1575 PRO
1018 1516 1204 1573 llAEllll'llCO
1219 1513 1408 1572 DllllNlTUS
1422 1513 1652 1572 ostuuotuuu.

959 1978 1051 2034 natus
1066 1978 1122 2050 est,
1138 1971 1298 2052 cyrillum,
1315 1975 1346 2031 ct
1359 1970 1545 2051 Ephesinam
1557 1970 1724 2049 synodum,

958 2065 1128 2141 haereticos,
1154 2070 1185 2126 et
1206 2064 1337 2144 impios:
1360 2062 1399 2123 ab
1420 2062 1533 2142 quihus
1547 2061 1674 2141 injuste,
1690 2082 1726 2124 ac

958 2175 1015 2236 per
1029 2157 1106 2232 vim,
1122 2161 1153 2217 et
1165 2155 1364 2236 tyrannidem
1378 2172 1541 2234 oppressus
1555 2154 1724 2230 Nestorius,

309 2240 514 2341 ΠΡΟΘ
528 2240 566 2340 Ε
576 2240 699 2338 ΩΡΙ
710 2238 749 2338 Α
959 2267 1025 2309 non
1046 2248 1148 2308 solnm
1173 2248 1254 2309 inter
1272 2247 1412 2329 Ecclesiae
1432 2246 1582 2322 doctores,
1608 2251 1639 2305 et
1659 2264 1726 2309 ma-

959 2341 1070 2419 gistros
1099 2339 1137 2400 sit
1167 2340 1357 2414 habandus3
1386 2336 1439 2399 sed
1467 2337 1549 2397 inter
1575 2341 1728 2418 martyres

959 2450 1083 2512 quoquc
1097 2432 1318 2492 numerandus.

141 2527 316 2607 Erponitur
340 2524 413 2585 libri
436 2522 526 2604 lajas
548 2528 765 2604 uryumeutum,
788 2530 815 2583 et
834 2520 909 2582 scri·
999 2525 1079 2585 Nam
1089 2524 1127 2584 de
1137 2523 1253 2603 Cyrillo
1263 2523 1286 2599 *,
1297 2529 1328 2583 et
1342 2523 1503 2603 Ephesinis
1515 2522 1575 2583 illis
1584 2523 1728 2585 Patribus
1752 2546 1863 2601 Anonymi
1876 2547 1899 2590 a„

179 2615 268 2679 tendi
288 2635 387 2678 causa.
411 2614 586 2695 cujusmodi
602 2613 676 2674 liber
703 2613 739 2675 ub
762 2632 910 2694 anonymo
960 2615 1103 2694 nefanda,
1120 2622 1150 2676 et
1163 2616 1313 2677 hactenus
1330 2615 1469 2675 inaudita
1490 2614 1653 2676 circulator
1671 2615 1728 2678 iste
1772 2600 1881 2697 ⁶¹Jss¹ffl¹¹¹

178 2714 324 2790 scriptore
351 2715 453 2770 contro
479 2705 646 2788 Cyrsilum,
675 2710 705 2767 cl
726 2704 910 2787 Ephesinom
960 2708 1073 2784 garrit;
1088 2707 1285 2787 Apollinaris
1297 2705 1465 2780 Valentini,
1478 2707 1650 2782 Manichaei,
1666 2710 1727 2768 Eu·
1767 2705 1889 2802 upppppos

179 2800 325 2884 synodum
338 2800 379 2861 ait
391 2799 496 2861 ediles.
959 2798 1071 2878 tychis,
1093 2806 1125 2861 et
1144 2799 1280 2860 Dioscuri
1301 2798 1408 2875 socios,
1432 2805 1463 2859 ct
1483 2800 1646 2879 participes
1660 2800 1729 2862 illos
1773 2812 1900 2858 alumnia.

960 2892 1136 2965 nominans,
1157 2892 1196 2951 ad
1215 2909 1293 2969 quos
1307 2890 1435 2970 insuper
1453 2890 1599 2951 adscribit
1613 2893 1728 2971 Grego-

18 3004 116 3051 tnunn
180 2987 216 3046 In
229 2981 635 3065 gravissimisaetatiahujus
648 2980 861 3054 incommodis,
875 2998 911 3040 ac
960 2983 1043 3043 rium
1067 2984 1353 3062 Thaumaturgum,
1381 2984 1564 3063 Dionysium
1590 2984 1727 3046 Alexan-

12 3056 121 3156 'ffl'f
142 3077 222 3138 ritiis
235 3095 302 3137 non
317 3082 475 3156 postremo
491 3073 559 3135 loco
581 3073 765 3153 reponenda
785 3078 831 3133 est
843 3071 910 3151 opi·
960 3075 1098 3151 drinum,
1109 3075 1326 3152 Athanasium,
1337 3075 1642 3154 ctChrysostomum.
1658 3077 1729 3150 Qui·

11 3162 121 3211 ἨΜ
143 3169 237 3231 naudi
253 3167 464 3229 decatholicae
477 3166 549 3226 fidei
563 3165 656 3225 rebus
672 3163 795 3224 infinita
809 3164 910 3227 homi·
960 3167 1289 3228 uetiaminTrinitatis
1302 3167 1446 3242 dogmate
1460 3168 1594 3246 graviter
1607 3168 1731 3249 lapsum

143 3280 219 3323 num
232 3261 360 3322 libertas
371 3264 402 3320 et
414 3257 549 3323 licentia.
563 3258 711 3331 Quantam
724 3257 786 3316 late
797 3274 910 3335 propa-
960 3261 1106 3321 eumdem
1115 3278 1179 3321 esse
1189 3258 1350 3340 Cynillum,
1362 3263 1394 3321 ct
1404 3273 1475 3320 ante
1483 3260 1569 3321 hunc
1578 3261 1731 3322 Hilarium

142 3355 218 3441 gari,
234 3373 270 3414 ac
284 3371 317 3413 sc
330 3351 406 3412 adeo
423 3351 666 3429 intemperanter
685 3348 793 3409 efferre
807 3348 910 3427 coepit,
960 3352 1344 3413 affirmat.Sanctissimam
1354 3371 1446 3432 porro
1461 3351 1618 3433 Virginem
1626 3372 1731 3433 neque

1 3411 2 3504 1
143 3453 178 3507 ut
188 3447 230 3507 ad
246 3444 395 3525 ‹yuoelihet
412 3448 481 3502 tum
496 3440 644 3516 docenda,
667 3444 736 3500 tum
753 3440 909 3516 discenda,
959 3452 1083 3521 θεοτόκον,
1106 3462 1208 3523 neque
1225 3444 1280 3504 Dei
1299 3450 1431 3504 matrem
1451 3463 1516 3505 esse
1534 3446 1680 3525 proprie;
1701 3452 1732 3513 et
1756 3475 1881 3531 mmm,

145 3546 174 3599 et
184 3536 361 3618 profitenda
381 3534 556 3613 complures
574 3533 715 3611 apprime
733 3532 858 3606 inuenio
876 3550 912 3592 ac
961 3534 1000 3596 ab
1014 3535 1080 3595 istis
1091 3536 1218 3596 vocibus
1228 3534 1377 3595 abstineri
1388 3535 1481 3595 satius
1495 3535 1570 3597 iore.
1588 3538 1731 3599 Commu-

145 3631 302 3691 roluntate
328 3629 391 3689 sint
414 3626 526 3707 parati.
554 3624 707 3704 Equidem
736 3642 802 3684 non
829 3623 912 3684 istud
960 3627 1210 3706 menumquam
1233 3632 1355 3701 rucrint,
1380 3625 1564 3688 idiomatum
1586 3646 1645 3689 nec
1665 3648 1731 3692 essa

142 3723 242 3803 magis
252 3721 327 3782 alins
338 3717 588 3781 animadvertisse
598 3716 678 3777 mihi
687 3715 805 3791 videor,
817 3732 913 3794 quam
960 3738 1088 3795 revera;
1103 3737 1160 3781 nec
1173 3720 1206 3780 in
1216 3719 1383 3798 Scripturis
1397 3720 1537 3798 reperiri.
1555 3721 1616 3782 Sed
1630 3741 1731 3802 nequo

142 3814 190 3875 his
203 3812 370 3895 postremis
380 3812 482 3885 anius,
497 3809 611 3890 quibus
620 3826 783 3881 novarum,
798 3814 829 3869 ct
841 3807 913 3869 alie·
962 3812 999 3873 de
1013 3817 1197 3873 naturarum
1211 3812 1244 3872 in
1259 3811 1380 3872 Christo
1392 3811 1586 3891 copulatione
1599 3815 1672 3875 satis
1686 3835 1732 3875 rc·

143 3924 257 3968 narum
269 3905 310 3967 ah
323 3923 383 3965 usu
402 3902 545 3965 Ecclesiae
567 3900 762 3981 opinionum,
778 3918 814 3959 ac
833 3900 911 3979 dog·
962 3903 1080 3982 ligiose,
1096 3922 1132 3964 ac
1146 3904 1247 3966 sobrie
1259 3903 1352 3964 sentit
1365 3904 1403 3965 de
1417 3922 1489 3982 quo,
1510 3911 1547 3967 ut
1560 3912 1592 3966 ct
1604 3906 1732 3986 reliquis

143 4007 264 4061 matum
273 3998 394 4059 miresc
403 3994 502 4075 copia,
514 3993 685 4056 etvariatas
697 3992 816 4054 effudit.
831 3991 914 4052 Nihil
962 3996 1120 4073 omnihus,
1143 3996 1265 4077 plenius
1280 4014 1319 4057 ex
1335 3997 1392 4057 hac
1406 4001 1512 4058 nostra
1526 3997 1732 4077 disputatione

143 4092 180 4152 de
194 4091 315 4153 cacteris
327 4105 513 4168 conqueror,
529 4103 600 4166 qua
607 4085 674 4164 jam
688 4084 793 4145 andita
805 4083 912 4163 vulgo,
963 4088 1125 4149 constabit.

143 4188 372 4263 pervagataque
393 4185 476 4242 sunt.
502 4180 584 4240 Rem
609 4196 703 4238 narro
723 4195 787 4237 non
808 4176 915 4237 multis
1002 4180 1102 4259 HuJ'us
1114 4185 1222 4241 auctor
1230 4181 1451 4242 dissertationis
1460 4199 1672 4243 nomcnsuum
1681 4183 1731 4257 iis,

143 4276 273 4336 fumasse
295 4274 470 4352 cognitam:
495 4271 550 4332 aad
569 4270 609 4330 ad
633 4269 710 4349 ejus,
735 4269 819 4348 qrrod
838 4267 912 4337 dixi,
966 4272 1080 4352 quibus
1094 4272 1603 4349 cumlihrosuodamnanduserat,
1619 4274 1733 4334 silentii

144 4367 332 4448 capiendum
341 4364 499 4445 specimen
510 4361 664 4442 imprimis
674 4361 829 4422 idoneam.
845 4360 915 4421 Edi·
963 4364 1099 4426 tenebris
1117 4365 1277 4445 oppressit.
1306 4367 1369 4426 Hoc
1388 4383 1488 4426 unum
1510 4374 1626 4443 tamen,
1651 4366 1734 4445 quod

143 4465 193 4520 tus
205 4463 254 4520 est
264 4475 349 4519 anno
360 4455 519 4536 superiore
532 4454 609 4515 tots
623 4452 701 4514 liber
713 4452 852 4532 quidam,
865 4452 916 4513 vel
964 4456 1041 4517 scire
1055 4456 1205 4532 interluit,
1221 4462 1302 4518 secta
1321 4474 1353 4518 se
1372 4474 1437 4518 esse
1456 4456 1670 4518 Celsinianum
1683 4457 1734 4518 in·

144 4556 326 4629 portentum
346 4548 420 4609 libri
440 4548 562 4628 potius:
583 4545 671 4624 cujus
694 4550 916 4624 argumentum
964 4547 1067 4623 dieat;
1090 4547 1136 4608 uli
1159 4566 1199 4609 ne
1223 4548 1298 4610 illud
1324 4548 1547 4628 ignoraremus,
1575 4549 1735 4610 undenam

144 4649 189 4703 est
213 4641 379 4721 ejusmodi,
399 4638 491 4720 quale
514 4655 606 4699 nemo
630 4635 776 4717 suspicari
800 4643 913 4716 posset,
965 4644 1208 4701 consentaneum
1230 4641 1270 4701 sit
1292 4640 1366 4700 talia
1379 4640 1516 4720 perfidia
1529 4646 1683 4720 portenta,
1705 4646 1736 4702 et

144 4752 239 4797 nemo
250 4733 468 4805 sinehonore,
481 4728 837 4806 etexecrationelegere.
852 4729 917 4789 lioc
964 4749 1086 4791 venena
1108 4731 1244 4810 prodire.
1270 4733 1424 4792 Caeterum
1438 4731 1569 4811 scriptus
1585 4732 1637 4793 ille
1656 4732 1736 4793 liber

144 4823 517 4887 enimdemonstrandum
527 4820 665 4900 suscipit,
673 4820 848 4880 Nestorium
860 4819 917 4880 im-
966 4826 1011 4882 est
1031 4823 1167 4901 impura,
1192 4829 1223 4884 et
1243 4823 1404 4903 inquinato
1430 4841 1592 4900 sermone;
1620 4828 1654 4885 in
1673 4843 1736 4904 quo

145 4918 350 4998 purissimum
364 4913 617 4990 heresiarcham,
631 4911 721 4992 pium
740 4916 770 4973 et
788 4912 917 4973 catholi·
966 4913 1038 4993 styli
1061 4914 1219 4975 barbaries
1243 4933 1316 4975 cum
1341 4915 1518 4994 argumenti
1541 4916 1736 4978 immanitate

144 5028 217 5071 cum
236 5010 350 5072 fadsse:
369 5008 438 5070 illos
455 5011 573 5084 autem,
597 5022 616 5065 a
639 5002 752 5084 quihus
769 5005 915 5066 condem·
966 5006 1135 5068 contendit.
1166 5008 1218 5068 Est
1245 5007 1330 5067 enim
1351 5008 1508 5088 putidum,
1537 5013 1568 5068 et
1587 5008 1627 5069 ab
1651 5009 1737 5070 omni

178 5216 186 5234 '
202 5214 305 5281 linquar
317 5213 342 5265 in
364 5211 476 5277 cyrillum
495 5209 564 5263 chan
577 5206 688 5275 dupinius
709 5207 759 5270 luit,
785 5206 827 5259 etsi
849 5207 913 5259 illurn
968 5208 1059 5274 egregie
1072 5206 1180 5261 defendit.
1196 5209 1242 5261 Pro
1259 5209 1344 5276 cyrillo
1364 5215 1466 5275 pugnant
1482 5209 1550 5261 etiarn
1564 5210 1735 5276 thomassinus,

144 5296 227 5358 postea
248 5290 277 5342 de
303 5288 397 5356 pristina
417 5286 530 5341 scatentia
553 5283 685 5337 (timuisse
712 5286 788 5335 narrat
813 5283 915 5335 eruditus
967 5282 1014 5336 heo
1027 5283 1124 5336 dilutius
1139 5283 1163 5335 io
1183 5283 1292 5337 threiciis
1310 5284 1390 5351 synodi
1412 5285 1542 5352 Ephesiae,
1570 5289 1593 5338 et
1613 5286 1738 5342 cotelerius

145 5369 172 5419 Ρ.
187 5367 277 5420 mucio
293 5365 430 5417 indistorta
449 5359 632 5423 Nestodanisni,
654 5357 694 5422 otti
718 5358 785 5411 elien
805 5356 914 5423 Cyrillun
969 5360 997 5410 Τ.
1014 5360 1032 5412 l.
1048 5373 1151 5414 monum.
1164 5359 1255 5413 Eccles.
1270 5360 1364 5414 Graece.
1567 5362 1594 5413 i.
1615 5366 1643 5415 lt.
1658 5363 1684 5414 t.

306 5457 382 5519 Tou.
405 5456 460 5516 vl.
1558 5457 1573 5512 t
