4076 6180
595 341 644 401 DE
664 339 964 420 INGARNATIONE,
987 340 1061 403 LIB.
1085 341 1165 423 XIII,
1189 344 1275 408 aas.
1299 343 1352 403 VI.
1700 343 1755 408 biit

165 505 307 567 omniurn
326 505 508 584 ,luminare
548 505 743 569 confirmavit
769 508 941 569 bonitatem
990 527 1054 570 noa
1074 516 1120 570 est
1144 528 1183 571 ex
1208 512 1282 575 beo.
1312 511 1425 572 Perdet
1451 511 1558 571 utitem
1584 508 1652 569 illos
1680 509 1761 569 Deus

164 598 230 658 Dei
241 616 336 678 super
345 599 505 661 universos
519 599 660 660 homines
674 618 739 661 esse
750 600 938 679 generalem.
985 600 1068 678 juste
1092 602 1280 681 judicando,
1311 603 1394 683 quod
1423 601 1569 680 competit
1587 603 1662 661 Deo.
1691 601 1761 663 Nou

165 690 355 768 Adjieiendo
368 696 484 768 auem,
505 691 633 752 maesse
646 691 793 768 fidelium
808 691 942 753 ostendit
989 693 1073 753 enim
1085 713 1138 755 eos
1155 695 1357 774 Deusjadieio
1372 695 1524 774 perderet,
1546 692 1607 752 nisi
1622 710 1761 770 persnas

163 798 237 843 esse
251 788 372 862 partem
385 784 730 864 generisbumaai,qne
747 786 858 846 meriio
868 784 940 845 fidei
988 786 1166 864 iniquitates
1182 788 1239 868 ipsi
1249 788 1420 867 periissent.
1437 785 1595 865 Scriptum
1607 784 1758 849 estenim:

163 873 321 935 diviailas
353 876 511 956 inspirate
553 876 593 937 ad
635 894 812 952 summam,
848 886 940 955 atque
988 877 1163 958 Defrrcerunt
1178 897 1193 955 ,·
1222 882 1378 959 perierunt
1408 887 1537 959 prepter
1573 877 1759 957 iniquitatem

163 969 322 1027 eternam
342 968 473 1029 salutem
494 968 676 1051 specialibus
695 968 853 1032 beneficiis
870 987 941 1051 pro·
987 987 1082 1033 suan.
1100 970 1239 1033 Deiectus
1254 990 1327 1049 ergo
1342 988 1499 1032 asumma
1522 970 1605 1030 bono
1627 968 1666 1029 ad
1689 967 1760 1029 infl-

165 1056 318 1121 vehatur.
334 1080 350 1117 a
988 1078 1077 1125 mum
1092 1062 1223 1139 bonum,
1236 1065 1294 1125 hoc
1308 1070 1353 1125 θεῖ
1365 1063 1532 1144 peccatoris
1545 1061 1718 1141 proprium,
1730 1066 1761 1121 st

987 1154 1198 1216 voluntarium
1208 1156 1338 1232 maium,
1349 1173 1412 1235 quo
1421 1154 1648 1233 maleseipsum
1660 1152 1761 1232 perdit

987 1244 1132 1322 injustus.
1155 1248 1191 1308 Et
1204 1248 1279 1327 quia
1298 1248 1371 1309 huic
1391 1247 1474 1308 malo
1496 1251 1603 1307 auctor
1628 1263 1693 1306 aon
1715 1249 1760 1307 θεῖ

988 1338 1080 1415 Deus,
1095 1339 1148 1400 sed
1163 1339 1259 1400 homo
1271 1357 1455 1418 perversus3
1471 1338 1564 1418 digne
1583 1337 1687 1416 itaque
1700 1338 1758 1399 Iso·

987 1429 1076 1502 mini,
1106 1432 1161 1511 qui
1187 1450 1219 1493 se
1244 1432 1376 1511 perdidit
1403 1436 1539 1510 peceato,
1564 1429 1704 1491 redditur
1726 1430 1759 1495 iu

391 1535 423 1619 C
435 1537 587 1623 APUT
639 1539 672 1618 V
685 1539 700 1624 Ι
987 1524 1151 1583 tormentis
1174 1529 1291 1584 eterna
1313 1523 1480 1603 perditio:
1517 1529 1552 1583 ut
1575 1528 1682 1601 pereat
1705 1523 1758 1601 qai

708 1604 715 1619 ’
988 1614 1088 1691 perire
1109 1615 1217 1691 volult,
1244 1622 1436 1677 nontamen
1458 1617 1500 1676 ste
1526 1619 1631 1693 pereat
1652 1632 1760 1692 qrrem·

988 1704 1157 1769 admodum
1179 1707 1288 1782 voluit,
1305 1714 1364 1770 ete..
1392 1710 1481 1769 iuste
1508 1707 1634 1785 quidem
1657 1712 1703 1766 est
1724 1706 1755 1770 iu

987 1797 1159 1876 perditione
1191 1801 1308 1879 peccati
1335 1800 1498 1875 dimissus,
1532 1817 1594 1879 quo
1633 1796 1758 1881 propria
1858 1797 1862 1805 '

988 1889 1096 1951 cecidit
1108 1892 1276 1955 voluntate.
1293 1912 1308 1952 a

161 1971 284 2036 Eadem
298 1975 403 2038 salutis
416 1984 547 2040 omnium
567 1977 699 2040 voluutas
715 1979 776 2041 Dei
791 1980 938 2061 probatur
1028 1982 1078 2044 Sic
1090 1983 1124 2043 ia
1136 1985 1234 2065 capite
1256 2001 1331 2046 xxiv
1353 1984 1425 2045 libri
1446 1984 1584 2062 ejusdem
1609 1984 1702 2063 prImi
1721 1981 1760 2045 ud

206 2084 245 2127 ea
273 2067 314 2128 iis
337 2068 498 2148 Patribus,
525 2071 579 2152 qni
601 2072 744 2152 Prospero
766 2072 938 2153 posteriores
988 2071 1165 2150 Mancinum,
1190 2075 1482 2138 Psoedastinctionem
1504 2074 1544 2136 od
1564 2074 1755 2156 supplicium,

206 2157 344 2237 suerunt.
361 2165 390 2223 I.
406 2162 438 2224 F
440 2162 583 2243 algentia.
607 2169 637 2227 b.
662 2163 817 2244 Africanis
827 2165 936 2245 spisso·
987 2164 1019 2226 id
1046 2171 1091 2227 est
1116 2167 1363 2249 reprobationem,
1392 2186 1430 2228 ex
1456 2167 1648 2248 preseIsntia
1668 2167 1758 2230 malea

201 2252 268 2331 pis.
293 2253 323 2314 3.
350 2255 566 2335 Hypsenostici
589 2264 717 2318 auctore.
746 2264 776 2318 4.
799 2256 938 2320 Enrsodic
987 2257 1164 2332 voluntatis,
1196 2264 1227 2321 et
1253 2259 1443 2336 deiectionis
1468 2277 1594 2321 canem
1613 2258 1759 2322 habuisse

210 2342 369 2406 stinsnsi.
387 2345 460 2407 I'ans
475 2366 512 2408 aar
521 2346 936 2411 Proedestinatorunslcsreti·
987 2350 1068 2411 dicit.
1107 2353 1320 2413 «ostensurus
1345 2353 1452 2431 itaque
1475 2354 1570 2425 Deus,
1595 2352 1657 2424 ait,
1684 2353 1760 2430 quid

207 2453 308 2496 aarum
326 2435 457 2513 (terretis,
469 2457 536 2519 ques
553 2438 698 2501 Catholici
714 2449 934 2520 oppugnarunt.
987 2441 1181 2503 reddendum
1200 2445 1399 2522 praesciverit,
1415 2449 1446 2504 st
1466 2444 1541 2523 quid
1563 2443 1756 2517 donandum,

207 2528 238 2589 5.
256 2529 299 2588 Dr
316 2547 376 2609 pua
399 2529 506 2592 teresi
526 2532 675 2593 occasione
693 2530 765 2595 dota
784 2532 938 2594 disseritur
987 2535 1217 2615 predestinavit
1231 2536 1300 2597 iilos
1313 2536 1353 2597 ad
1366 2536 1562 2616 supplicium,
1586 2555 1664 2615 quos
1686 2558 1705 2599 a
1728 2555 1760 2599 se

209 2639 247 2680 es
262 2619 421 2698 Generalis,
437 2630 466 2683 et
479 2622 560 2685 aliis.
582 2627 612 2685 6.
636 2624 798 2705 Augustani
810 2633 938 2706 ternpore
987 2627 1143 2705 prescivit
1160 2628 1327 2690 voluntatis
1348 2628 1439 2690 maiae
1461 2628 1538 2689 vitio
1559 2628 1757 2691 discessuros.

207 2714 358 2793 sumpsisse
372 2714 489 2775 uidetur
502 2715 624 2777 initiunt
639 2715 720 2796 apud
732 2716 937 2779 Adrumetinus
988 2719 1028 2779 Et
1050 2720 1282 2798 predestinavit
1311 2721 1350 2781 ad
1377 2738 1528 2797 regnum,
1556 2738 1635 2799 qaros
1662 2721 1701 2781 ad
1726 2739 1759 2781 se

206 2804 416 2867 namnetensi.
440 2804 641 2870 Nihilominus
653 2809 741 2870 etiam
758 2809 937 2871 calumniose
987 2811 1143 2890 prescivit
1165 2812 1383 2873 misericordie
1404 2812 1621 2891 prevenientis
1643 2812 1757 2873 auxilie

207 2904 309 2959 notans
330 2897 417 2958 illius
436 2898 602 2960 inusserunt
617 2901 780 2980 Augustini
797 2900 938 2963 doctrines
987 2902 1150 2977 redituros,
1166 2909 1197 2963 et
1209 2904 1241 2964 in
1257 2921 1300 2978 se,
1314 2903 1532 2964 misericordie
1545 2904 1759 2983 subsequentis

205 2989 473 3070 propugnatoribus
484 2991 593 3071 atique.
611 2994 640 3052 8.
653 2992 787 3054 Muairns
803 2992 937 3073 Serape-
987 2994 1103 3055 auxilio
1118 3013 1183 3055 esse
1197 3013 1373 3057 mansuros.
1388 3017 1404 3055 a
1420 2997 1458 3057 Et
1476 2996 1507 3057 iu
1528 2997 1629 3076 capite
1649 3014 1757 3062 xxvus

209 3079 337 3160 lupiani,
359 3090 391 3143 ut
410 3080 536 3145 Faustus
552 3082 691 3145 Iteiensis.
711 3088 740 3145 9.
766 3085 807 3146 Et
829 3087 939 3146 Audon
991 3087 1109 3148 adsiste
1138 3094 1183 3148 est
1208 3087 1247 3148 ad
1274 3087 1482 3166 punitionem,
1510 3088 1624 3167 inquit,
1654 3087 1761 3151 divine

210 3171 293 3249 libri,
308 3173 362 3254 qui
373 3173 609 3236 Prcsdestinatas
634 3175 815 3253 inscribitur,
831 3178 868 3238 de
881 3196 938 3259 quo
987 3179 1130 3257 equitate
1141 3180 1387 3259 predestinatus,
1406 3179 1480 3259 quia
1492 3186 1633 3260 peccator
1647 3187 1693 3242 est
1711 3182 1759 3243 di·

204 3262 354 3346 judicium
368 3265 477 3346 fertur.
500 3266 547 3328 Et
569 3266 687 3347 Pedspii
707 3268 879 3350 implicatus
892 3288 938 3331 er·
987 3271 1060 3332 vina
1099 3271 1273 3350 cognitione
1315 3274 1476 3351 praescitus
1514 3292 1522 3333 ε
1563 3278 1671 3353 utpote
1705 3273 1758 3354 qui

208 3374 276 3417 rore
289 3356 379 3436 fnisse
396 3358 592 3420 conuincitur.
615 3363 663 3421 ti.
689 3359 727 3423 tn
740 3369 768 3421 st
789 3361 939 3433 Arretina
987 3362 1196 3442 iniquitatem,
1214 3364 1252 3426 ad
1268 3382 1364 3444 quam
1377 3383 1395 3425 a
1408 3366 1471 3426 Deo
1486 3383 1551 3426 non
1568 3371 1614 3426 est
1627 3366 1759 3445 predes-

200 3449 322 3531 juaior.
337 3453 387 3513 12.
407 3449 515 3512 Utrum
528 3450 859 3514 Praedastinatiaaoruns
880 3451 939 3516 tice·
986 3455 1103 3517 tinctus
1118 3457 1262 3535 ,propria
1275 3459 1356 3518 esset
1368 3455 1528 3519 voluntate
1548 3456 1695 3521 facturus.
1718 3460 1759 3521 Ut

206 3546 267 3605 resi
297 3541 521 3604 adscribendum
554 3545 610 3620 sit,
646 3544 745 3606 dicere
767 3545 877 3626 als'quas
898 3545 937 3607 sd
986 3547 1020 3610 iu
1035 3566 1098 3627 quo
1111 3548 1304 3627 prescientia
1320 3548 1373 3610 Dei
1386 3549 1665 3613 videbatfaturum
1678 3569 1758 3631 opus

208 3634 364 3695 interitum
381 3633 605 3714 praedestinatos
619 3654 684 3697 save.
711 3638 758 3699 13.
781 3636 835 3697 Ea
854 3656 937 3718 supe·
986 3640 1149 3719 injustum,
1173 3641 1246 3703 huic
1264 3659 1320 3721 per
1337 3641 1614 3720 predestinationis
1634 3648 1758 3705 sentcn-

208 3724 287 3789 riori
308 3733 367 3787 tota
387 3725 586 3806 disputatione
612 3734 819 3806 argumentum
847 3727 936 3807 confi·
989 3732 1066 3793 tiam
1083 3739 1208 3812 pararet
1227 3733 1413 3813 suppliciam
1429 3734 1562 3813 justum.
1583 3756 1599 3794 u
1616 3737 1694 3798 Item
1711 3753 1760 3798 ea·

207 3819 303 3896 citur,
324 3837 382 3898 prro
405 3816 551 3899 probatur
573 3817 631 3880 Dei
655 3818 833 3884 voluntatem
860 3839 934 3900 esse,
986 3824 1050 3905 pite
1063 3841 1121 3889 xxx
1142 3830 1173 3887 et
1196 3825 1323 3901 ultim03
1352 3827 1486 3888 «Porro
1508 3826 1672 3890 infidelitas
1693 3847 1759 3891 non

207 3909 342 3995 qsuvuit
358 3909 560 3975 annessaiass
572 3910 655 3994 fieri.
987 3918 1190 3991 credentium,
1215 3918 1329 3997 inquit,
1354 3936 1419 3979 non
1441 3918 1481 3981 ad
1503 3921 1758 3989 constitutionem

987 4009 1052 4079 bet.
1070 4010 1123 4071 sed
1136 4009 1175 4070 ad
1190 4010 1415 4090 prescientiam
1428 4010 1590 4073 referenda
1608 4019 1673 4088 θεῖς
1689 4032 1757 4095 que

208 4097 235 4160 1.
257 4099 303 4159 Er
324 4097 372 4167 its,
388 4096 442 4178 qai
455 4096 639 4178 posteriores
652 4096 756 4159 vixere
770 4099 935 4179 Prospere,
986 4119 1051 4165 aon
1072 4103 1142 4164 ideo
1165 4103 1379 4165 nemssitetem
1400 4122 1465 4165 non
1481 4105 1626 4166 credendi
1639 4105 1755 4180 intulit,

4 4148 137 4252 idii'nn‘iiss
166 4190 313 4254 studiosis
338 4191 502 4268 Augmtiai
529 4189 691 4268 Patribus,
716 4192 937 4254 memorandus
986 4194 1135 4274 quistalli
1149 4196 1187 4258 de
1208 4214 1255 4269 ea,
1271 4214 1342 4276 que
1362 4195 1466 4259 futura
1483 4204 1559 4275 erat,
1575 4198 1757 4262 infidelitate

4 4259 126 4357 ’,ξιιζῗέῗζ
166 4289 214 4346 θεῖ
247 4283 401 4364 imprimis
432 4282 612 4363 Fuigentius
643 4303 650 4344 ε
686 4284 773 4363 cajus
809 4292 937 4365 propter
985 4305 1050 4348 nou
1065 4286 1201 4367 potuit.»
1219 4288 1252 4349 Si
1266 4289 1449 4369 exprevisa
1463 4289 1758 4356 voluntariainflda·

4 4364 123 4421 ΜΨ·
164 4377 372 4453 sanctitatem,
387 4379 418 4436 et
435 4374 618 4455 exquisitam
630 4375 810 4437 disiaarum
829 4394 936 4437 rerum
984 4377 1082 4456 litate,
1110 4380 1143 4441 id
1165 4385 1211 4441 est
1234 4380 1359 4460 propria
1375 4387 1406 4443 et
1426 4383 1583 4462 personali
1603 4383 1695 4465 calpa
1709 4403 1756 4448 rc·

164 4468 337 4542 seientiam,
352 4467 508 4548 precipua
521 4467 554 4529 in
572 4468 706 4530 Ecclesia
722 4468 871 4530 catholica
891 4473 936 4530 est
985 4471 1084 4549 probi,
1107 4473 1336 4551 praedestinatio
1359 4479 1464 4536 secuta
1483 4480 1531 4536 est
1553 4494 1665 4555 paene,
1689 4477 1755 4540 siva

164 4561 342 4625 auctoritas.
359 4562 460 4639 Atque
482 4559 534 4621 ille
556 4560 683 4639 quidem
702 4561 879 4639 generalem
901 4561 935 4622 in
984 4563 1181 4645 reprobati03
1197 4583 1261 4626 noa
1276 4564 1407 4626 dubium
1421 4574 1479 4643 est,
1495 4567 1571 4646 quia
1592 4567 1675 4630 idem
1688 4569 1752 4645 ille,

166 4656 230 4718 Deo
251 4654 444 4715 voluntatem
477 4651 611 4715 residere
638 4653 745 4715 saisitis
776 4654 932 4731 omnibus,
984 4656 1147 4736 quilibere
1170 4662 1344 4737 peecatum,
1360 4663 1392 4718 et
1414 4658 1629 4722 infidelitatem
1648 4661 1751 4742 elegit,

163 4751 319 4828 quantam
331 4747 365 4807 in
379 4764 412 4807 se
429 4750 487 4821 est,
510 4744 688 4823 largienda,
710 4745 794 4807 baud
806 4745 934 4808 obscure
983 4748 1023 4809 ob
1046 4766 1142 4828 quam
1165 4749 1415 4828 reprobatusest,
1432 4752 1568 4832 potuerit
1587 4752 1668 4815 hanc
1687 4774 1753 4818 non

165 4838 358 4919 comprobat,
375 4839 450 4899 dum
465 4836 612 4917 reprobos
631 4839 806 4901 volvmtaria
825 4845 934 4919 suapte
983 4840 1109 4921 eligere,
1126 4842 1217 4921 eique
1237 4842 1292 4903 bei
1311 4843 1452 4922 gratiam,
1469 4849 1499 4905 et
1517 4845 1650 4907 salutem
1663 4852 1752 4909 ante·

164 4929 258 5010 eulpa
271 4930 372 5009 perire
385 4928 540 5008 significat
555 4950 562 4990 :
579 4935 615 4990 at
625 4930 652 4991 si
662 4931 793 5005 nollent,
803 4932 934 5011 perituri
981 4931 1080 5009 ferre3
1103 4933 1187 5011 quod
1209 4934 1298 4995 nulla
1320 4934 1413 4996 modo
1439 4942 1557 5016 posset,
1584 4937 1610 4998 si
1633 4938 1753 5002 nullam

164 5024 405 5085 nonessent.1n
426 5023 507 5084 libro
521 5022 622 5102 primo
640 5021 679 5084 acl
699 5023 934 5101 Mancinumea-
982 5025 1048 5104 ejus
1074 5023 1227 5086 liberandi
1254 5025 1447 5088 voluntatem
1475 5028 1555 5089 Deus
1583 5029 1750 5094 habuisset.

164 5115 307 5195 pitcxix,
321 5115 398 5177 illud
413 5133 581 5195 exponens,
597 5116 934 5195 peccatum,acmalam
983 5119 1139 5179 Ceterum
1171 5117 1352 5197 Fuigentius
1384 5119 1484 5192 idem,
1520 5122 1752 5201 predestinatos

167 5208 358 5269 solvvntatem
383 5227 447 5269 non
470 5225 489 5268 a
515 5208 580 5269 Deo
605 5207 832 5287 predestInari,
853 5208 935 5270 inter
983 5210 1119 5290 gratuita
1145 5209 1199 5270 Dei
1225 5209 1433 5288 benignitate,
1459 5230 1524 5273 non
1551 5232 1590 5275 ex
1614 5217 1750 5294 precisis

166 5307 278 5363 cetera
296 5300 340 5360 sic
358 5299 464 5360 scribit
488 5318 495 5359 :
524 5299 611 5377 aisti⁴
626 5318 711 5379 crgo,
724 5300 778 5379 qui
797 5318 829 5361 se
848 5300 934 5361 elon·
984 5321 1092 5364 eorum
1107 5301 1226 5363 meritis
1237 5302 1360 5377 electae,
1376 5309 1408 5365 et
1424 5324 1442 5365 a
1457 5306 1638 5385 perditionis
1651 5327 1750 5372 massa

164 5398 252 5472 gant,
266 5397 298 5452 et
315 5390 539 5452 fornicantura
555 5391 629 5467 Deo,
652 5392 758 5470 utique
778 5393 930 5471 peccando
979 5400 1154 5474 segregatos
1169 5394 1262 5455 fuisse
1276 5396 1390 5475 passim
1403 5397 1559 5475 predicat.
1574 5400 1656 5460 Utin
1668 5401 1748 5463 libro

165 5488 299 5563 pereunt
323 5500 379 5562 per
391 5499 482 5544 stram
504 5482 621 5545 mabar
640 5483 930 5564 solvendamque
979 5488 1082 5567 primo
1093 5486 1128 5549 de
1140 5486 1261 5551 ueritate
1276 5486 1553 5568 praedestinatianis,
1582 5491 1662 5553 aab
1679 5493 1745 5567 illa,
