3936 6146
257 278 315 344 stu
762 271 1089 340 semronitarum
1109 270 1331 339 munerun

257 437 371 518 Ephesi
396 438 477 500 diota
502 437 536 499 in
563 436 663 499 Natali
690 436 830 512 Domini,
861 437 1027 518 gentilium
1077 441 1167 517 posti
1188 436 1284 499 «Non
1297 452 1372 516 ergo
1386 452 1441 515 per
1454 434 1670 513 meorpoream
1683 435 1838 505 nonnam,

258 530 419 608 propriam
429 547 493 589 esse
503 529 577 589 dicit
586 530 645 588 hoe
654 529 767 607 ipsum,
779 530 863 607 qnod
871 529 1025 604 Calvinus,
1077 527 1130 589 sed
1148 547 1204 607 per
1225 528 1458 589 resurrectionis
1479 528 1669 607 qualitatem,
1695 524 1842 606 impervia

259 626 290 680 et
302 621 416 681 similes
430 620 546 681 iaciunt
558 620 705 692 haeretiei,
726 627 762 680 nt
781 639 893 700 eorpus
914 622 1026 681 Christi
1078 638 1135 680 usu
1159 620 1261 680 clausa
1288 622 1469 700 penetravit.
1491 621 1570 680 Nam
1593 619 1676 699 quod
1695 616 1840 696 tangitur,

260 712 388 771 minime
414 714 542 774 credant
563 712 661 771 solida
684 730 739 791 pcr
761 713 918 774 obstacula
945 713 1027 773 intro
1078 729 1189 791 corpus
1211 719 1273 788 est;
1297 712 1381 791 qnod
1403 713 1554 792 palpatur,
1579 729 1690 791 eorpus
1712 716 1760 770 est
1783 728 1790 768 ε
1813 709 1842 768 in

260 822 325 864 sese
348 810 534 883 penetrasse.
566 826 582 861 ιι
601 805 748 881 Audiens,
772 806 885 883 inquit,
904 805 1028 884 gentilis
1078 823 1206 883 corpure
1221 810 1325 865 autem
1340 822 1547 882 resurgemus.
1571 804 1745 865 Semiuatur
1772 800 1843 862 euim

261 897 363 956 celausa
392 896 489 974 janua
524 896 701 976 ingressum
736 915 802 957 esse
838 896 1028 958 Salvatorem
1078 896 1328 977 corpusauimule,
1353 898 1450 976 surpit
1480 915 1586 978 eor-pm
1598 894 1775 976 spirituale.
1787 893 1843 954 Sed

260 989 462 1049 transducens
487 1005 623 1049 erassum
648 989 731 1050 istud
753 1007 879 1067 eorpus,
905 995 936 1049 et
961 990 1028 1050 loro
1079 989 1155 1049 illud
1180 988 1330 1055 subtilius.
1359 991 1417 1049 hoe
1435 988 1582 1063 erassins;
1615 992 1722 1067 utpote
1748 987 1845 1046 adhuc.

261 1081 414 1157 indigens,
429 1080 546 1154 irridet,
560 1100 617 1140 nee
625 1081 772 1141 miraculo
782 1081 877 1141 tidem
891 1081 1027 1155 adhibet;
1079 1085 1211 1142 terrena
1233 1080 1312 1141 iubis
1337 1082 1484 1159 qualitate
1505 1084 1694 1141 concretum.
1710 1100 1726 1137 n
1755 1080 1795 1139 Et
1814 1078 1845 1137 in

264 1173 318 1233 sed
332 1173 377 1233 rei
391 1174 542 1233 rationem
558 1173 722 1252 inquirit“.
739 1199 752 1226 »
1083 1178 1211 1233 {metatu
1240 1174 1272 1233 iu
1301 1172 1475 1255 Symbolum
1500 1172 1721 1253 Apostolorum,
1753 1169 1845 1250 eapite

303 1265 513 1325 Theodoretus
536 1283 658 1345 quoque
680 1266 712 1326 in
739 1266 861 1344 dialogo
883 1266 1029 1343 seorrndo,
1080 1265 1342 1339 vicesimo-nono,
1366 1265 1472 1326 multis
1490 1266 1567 1326 illuri
1585 1264 1776 1326 miraculum
1795 1281 1844 1341 up·

266 1376 303 1417 ex
330 1375 459 1436 persona
488 1357 666 1430 orthodoxi,
691 1358 773 1418 idem
800 1360 918 1434 asserit,
944 1359 1032 1437 eujus
1081 1358 1200 1436 probat.
1221 1358 1331 1418 «Illud
1345 1364 1460 1434 nutem,
1473 1358 1556 1437 qnod
1570 1363 1639 1437 post
1652 1355 1844 1417 resurreetio

266 1450 361 1510 verba
372 1450 466 1529 paulo
480 1456 551 1510 ante
569 1451 722 1529 descripta
732 1450 836 1511 sunt¹.
1081 1468 1166 1521 nem,
1180 1448 1292 1528 inquit,
1315 1450 1355 1509 ad
1378 1450 1544 1529 discipulos
1565 1450 1674 1510 clausis
1692 1450 1846 1527 ingressus

103 1539 233 1639 lffipuffi·
310 1543 375 1602 Vll.
400 1542 443 1602 Ex
466 1542 583 1603 Latinis
604 1542 741 1602 Hilarius
768 1542 848 1602 libro
875 1543 966 1602 tertio
998 1541 1033 1603 de
1082 1540 1252 1618 estjanuis,
1273 1541 1411 1618 ejusdem
1433 1542 1555 1603 virtutis
1566 1543 1636 1617 fuit,
1650 1543 1741 1620 cujus
1767 1546 1797 1601 et
1816 1544 1848 1599 nt

119 1647 218 1712 nutritus
268 1633 415 1693 Trim'tota
424 1634 609 1694 miraculum
623 1634 705 1694 istud
720 1635 877 1713 predicat,
894 1640 925 1694 et
937 1634 1032 1694 latere
1083 1650 1121 1693 ex
1144 1650 1253 1694 eorum
1277 1632 1373 1692 ocrtlis
1399 1634 1535 1706 evanuit,
1553 1639 1611 1694 etc.
1637 1635 1796 1713 Lynceus,
1817 1637 1848 1691 ut

121 1702 213 1747 Μ*
266 1727 396 1786 modum
409 1724 502 1800 iliius,
518 1744 553 1786 ao
566 1726 874 1787 rationemaitirmat.
893 1748 907 1784 a
921 1728 1032 1800 Quaero
1082 1724 1194 1784 fabular
1214 1724 1328 1796 ierunt,
1350 1724 1474 1786 ridebat
1495 1725 1574 1786 ultra
1600 1727 1775 1804 parietem3
1795 1725 1847 1785 no·

266 1837 339 1894 ergo
352 1836 407 1897 per
421 1837 496 1896 qtras
510 1818 619 1878 clauses
640 1819 750 1878 domus
771 1824 884 1897 partes
897 1819 997 1896 inquit
1007 1818 1030 1890 ¹,
1083 1816 1188 1876 minus
1216 1816 1367 1891 Christus,
1397 1817 1509 1878 clausis
1539 1818 1634 1891 ostiis,
1667 1818 1726 1878 nisi
1754 1817 1847 1897 phan-

267 1928 332 1970 sese
353 1928 521 1989 corporeus
541 1909 687 1969 intulerit.
713 1910 880 1988 Diligenter
899 1912 1034 1987 Evange·
1082 1912 1180 1968 mama
1194 1907 1297 1983 inerit,
1322 1909 1438 1970 intrare
1460 1928 1524 1970 non
1542 1909 1681 1987 poterit?
1702 1910 1761 1988 qui
1775 1914 1849 1970 certe

265 2002 335 2062 lisia
360 2003 508 2081 expressit
535 2000 639 2061 dicens
669 2020 676 2061 ι
711 2000 792 2061 Venit
823 2001 905 2063 lesus
925 2002 1034 2083 januis
1084 2004 1115 2060 et
1128 2005 1199 2060 anta
1213 2002 1471 2062 resurrectionem
1490 2002 1627 2080 pendulo
1649 2019 1743 2081 super
1770 2019 1849 2061 mare

266 2093 383 2165 clausis,
408 2100 435 2153 et
454 2093 534 2153 stetit
558 2092 591 2152 iu
615 2092 708 2154 medio
732 2093 958 2174 discipolorum.
984 2097 1033 2155 An
1084 2091 1254 2152 ambulavit
1265 2093 1395 2165 incessu,
1416 2101 1475 2154 ete.
1495 2095 1544 2154 Ad
1563 2099 1758 2173 postremum
1773 2095 1850 2154 diras

267 2192 440 2247 constructa
462 2185 617 2265 parietum
644 2191 824 2265 penetrans,
851 2193 881 2247 et
904 2187 1034 2247 solidam
1083 2184 1177 2244 velim
1190 2185 1278 2257 mihi,
1295 2185 1369 2263 quid
1388 2186 1488 2264 majus
1501 2186 1549 2254 sit,
1567 2206 1607 2246 an
1630 2192 1750 2247 tantam
1768 2194 1850 2248 terra

267 2278 424 2358 lignorum
456 2284 600 2339 naturam
627 2278 894 2359 impenetrabilem
932 2285 1034 2340 trans·
1085 2276 1333 2354 magnitudinem
1345 2277 1462 2356 pugillo
1476 2278 1661 2358 appendere,
1686 2285 1718 2339 et
1740 2279 1850 2340 cerium

269 2371 382 2431 currit?
405 2370 496 2430 Stetit
519 2388 655 2448 uanique
670 2389 844 2447 corporeus,
863 2390 929 2431 non
942 2372 1036 2432 simu·
1085 2369 1200 2447 pulmo,
1216 2374 1248 2430 et
1270 2387 1365 2447 aquas
1387 2388 1495 2447 manu,
1511 2377 1542 2431 et
1555 2388 1648 2450 rupes
1661 2376 1776 2432 statera
1795 2390 1851 2431 me

269 2464 366 2534 taine,
404 2467 458 2522 aut
490 2460 592 2524 fallax.
632 2462 809 2541 Sequuntur
843 2480 917 2540 ergo
953 2464 1035 2524 oculi
1085 2462 1156 2532 tiri3
1173 2480 1214 2521 nn
1237 2463 1335 2521 [lenm
1349 2463 1480 2523 transire
1498 2482 1554 2543 per
1575 2464 1712 2524 clansam
1736 2470 1851 2525 creatu·

269 2556 382 2617 mentis
396 2559 458 2615 tuae
473 2555 662 2632 penetrantis
674 2554 858 2631 ingressum,
873 2559 906 2615 et
916 2573 990 2616 eum
999 2575 1035 2616 eo
1087 2554 1207 2614 rami»

269 2645 406 2705 clausam
419 2644 547 2703 domurn
570 2642 783 2721 intelligentiis
803 2649 865 2703 tnae
888 2644 973 2704 visus
987 2645 1036 2703 in·
1128 2647 1199 2705 Haec
1213 2645 1329 2719 omnia,
1341 2649 1377 2705 ut
1386 2649 1417 2705 et
1428 2645 1488 2705 alia
1500 2646 1750 2722 multu,tot.idem
1759 2646 1851 2708 verbis

269 2738 378 2797 troeat.
395 2737 517 2813 Integra
533 2741 605 2795 sunt
623 2735 738 2801 omnia,
756 2740 787 2794 et
808 2734 957 2797 obserata.
977 2736 1035 2797 Sed
1087 2740 1170 2817 apud
1191 2738 1419 2816 Hieronymum
1440 2737 1587 2815 leguntur
1606 2739 1639 2799 in
1663 2738 1745 2799 libro
1758 2748 1850 2800 contro

270 2848 340 2889 ecee
353 2829 466 2888 assistit
485 2827 616 2901 medius
634 2827 684 2887 cui
707 2845 762 2905 per
775 2827 922 2887 virtutem
936 2846 1035 2901 sunm,
1087 2833 1228 2892 lauronem
1243 2829 1542 2909 Hierosolprnituuurn
1555 2832 1596 2891 od
1618 2830 1850 2893 Pammachius.

270 2921 413 2981 universa
426 2926 499 2980 sunt
514 2919 627 2998 pervia.
647 2918 854 2978 invisibilibus
868 2919 1039 2980 calumnia·
1089 2925 1140 2997 Ut,
1158 2922 1241 3001 quod
1256 2920 1330 2982 alias
1341 2922 1415 2997 dixi,
1431 2923 1542 2982 merito
1555 2923 1633 2984 liber
1646 2924 1709 3000 ille,
1722 2926 1776 3003 qui
1786 2926 1853 2986 lm-

271 3013 313 3073 ris
328 3032 335 3072 :
350 3032 408 3091 ego
431 3032 449 3072 a
471 3017 501 3071 te
528 3010 694 3071 visibilium
716 3029 847 3089 exposco
872 3012 1035 3074 rationem.
1088 3015 1189 3075 brosio
1217 3013 1373 3085 tribuitur,
1391 3014 1686 3094 pseudepigraphos,
1709 3023 1765 3077 ant
1778 3021 1852 3078 certe

272 3106 353 3165 Nihil
379 3105 459 3165 cedit
483 3122 520 3163 cx
547 3103 664 3175 solido,
690 3121 791 3181 neque
819 3122 873 3181 per
894 3111 1038 3164 naturam
1088 3106 1377 3185 interpolatnsmibi
1393 3106 1615 3166 cssavideutur.

272 3194 1039 3275 suamaliquid,tanquamlapsuinsensibili,ligna
1131 3198 1339 3277 Hieronymus
1361 3214 1469 3276 porro,
1493 3200 1580 3276 eujus
1602 3198 1656 3258 illa
1669 3199 1782 3260 lacinia
1796 3204 1850 3273 cst,

273 3295 303 3349 et
317 3289 433 3368 lepidas
458 3288 634 3347 admittunt.
661 3287 778 3364 Corpus
802 3287 952 3346 Dominio
974 3304 1039 3348 sese
1090 3290 1124 3352 in
1145 3290 1226 3350 libro
1247 3290 1349 3368 primo
1372 3297 1473 3349 contro
1494 3290 1686 3351 louinr'onuru
1706 3292 1853 3372 imprimis

272 3401 337 3441 non
360 3380 462 3441 delicit
487 3401 493 3440 :
519 3385 554 3439 ut
568 3397 632 3440 sese
652 3384 789 3438 resumat
809 3397 848 3438 ex
871 3378 968 3438 nihilo
986 3398 992 3439 :
1010 3384 1040 3439 et
1090 3380 1227 3454 diserto,
1244 3387 1274 3440 et
1288 3381 1374 3458 gravi
1388 3382 1754 3443 orationchaeretieorum
1768 3385 1854 3462 hujus

274 3474 355 3535 unde
376 3472 430 3552 qui
449 3471 560 3533 assistit
585 3470 618 3531 in
639 3471 740 3531 madio
764 3470 830 3530 esti
847 3492 858 3527 ι
878 3471 1040 3549 Perspicua
1093 3473 1191 3534 {atatis
1203 3473 1237 3532 in
1250 3472 1415 3532 toriniano
1429 3473 1768 3552 pervicaciamirangit,
1784 3477 1853 3535 dum

273 3567 323 3626 hie
343 3565 488 3637 Hilarius,
511 3582 569 3624 nee
589 3566 727 3642 apertam
750 3562 928 3639 ingressuro
948 3564 1042 3624 tuisse
1091 3565 1135 3625 ita
1154 3563 1260 3624 seribit
1282 3582 1288 3622 :
1310 3565 1441 3623 «Porro
1462 3565 1488 3624 si
1512 3566 1623 3627 elensis
1646 3568 1801 3645 ingressus
1814 3572 1854 3627 est

269 3658 411 3737 januam,
429 3662 483 3716 ant
501 3660 609 3735 sponte
629 3654 763 3733 patuisse
782 3655 865 3727 dicit,
879 3656 963 3732 quod
976 3655 1041 3716 bre·
1093 3656 1188 3730 ostiis,
1213 3655 1297 3734 quod
1323 3656 1535 3717 bumanorum
1562 3676 1728 3737 corporum
1748 3665 1853 3719 natura

274 3749 360 3810 retici
374 3748 465 3808 stulte
486 3747 617 3808 eav'illati
640 3751 714 3806 sunt
725 3767 733 3821 ;
756 3765 813 3806 nee
834 3746 1043 3826 interruptum
1092 3766 1157 3809 non
1171 3749 1287 3828 patitur
1308 3768 1316 3821 3
1338 3766 1412 3826 ergo
1432 3754 1464 3808 et
1484 3751 1623 3825 Petrum,
1639 3757 1670 3811 et
1693 3751 1853 3811 llorninnm

274 3842 368 3902 luisse
393 3840 561 3919 parietem,
584 3858 620 3899 ae
644 3857 717 3898 mox
746 3839 851 3898 coiisse
879 3858 886 3898 :
912 3841 964 3899 sed
988 3859 1043 3918 per
1093 3838 1277 3916 negabimus
1289 3853 1363 3896 vera
1376 3836 1519 3898 hahuisse
1539 3856 1669 3917 eorporn
1681 3839 1732 3917 qui
1744 3841 1853 3899 ambu-

275 3933 387 4005 clausa,
405 3937 436 3992 ot
449 3932 604 3992 obstructa
613 3936 786 4009 penetrasse
798 3930 910 3990 Christi
919 3949 1039 4011 corpus.
1093 3931 1236 3991 laverunt
1249 3946 1468 4007 superaquas3
1484 3931 1567 4009 quod
1589 3938 1697 3992 euntm
1717 3938 1853 3992 naturam

276 4024 389 4085 Eadem
417 4023 512 4083 verba
533 4022 571 4083 ab
595 4022 648 4082 illo
673 4022 802 4102 repetita
832 4024 979 4101 leguntur
1010 4025 1044 4083 in
1094 4027 1179 4083 est.»

275 4117 353 4178 libro
369 4114 522 4195 primord
538 4113 934 4195 Constoutr'uonpustom.
1134 4116 1220 4174 VIII.
1246 4113 1436 4192 Augustinus
1462 4133 1536 4175 vero
1563 4115 1707 4193 pluribus
1726 4117 1757 4175 in
1785 4116 1855 4176 locis

317 4209 366 4269 Sie
382 4207 563 4269 Ambrosius
576 4207 610 4266 in
624 4206 846 4266 commentario
862 4207 892 4266 iu
908 4207 1017 4267 Lucam
1032 4227 1044 4268 .·
1096 4207 1527 4267 Calvinianumoommentum
1538 4206 1857 4287 redarguit,ettlhristi

281 4302 426 4361 «Habuit
447 4308 563 4375 antem,
588 4299 702 4377 inquit,
722 4298 895 4359 admirandi
919 4317 1044 4360 eausam
1095 4316 1207 4378 eorpus
1221 4315 1276 4376 per
1289 4298 1391 4358 elansa
1406 4299 1485 4359 ostia
1496 4304 1675 4377 penetrasse
1689 4300 1853 4362 eontlrmst.

277 4393 420 4467 Thomas,
448 4410 521 4453 enm
542 4391 661 4451 videret
682 4390 792 4451 clausis
819 4390 963 4451 omnibus
990 4408 1046 4470 per
1096 4390 1183 4452 Utin
1196 4390 1276 4450 libro
1296 4387 1434 4469 leupone
1450 4389 1631 4465 Chrr'stiouo,
1655 4395 1749 4474 eapite
1770 4408 1853 4452 xmv.

278 4486 360 4547 invia
388 4491 473 4565 septa
501 4482 681 4562 corporibus
713 4482 864 4543 inoffensa
897 4501 1045 4562 compage
1100 4484 1191 4543 «Nee
1210 4500 1267 4542 nos
1281 4487 1414 4554 moveat,
1430 4482 1542 4560 inquit,
1558 4485 1642 4563 quod
1655 4484 1760 4545 clausis
1777 4482 1855 4543 ostiis

278 4595 390 4656 <eorpus
404 4579 567 4638 insertum.
582 4577 622 4635 Et
632 4575 701 4636 ideo
716 4575 832 4635 mirum
847 4575 1002 4653 quomodo
1013 4591 1046 4635 se
1096 4574 1197 4635 subito
1207 4573 1466 4653 eumapparuisse
1477 4574 1634 4655 discipulis
1647 4577 1792 4657 scriptum
1802 4579 1853 4647 cst,

279 4675 389 4730 natura
413 4687 559 4749 corporea
588 4687 643 4747 per
670 4667 906 4748 impenetrabile
936 4685 1046 4746 eorpus
1096 4672 1132 4727 ut
1146 4674 1307 4746 propterea
1323 4684 1473 4744 negemus
1486 4666 1564 4727 illud
1578 4668 1671 4730 luisse
1685 4667 1857 4747 eorpushu·

279 4759 436 4836 infuderit,
452 4760 598 4821 invisibili
619 4760 716 4835 aditu,
732 4759 845 4820 visibili
867 4764 1044 4838 conspeetu,
1098 4776 1238 4831 manum,
1255 4758 1328 4835 quia
1339 4763 1446 4819 eontra
1460 4764 1606 4819 naturam
1620 4760 1714 4839 hujus
1727 4757 1857 4837 corporis

280 4854 367 4933 tangi
395 4853 500 4930 lueilis,
525 4852 653 4913 difficilis
678 4852 866 4914 aestimari.»
894 4854 932 4912 Et
953 4850 1046 4929 paulo
1096 4851 1239 4912 videmus
1250 4849 1326 4909 illud
1339 4867 1394 4929 per
1409 4850 1511 4912 clausa
1525 4852 1602 4912 ostiu
1616 4852 1738 4913 intrare.
1749 4851 1856 4911 Omnia

318 5086 338 5124 α
357 5069 495 5125 Turonos.
510 5066 539 5124 in
550 5083 606 5137 par.
620 5067 743 5137 litliph.
760 5083 823 5137 syn.
840 5067 885 5119 Καὶ
895 5065 941 5139 γὰρ
952 5066 1047 5120 ἀκούων
1097 5067 1125 5121 oli
1142 5068 1262 5122 πιστεύων
1286 5073 1322 5140 τῷ
1350 5065 1462 5138 θαύματι·
1488 5065 1553 5120 ἀλλὰ
1575 5069 1657 5136 ζητῶν
1678 5065 1854 5139 τὸνλόχοντοῦ

280 5152 365 5220 illut,
380 5153 418 5205 ὅτι
433 5151 601 5222 κεκλεισμένης
609 5155 652 5218 τῆς
660 5151 739 5221 hipra,
752 5150 859 5218 εἰσῆλθεν
873 5150 987 5222 ὁσωιὴρ,
998 5152 1050 5203 δια·
1097 5153 1251 5224 πράγματος.

280 5237 368 5308 peplin
379 5237 408 5289 τὸ
421 5235 489 5307 παχὺ
505 5238 578 5287 τοῦτο
592 5241 674 5306 σῶμα,
692 5236 733 5288 καὶ
749 5236 825 5289 τόπου
840 5236 966 5307 δεόμενοι,
976 5233 1048 5305 γελᾷ,

309 5421 319 5463 t
334 5421 382 5476 5³.
395 5443 423 5453 —
436 5420 450 5464 t
462 5418 531 5463 Hilar.
546 5416 598 5459 -3
612 5416 829 5462 linerent-‘oran
