3990 6130
286 278 344 338 liiii
809 272 1135 339 summatooadnt
1156 270 1370 335 DOGMATUM

286 442 445 522 ginanm
454 442 670 506 tantummodo
684 442 777 505 fuisse
796 441 882 504 hunc
894 441 1055 503 bominem
1105 437 1202 515 egisse
1211 436 1331 498 ἀίοιιιιι
1343 435 1533 513 :bocestpro
1544 434 1719 511 ιιιιοοιιιιι
1733 429 1866 507 gessisse.

288 534 486 610 existimavit,
515 536 568 597 sed
591 552 664 598 vere
677 542 863 612 exstantem,
892 554 928 596 ac
940 535 1051 613 reipsa.
1105 530 1202 591 Multo
1214 548 1289 590 vcro
1302 528 1401 607 magis
1414 543 1579 608 personam
1597 524 1706 585 obiisse
1720 523 1798 584 servi
1811 522 1868 583 dici

288 626 377 698 Quod
388 628 465 689 adeo
479 646 660 708 persuasum
674 628 793 697 habuit,
803 635 838 689 ut
850 628 928 689 ineo
939 628 1055 689 tuendo
1105 622 1229 702 poterit,
1259 639 1321 700 quo
1354 621 1461 680 minus
1488 623 1534 680 est
1560 614 1689 697 periculi
1720 614 1759 676 ab
1785 613 1870 675 Pauli

289 723 319 778 et
334 719 513 799 explicando
534 721 664 781 modum
682 721 777 782 etiarn
797 721 958 782 excessisse
972 721 1057 781 visus
1106 714 1321 788 Samosateni,
1359 716 1414 772 aut
1447 709 1579 772 Nestorii
1612 707 1743 784 baresi3
1773 724 1870 786 quan-

290 809 341 886 sit,
355 815 387 871 et
395 811 434 872 ab
448 812 604 874 catholicae
623 813 697 873 fidei
711 813 818 892 regula
837 812 1003 874 declinasse
1017 812 1057 873 ad
1106 806 1273 886 doquidcm
1305 804 1459 865 servituis
1490 819 1607 863 nomen
1639 819 1704 861 non
1733 798 1871 859 substan·

289 901 487 976 Asianorum,
516 906 548 965 et
575 906 799 967 Anomoeorum
819 905 973 981 haeresim,
994 921 1057 984 quo
1106 898 1158 960 tie
1172 897 1409 976 significantiam
1423 896 1510 958 illam
1522 890 1871 972 habet,qnamhominis
1978 904 1979 973 γ

290 994 491 1056 nominatam
504 995 594 1056 vivus
615 997 650 1057 in
669 996 786 1059 crimen
808 1004 935 1058 vocatus
955 1002 1010 1070 est,
1027 1000 1059 1055 et
1106 991 1283 1087 vegetatim
1298 988 1495 1051 audientibus
1509 986 1637 1067 objicit:
1657 983 1711 1046 sed
1724 983 1871 1046 conditio-
1978 976 1979 1043 i

290 1087 373 1166 apud
413 1088 630 1166 cognominem
665 1090 842 1151 Romanum
877 1089 1058 1152 Pontificem
1107 1082 1171 1157 nis,
1186 1088 1278 1162 atque
1291 1081 1458 1161 qualitatis·

291 1184 450 1241 accusatus
475 1199 482 1239 :
503 1199 598 1260 quam
624 1186 847 1260 postmortem
871 1181 1059 1243 absummis
1148 1170 1600 1253 IX.Verumsepositointerim
1610 1170 1873 1252 Dionysiouadea·
1912 1188 1979 1290 im

291 1270 577 1350 virisreprehcnsus
588 1273 919 1353 :praesertimaBasilio
930 1291 1057 1352 magno:
1108 1267 1225 1328 musad
1237 1265 1329 1328 illum
1339 1264 1476 1344 Apostoli
1491 1264 1606 1340 locum,
1621 1283 1657 1326 ac
1669 1264 1707 1325 de
1721 1264 1788 1344 ejus
1804 1282 1872 1325 sen·
1900 1284 1904 1289 ·
1924 1302 1979 1344 m

291 1362 414 1424 tametsi
430 1363 470 1424 ab
488 1365 556 1425 aliis
574 1364 658 1426 illius
682 1372 728 1426 est
743 1375 834 1426 causa
846 1371 986 1445 suscepta
1001 1383 1008 1423 :
1026 1369 1061 1425 ut
1108 1358 1727 1438 tantisquodreliquumestpertexamus3
1738 1356 1875 1417 Faunum
1903 1353 1979 1461 “Q

292 1475 311 1516 a
336 1473 449 1534 magno
473 1457 601 1536 perinde
629 1458 810 1534 Athanasio,
838 1458 893 1537 qui
918 1458 1060 1537 Dionysii
1107 1451 1195 1526 sarci,
1220 1467 1291 1530 quae
1315 1451 1419 1512 Graece
1434 1454 1513 1530 μορφὴ
1543 1449 1671 1525 dicitur,
1696 1448 1876 1528 Apostolum

293 1547 502 1611 defensionem
517 1548 598 1610 libro
612 1549 734 1629 integro
749 1558 848 1611 contra
863 1548 992 1610 Arianos
1007 1549 1061 1611 tali
1110 1561 1221 1606 vocare
1232 1550 1369 1604 naturum
1378 1541 1477 1622 ipsam
1486 1540 1633 1614 hominis,
1646 1540 1786 1620 plerique
1792 1548 1877 1602 vete·

293 1646 423 1719 patrono
445 1641 607 1702 abutentes
625 1641 791 1722 exposuit:
808 1641 1062 1722 dequoplenius
1109 1654 1170 1711 res,
1196 1654 1233 1697 ac
1257 1634 1455 1696 recentiores.
1469 1632 1616 1712 theologi,
1645 1637 1676 1694 et
1697 1633 1878 1713 interpretas

293 1731 328 1791 in
342 1733 443 1812 primo
457 1732 537 1793 libro
550 1732 585 1794 de
596 1732 749 1796 Trinitotc
758 1732 779 1795 ¹.
1110 1727 1331 1806 consentiunt:
1348 1744 1445 1806 eaque
1460 1725 1527 1786 sine
1547 1725 1641 1786 dubio
1654 1726 1757 1786 verior
1778 1730 1836 1800 est,
1850 1729 1879 1785 et

333 1824 417 1885 Vlll.
441 1825 514 1885 Hac
537 1843 574 1886 eo
598 1827 768 1887 necessario
791 1825 900 1899 retuli,
925 1844 966 1887 ne
993 1824 1062 1905 quis
1111 1821 1241 1881 omniuo
1265 1819 1480 1899 amplectanda
1493 1817 1645 1879 sententia
1661 1836 1669 1879 ι
1687 1817 1788 1879 veles
1801 1834 1878 1897 prae·
1979 1900 1980 1909 γ

295 1915 383 1977 aliter
395 1935 431 1977 ac
444 1917 532 1978 decet
554 1917 693 1997 Dionysii
715 1917 899 1979 senentiam
918 1918 1060 1997 explicet,
1110 1913 1218 1975 sertim
1231 1912 1270 1973 de
1283 1910 1489 1992 causa,¹quam
1504 1910 1648 1989 superius
1660 1907 1781 1988 attigi¹z
1799 1907 1880 1988 quod
1979 1940 1980 2001 γ

294 2022 330 2065 ac
358 2010 422 2066 tam
447 2005 528 2066 male
552 2006 590 2067 de
617 2005 803 2067 sanctissimi
827 2006 886 2067 viri
910 2006 1063 2068 memoria
1112 2005 1222 2067 eodem
1256 2005 1349 2065 modo
1374 2004 1474 2083 formo
1500 2003 1588 2078 sciui,
1618 2021 1680 2082 quo
1702 2000 1806 2080 sonno
1827 1998 1882 2062 uei
1979 2024 1980 2083 γ

295 2097 408 2158 ιιιιιιιί
421 2097 552 2172 audeat3
567 2107 603 2158 ιιι
616 2116 689 2159 eum
706 2117 771 2160 non
784 2100 884 2161 solnm
903 2098 937 2159 in
951 2098 1063 2159 Christi
1112 2097 1236 2159 videtur
1248 2096 1346 2175 accipi
1359 2095 1482 2157 debere.
1495 2095 1588 2175 Atqin
1604 2094 1702 2174 forma
1720 2093 1795 2167 Dei,
1811 2091 1881 2153 sub-
1979 2088 1980 2119 ³

296 2205 435 2265 peccasse
462 2189 654 2251 divinitatem
683 2190 836 2251 existimet
859 2188 957 2270 (cujus
978 2190 1063 2269 apud
1113 2190 1258 2252 stantiam
1272 2193 1303 2250 et
1316 2194 1462 2250 naturam
1475 2187 1576 2267 ipsam
1589 2186 1762 2267 significat,
1777 2191 1816 2246 ιιι
1835 2202 1881 2246 ιιι
1979 2180 1980 2239 J

296 2279 414 2360 aliquos
427 2287 585 2361 suspectus
599 2282 674 2343 olim
694 2282 808 2343 erroris
820 2280 888 2363 fuit)
903 2282 1064 2343 sedetiam
1113 2282 1181 2361 ipsa
1193 2282 1292 2342 docet.
1308 2282 1413 2360 ltaque
1427 2280 1667 2359 chrysostomus
1675 2278 1761 2339 illam
1768 2279 1882 2354 Diony·

296 2373 429 2451 pessime
447 2373 485 2433 de
499 2380 654 2453 assumpta
669 2392 761 2434 caure
774 2373 1066 2449 sensisse;⁴acveiut
1114 2374 1151 2435 sii
1180 2373 1415 2454 expositionem,
1451 2390 1546 2452 quam
1580 2372 1727 2433 Marcioni
1760 2370 1880 2443 tribuit,
1979 2444 1980 2459 γ

297 2471 471 2525 monstrum
485 2465 641 2544 quoddam
661 2465 871 2540 dissimilibus,
887 2485 922 2527 ac
935 2466 1066 2526 dissonis
1114 2466 1224 2528 acriter
1237 2466 1405 2543 redarguit.
1425 2464 1771 2543 «Formam,inquitdc
1787 2461 1883 2525 bara·
1979 2496 1980 2513 ι

297 2574 336 2616 ex
369 2557 527 2617 erroribus
557 2557 726 2619 conflatum
754 2558 910 2638 opinionis
936 2557 971 2618 in
1000 2576 1066 2619 sese
1115 2559 1176 2620 tico
1209 2558 1352 2638 loquens,
1375 2558 1455 2619 serui
1486 2556 1612 2636 accepit,
1639 2556 1764 2635 wando
1789 2554 1883 2616 linteo

297 2648 423 2710 nefariae
451 2650 625 2730 concepisse
653 2669 660 2710 ι
686 2650 735 2711 vel
753 2651 858 2730 potius
883 2667 1066 2729 germanam
1116 2647 1884 2732 praecinctus,lavitpedesdiscipulorum.Haeccine

297 2741 364 2819 ejus
377 2741 549 2821 perfidiam,
565 2761 627 2822 qno
641 2760 713 2804 cum
729 2743 878 2804 acerrime
896 2743 1064 2819 dimicavit,
1115 2749 1162 2804 est
1179 2742 1281 2804 torma
1301 2741 1407 2804 servi?
1421 2741 1515 2821 Atqui
1538 2759 1604 2802 non
1625 2741 1706 2801 istud
1719 2745 1765 2801 est
1784 2739 1886 2800 forma

298 2834 491 2894 Samosateni
507 2834 606 2909 Pauli,
636 2853 708 2895 cum
727 2834 889 2896 Marcionis
906 2836 1065 2914 impietate
1116 2836 1207 2910 servi,
1223 2835 1276 2896 sed
1296 2852 1375 2914 opus
1399 2834 1490 2895 servi.
1506 2834 1561 2893 Est
1580 2846 1684 2895 autem
1704 2831 1791 2892 aliud
1811 2848 1886 2912 opus

295 2925 445 3004 junxisse.
460 2927 564 3006 Longe
574 2927 613 2988 ab
627 2927 679 2988 illa
689 2933 773 3005 peste
781 2928 944 3008 Dionysius
954 2927 1063 3003 abluit,
1116 2944 1181 2988 esse
1194 2927 1285 2997 servi,
1302 2926 1397 2999 aliud,
1413 2925 1547 2987 iormam
1559 2926 1697 3005 accipere
1709 2924 1801 2985 servi.
1825 2925 1886 2984 Cur

298 3036 356 3078 nec
370 3019 409 3079 de
421 3038 495 3080 vera
508 3018 655 3080 humanae
678 3019 712 3080 in
727 3018 846 3080 Christo
870 3025 991 3081 naturae
1014 3037 1065 3079 su·
1116 3019 1201 3080 enim
1212 3037 1277 3079 non
1290 3018 1368 3079 dixit
1376 3019 1466 3078 illurn
1478 3035 1555 3097 opus
1570 3016 1678 3078 fecisse
1691 3015 1790 3093 serui,
1804 3013 1887 3095 quod
1980 3084 1981 3091 ρ

298 3111 410 3170 stantia
438 3111 600 3172 dubitavit.
630 3111 692 3172 Sed
712 3111 750 3172 de
767 3111 870 3172 servili
892 3111 1068 3173 conditione
1117 3117 1184 3172 erat
1216 3109 1373 3191 apertius?
1402 3109 1498 3171 Porro
1530 3127 1686 3189 nusquam
1715 3109 1748 3169 in
1782 3108 1886 3187 Scrip·
1980 3098 1981 3137 ³

299 3201 449 3262 duntaxat
472 3220 507 3262 ea
521 3201 637 3275 docuit,
657 3221 728 3282 quae
750 3208 781 3264 et
799 3202 954 3283 plerisque
975 3202 1067 3264 hodie
1116 3207 1187 3264 tura
1219 3202 1319 3265 forma
1351 3221 1407 3282 pro
1442 3219 1535 3282 opere
1569 3202 1781 3262 sumitur‘.n
1814 3200 1886 3274 Qua
1980 3204 1981 3285 ᾗ

298 3292 450 3372 theologis
476 3294 618 3373 placent,
647 3301 690 3371 et,
714 3294 799 3373 quod
822 3301 929 3374 postea
953 3295 1065 3369 dicam,
1117 3302 1274 3376 postrema
1294 3294 1390 3356 verba
1411 3293 1635 3369 commentarii,
1649 3292 1703 3373 qui
1721 3291 1886 3354 Ambrosio

298 3384 457 3445 uerissima
482 3385 559 3446 mihi
586 3385 755 3447 videntur:
777 3405 841 3447 non
864 3387 953 3448 illum
975 3386 1067 3447 luisse
1117 3388 1277 3457 tribuitur,
1296 3392 1455 3449 auctorem
1477 3383 1619 3447 feriunt⁸
1640 3405 1648 3446 :
1668 3383 1722 3464 qui
1745 3384 1887 3446 eamdem
1980 3432 1981 3435 ,

299 3495 418 3554 revera,
434 3484 463 3540 et
475 3478 599 3559 proprie
609 3496 734 3540 servum
747 3479 815 3541 :sed
828 3479 953 3541 serviles
966 3484 1069 3559 partes
1117 3480 1180 3541 fere
1204 3498 1278 3541 cum
1299 3479 1446 3559 Dionysio
1471 3478 1684 3539 Alexandrino
1702 3476 1887 3538 senoeutiam

300 3569 423 3646 obiisse,
439 3577 480 3646 ct,
496 3578 531 3630 ut
544 3571 647 3632 Latini
661 3571 811 3648 dicerent,
821 3571 1069 3651 personamsub
1118 3573 1267 3652 expressit
1283 3591 1290 3631 τ
1306 3578 1348 3649 et,
1367 3596 1381 3625 ι
1393 3572 1504 3650 Opera,
1518 3570 1630 3649 inquit,
1645 3569 1778 3630 formam
1791 3566 1886 3648 signi·

300 3661 443 3722 stinnisse
452 3662 543 3723 servi.
558 3662 608 3724 Sic
617 3663 702 3723 enim
711 3681 851 3743 personas
860 3682 976 3725 nomen
986 3663 1069 3744 apud
1116 3663 1261 3741 licebant,
1276 3669 1313 3724 ut
1322 3663 1397 3742 quia
1408 3680 1503 3742 opera
1513 3662 1580 3741 ejus
1591 3679 1656 3723 non
1665 3662 1773 3741 utique
1782 3658 1887 3721 homi·

301 3753 454 3831 antiquos,
484 3753 579 3814 etiam
605 3753 825 3831 Christianos‘,
852 3760 883 3816 at
897 3755 1070 3817 Catholicos
1117 3757 1167 3818 nis
1181 3761 1368 3836 operasunt,
1385 3755 1449 3832 hic,
1472 3755 1573 3835 quiin
1595 3771 1700 3834 opere,
1715 3752 1764 3814 vel
1785 3752 1889 3814 lorma
1980 3748 1981 3823 ζ

300 3851 460 3922 accepunn
488 3850 545 3921 cst,
572 3863 636 3905 non
665 3863 702 3906 ιο
730 3863 833 3922 sensu,
859 3845 913 3925 qui
940 3847 1070 3908 invalidt
1118 3848 1173 3910 Dei
1197 3854 1275 3926 erat,
1297 3850 1380 3909 Deus
1402 3847 1639 3925 intelligeretur.
1663 3846 1776 3907 Forma
1805 3844 1889 3907 enim
1980 3862 1981 3921 j

303 3943 422 4014 postea,
438 3942 468 3996 et
495 3935 528 3996 in
541 3954 634 3998 usum
658 3937 750 3998 hodie
777 3944 918 4018 receptus
934 3944 988 4009 est,
1011 3958 1069 4019 pro
1119 3939 1173 4002 Dei
1187 3941 1263 4019 quid
1281 3945 1339 4014 est,
1355 3939 1414 4000 nisi
1432 3940 1611 4018 exemplum
1625 3956 1687 4019 quo
1700 3940 1779 3999 Deus
1791 3955 1888 4017 appa·

306 4032 418 4089 natura
436 4028 632 4106 subsistente,
655 4048 691 4091 ac
708 4047 763 4111 per
789 4049 853 4092 sese
872 4031 1042 4093 cohaerente
1059 4050 1067 4091 ι
1117 4038 1176 4108 ιιι,
1192 4033 1268 4093 dum
1281 4037 1421 4094 mortuos
1433 4031 1554 4108 excitat,
1575 4029 1677 4092 surdis
1690 4029 1791 4091 reddit
1804 4029 1889 4090 audi·

301 4137 412 4181 verum
425 4138 482 4200 pro
496 4127 579 4183 certa
591 4121 785 4201 conditione,
800 4124 960 4203 qualitate,
976 4122 1067 4184 affec·
1118 4129 1211 4193 tum,
1241 4124 1378 4204 leprosos
1400 4123 1550 4197 mundat,
1576 4128 1608 4183 et
1635 4121 1716 4183 alia?
1741 4122 1833 4195 Quod
1859 4124 1890 4182 et

302 4210 448 4294 tionequc
471 4212 650 4275 substantiae
667 4234 674 4275 ι
691 4234 762 4295 qnae
786 4217 905 4278 ratione
924 4216 1017 4278 unius
1039 4223 1070 4277 et
1119 4217 1285 4278 Primasius
1313 4222 1436 4278 secutus
1458 4221 1544 4278 est.»
1572 4215 1681 4276 Melius
1704 4211 1890 4293 Hieronymi

301 4303 440 4382 ejusdem
451 4305 667 4382 subsistentiae,
692 4306 741 4369 vei
756 4308 955 4388 hypostaseos
969 4313 1070 4389 potest
1119 4308 1359 4371 commentarius
1378 4309 1506 4389 sunium
1529 4307 1608 4369 servi
1623 4313 1768 4367 naturam
1784 4304 1890 4366 homi·

302 4413 509 4476 essepersona
522 4397 685 4479 multiplex
700 4419 707 4460 ι
724 4399 812 4461 velut
832 4399 856 4460 si
875 4401 944 4480 quis
967 4418 1069 4481 perso
1118 4397 1891 4482 nisinterpretatur.thnidamsormoevocabulum

301 4506 377 4550 nam
386 4496 473 4569 gerat
487 4492 580 4552 modo
591 4492 748 4572 principis,
757 4493 851 4554 modo
865 4492 1070 4573 captivi,alias
1117 4499 1259 4556 naturum
1274 4493 1372 4572 ipsam
1387 4492 1571 4571 plerumque
1584 4490 1747 4569 significat,
1767 4496 1804 4551 ut
1817 4488 1891 4551 alibi

302 4580 392 4656 docti,
410 4581 484 4644 olias
494 4581 640 4664 imperiti,
663 4601 736 4646 cum
753 4584 791 4645 sit
810 4604 903 4660 unus,
925 4586 1070 4666 idemque
1118 4582 1325 4647 notavimusl.
1362 4584 1425 4645 Nec
1458 4582 1547 4644 aliter
1571 4583 1624 4643 hic
1649 4580 1747 4662 accipi
1775 4580 1889 4656 debet;

301 4670 494 4736 diverurum
507 4682 594 4737 actor
606 4676 756 4757 partium.
775 4677 824 4738 Ad
834 4677 920 4739 bunc
940 4677 1070 4738 modum
1118 4675 1310 4756 minimeque
1328 4694 1385 4755 pro
1411 4675 1477 4737 sola
1500 4674 1649 4754 imagine,
1662 4672 1713 4735 vel
1731 4671 1778 4734 rei
1790 4671 1891 4753 ipsius

304 4761 444 4827 Christus
457 4784 619 4846 personam
635 4773 800 4847 utramque
813 4769 879 4846 Dei,
890 4772 921 4831 et
933 4768 1083 4831 bominis'
1118 4775 1244 4848 experte
1257 4767 1368 4847 ligius,
1385 4772 1417 4829 et
1438 4767 1539 4846 specie
1556 4786 1564 4826 ι
1580 4765 1705 4846 ιγιιιιιιᾶο
1724 4782 1782 4827 nec
1794 4781 1890 4826 voca·

338 4957 360 4998 α
378 4942 526 5000 canister.
542 4942 617 5000 hom.
637 4961 676 5002 νιι
689 4945 720 5003 ln
734 4962 778 5018 ep.
794 4947 836 5004 ud
847 4945 955 5019 Philip.
970 4945 1073 5019 Μορφὴν
1121 4945 1220 4999 δούλου.
1242 4945 1324 5018 ἕτερον
1342 4944 1369 4999 bl
1394 4942 1458 4999 ἔστιν
1474 4942 1545 5017 ἔργον
1565 4937 1628 4996 εἶναι
1642 4942 1740 5009 δούλοιν,
1753 4943 1794 4997 καὶ
1807 4942 1892 5016 ἕτερον

302 5025 402 5091 δούλου,
421 5026 504 5098 φησιν,
528 5026 625 5092 uates,
644 5030 685 5084 ὅτι
708 5031 737 5084 τὸ
758 5030 853 5084 λέντιον
877 5030 1074 5103 περιζωσάμενος
1123 5027 1218 5102 μορφὴν
1239 5029 1329 5082 δούλου
1347 5028 1441 5082 hubeis.
1455 5028 1496 5080 aa
1516 5046 1540 5082 τι
1560 5026 1608 5100 γὰρ
1623 5026 1667 5079 οὐκ
1681 5022 1747 5080 εἶπεν
1762 5028 1801 5081 ὅτι
1819 5025 1892 5097 ἔργον

303 5107 368 5181 luchs
390 5109 448 5174 τοὶνς
469 5111 545 5173 πόδας
567 5116 616 5165 τῶν
644 5113 768 5184 μαθητῶν.
787 5118 861 5168 τοῦτο
881 5112 961 5186 μορφὴ
982 5112 1071 5166 δούλου
1121 5111 1222 5180 ἐποίησε
1242 5111 1346 5181 δούλους
1373 5113 1389 5164 d
1410 5110 1562 5183 οαρέοτιγρον
1577 5106 1618 5179 ἦν.
1638 5109 1749 5183 οὐδαμοῦ
1767 5109 1794 5164 δὲ
1815 5107 1842 5161 ἐν
1863 5111 1894 5180 τῇ

304 5188 384 5260 torm
400 5190 456 5246 ἀλλ’
474 5191 518 5247 οὔκ
536 5193 589 5248 lost
609 5200 682 5249 τοῦτο
704 5196 783 5269 μορφὴ
804 5196 903 5262 δούλου,
929 5194 985 5249 ἀλλ’
1000 5195 1071 5268 ἔργον
1121 5199 1200 5269 γραφῇ
1216 5193 1296 5269 μορφὴ
1311 5193 1365 5249 ἀντὶ
1379 5192 1450 5267 ἔργον
1464 5191 1567 5266 εἴρηται.

334 5359 406 5418 issep.
416 5372 448 5415 n,
465 5372 542 5419 parag.
550 5361 585 5407 to.
599 5361 660 5407 Τοιιι.
674 5360 746 5407 11.-t
759 5360 811 5409 tue
821 5362 837 5409 l.
849 5361 876 5408 ii
888 5362 915 5408 de
927 5362 1019 5409 ittae.
1034 5372 1066 5417 ιν,
1074 5373 1150 5419 parag.
1164 5360 1228 5407 iet
1239 5358 1316 5419 Parag.
1330 5364 1351 5407 t.
1361 5359 1402 5406 -l
1410 5361 1435 5407 ln
1448 5372 1495 5419 cap.
1513 5371 1530 5408 ιι
1546 5371 1582 5419 op.
1602 5361 1632 5408 ud
1644 5360 1780 5419 estun-t
1789 5360 1851 5410 lon.
1865 5359 1893 5413 ll·

307 5423 347 5471 tib.
357 5423 384 5469 n
392 5428 419 5475 de
428 5427 488 5473 lits.
502 5435 564 5477 ο.ιιι.
573 5422 614 5470 sub
625 5425 697 5471 tucn.
