4076 6180
576 337 628 395 DE
648 337 950 409 INGARNATIONE,
973 338 1047 397 LIB.
1069 338 1150 410 XIIl,
1173 336 1256 397 GAP.
1278 337 1350 396 ΧΙΙ.

163 482 242 559 lum,
258 494 294 549 ut
320 492 439 556 deserta
464 502 642 560 monosterii
667 503 818 571 societate,
842 502 930 562 lieret

165 581 251 640 canis
264 600 404 646 reversus
427 590 466 648 ad
480 608 572 651 suum
592 594 763 654 vomitum:
780 601 810 655 et
825 601 928 655 tamen

164 673 265 776 adhuc
276 678 555 754 qualissitfuturus
568 685 720 747 incertum
731 693 811 746 est.»
829 688 930 748 Habes

164 765 214 826 hrc
228 785 412 845 germanum
424 774 492 857 sine
504 775 597 835 dubio
611 779 927 852 Praedestinatianum

164 859 258 919 etiarn
285 869 398 940 praeter
427 867 645 930 Adrumetinos
676 871 864 945 monachor,
894 877 929 930 ut

163 968 276 1054 negare
290 953 408 1032 aliquos
428 958 505 1018 tales
518 979 573 1038 per
585 961 662 1021 illud
690 968 813 1043 tempus
835 964 928 1025 exsti·

163 1047 246 1192 psse3
271 1046 379 1148 stolide
408 1048 447 1109 sit
464 1049 674 1130 impudentis,
700 1073 735 1115 ao
763 1055 928 1134 pervicacis

185 1151 308 1197 ominis.

1684 330 1744 389 699

980 504 1039 580 pit;
1057 519 1134 580 quos
1155 498 1262 571 otheos,
1278 500 1326 560 rel
1343 499 1457 560 lleirtos
1479 500 1669 573 nuncupant.
1686 494 1747 553 Nec

979 598 1062 657 enim
1086 614 1197 675 corpus
1216 594 1265 654 isti
1289 594 1413 672 aliquod
1439 588 1745 658 sectaeeonstituunt3

979 708 1035 749 neo
1045 690 1206 750 turmatim
1218 691 1455 765 congregamur.
1473 684 1532 742 Sed
1549 679 1635 759 quasi
1649 678 1748 755 siopo-

978 781 1055 842 lcres
1064 782 1137 843 Feri
1149 780 1304 860 privatim,
1314 785 1406 857 etper
1416 796 1481 838 sese
1492 774 1619 851 grassari
1634 771 1744 831 solent.

979 875 1064 934 Hanc
1075 893 1132 952 ego
1146 890 1269 933 causam
1286 872 1471 949 interpretor
1484 868 1588 939 fuisse,
1605 882 1661 924 cur
1676 863 1744 922 Flo-

978 985 1031 1026 rus
1060 967 1093 1026 in
1117 965 1197 1026 libro
1219 964 1433 1042 Lugdunensis
1459 960 1600 1021 Ecclesiae
1619 956 1746 1016 nomine

977 1065 1086 1119 eontra
1108 1059 1262 1118 toarrnom
1291 1057 1416 1115 Scotum
1435 1054 1517 1114 edito
1540 1055 1630 1126 neget
1648 1048 1744 1107 ullum

979 1150 1101 1230 generis
1120 1150 1203 1209 illius
1225 1148 1368 1208 haeresim
1396 1146 1543 1206 extitisse.
1567 1144 1646 1201 Cum
1660 1140 1744 1198 enim

979 1243 1088 1302 Scotus
1101 1242 1155 1302 iste
1175 1247 1239 1302 tres
1253 1232 1628 1303 haresesenumerassett,
1649 1249 1745 1291 unam

979 1334 1228 1411 Pelagiauorum,
1254 1351 1323 1409 qnae
1351 1331 1438 1391 liberi
1456 1328 1576 1389 arbitrii
1590 1341 1746 1386 commen·

965 1427 1102 1487 datione
1126 1427 1256 1499 eratiam
1276 1423 1436 1484 obterebat
1453 1442 1460 1481 2
1477 1419 1656 1489 secundum,
1676 1434 1745 1494 quae

2 1244 137 1343 qquppu
165 1318 172 1331 ⁹
202 1227 268 1288 Xll.
291 1231 465 1303 Quinetiam
485 1235 589 1295 Fausti
609 1242 747 1318 tempore
762 1239 929 1300 nonnullos

2 1360 115 1403 mo„
162 1337 196 1378 m
210 1322 320 1381 eodem
335 1340 438 1384 errore
453 1331 588 1387 versatos
607 1347 682 1403 esse,
708 1331 761 1408 qui
782 1338 812 1392 et
841 1332 927 1393 Pre-

46 1415 139 1447 ¹¹¹⁰⁰⁸·
162 1408 356 1473 destinationi
389 1423 464 1476 sunt
504 1421 616 1495 vocati,
656 1423 752 1482 veluti
779 1425 927 1485 Lucidum

4 1468 102 1502 uetur.

163 1503 390 1581 presbyterum,
414 1512 606 1573 ostendimus
627 1532 731 1593 supra,
759 1517 854 1595 capite
869 1534 923 1578 vu.

162 1595 267 1674 Neque
280 1617 353 1658 vero
367 1619 489 1663 necesse
509 1612 565 1677 est,
580 1612 616 1665 nt
627 1606 770 1667 baeresim
791 1609 926 1688 peculia-

162 1706 228 1749 rem
242 1690 332 1751 fuisse
353 1693 491 1755 dicamus
506 1699 848 1761 Preedeslinulianorum
863 1721 927 1763 seo-

159 1787 224 1840 tam
236 1781 373 1861 aliquam
386 1788 491 1848 animo
512 1789 694 1864 describere,
710 1812 803 1871 quam
818 1796 926 1855 talium

159 1872 341 1976 dogmatum
354 1877 490 1940 vindices
504 1884 667 1961 corporali,
683 1890 713 1945 et
736 1886 836 1947 coeliti
850 1906 924 1947 con·

159 1970 247 2025 tenua
271 1972 461 2031 successione
488 1977 752 2052 propagaverint:
775 1981 924 2056 quemad-

158 2057 286 2117 modum
302 2060 417 2136 Ariani,
436 2064 622 2141 Photiniuni,
640 2068 812 2144 Neratium,
829 2073 924 2151 Euty-

158 2148 272 2217 chiani.
286 2152 468 2229 Nestorium,
480 2164 510 2216 et
519 2164 622 2218 nostra
635 2166 734 2229 aetate,
743 2163 923 2239 Lutberani,

159 2245 190 2299 et
205 2242 389 2305 calviniani.
405 2249 523 2328 Quippe
538 2269 646 2312 omncs
664 2253 719 2328 itti,
738 2256 830 2315 etalii
844 2275 925 2317 oom-

158 2331 263 2435 plures
277 2354 333 2395 suo
344 2340 625 2421 quodamcorpore.
643 2351 672 2404 ct
685 2347 770 2424 quasi
785 2366 923 2407 commu-

157 2430 254 2486 nitate
270 2429 484 2504 censebantur‚
511 2441 541 2493 et
560 2436 714 2516 hodieque
729 2446 925 2517 perseverant

156 2520 342 2623 recentiores
356 2523 404 2582 isti
415 2544 423 2597 ;
435 2531 470 2584 ut
484 2527 576 2587 etiam
586 2530 723 2589 civitates
736 2531 882 2609 integras,
895 2540 925 2594 et

156 2625 331 2714 provincias
349 2615 485 2692 ejusdem
514 2620 702 2697 professione
722 2624 867 2697 nominis,
894 2633 925 2685 et

157 2700 317 2775 religionis
332 2715 492 2787 occupatas
506 2717 641 2773 teneant.
671 2714 740 2774 Non
768 2717 810 2775 ita
840 2716 922 2778 Prec-

156 2790 295 2853 destinati
301 2816 313 2871 ;
328 2816 429 2877 neque
441 2820 514 2863 vero
537 2803 580 2863 ita
607 2824 638 2865 sc
651 2806 794 2868 habuisse
821 2810 923 2869 statim

157 2896 204 2943 est
217 2903 418 2988 qonsequens
430 2894 455 2951 si
469 2897 739 2958 sectarelboeresis
750 2900 921 2961 istiusmodi

154 2974 260 3037 fuerit.
287 2980 367 3041 Satis
386 2985 471 3045 enim
489 2993 545 3062 est,
569 3007 683 3068 paucos
703 3010 739 3051 ao
760 2993 920 3071 dispersos,

154 3085 213 3127 nec
239 3069 273 3129 in
297 3071 380 3134 idem
404 3079 600 3155 conjuratos,
631 3088 661 3142 ct
688 3085 920 3165 conspirantes:

153 3177 262 3266 verum
278 3182 333 3242 per
360 3185 392 3228 se
417 3171 565 3249 singulos,
592 3193 627 3234 ac
652 3184 806 3255 separatos
833 3179 923 3239 certis

155 3257 303 3354 enstrtrsse
314 3262 505 3338 temporibus
517 3283 552 3325 ac
567 3265 654 3343 loeis;
664 3269 716 3346 qui
725 3270 764 3330 ad
777 3271 845 3331 illas
855 3271 921 3349 opi-

153 3359 263 3449 mones
273 3348 527 3416 adhaerescerent.
548 3358 617 3417 Non
631 3378 727 3432 secus,
750 3363 870 3441 opinor,
887 3382 922 3424 ac

153 3437 272 3537 saecubs
287 3459 366 3517 pene
393 3447 549 3520 omnibus,
576 3455 607 3510 et
629 3451 688 3512 hoc
711 3460 818 3514 nostro
845 3457 921 3516 adeo

151 3544 277 3607 impura
292 3531 456 3596 hominum
470 3544 679 3618 quorumdam
696 3544 822 3607 heresis
849 3566 920 3608 cru-

179 3703 187 3747 l
201 3703 262 3751 Tom.
279 3708 313 3759 lt',
327 3711 381 3754 oret.
394 3714 435 3756 ΡΡ.

977 1519 1085 1597 gratiae
1098 1520 1155 1580 soli
1182 1518 1285 1579 omnia
1300 1516 1428 1577 referret
1458 1518 1578 1591 accepta
1596 1530 1603 1569 τ
1619 1508 1744 1568 tertium

977 1612 1263 1683 Gotbescalcauam
1280 1628 1349 1688 quse
1358 1604 1628 1686 praedestinatione
1640 1601 1745 1660 diviua

977 1704 1189 1765 necessitatem
1221 1702 1327 1762 inferri
1364 1700 1493 1773 docebat
1524 1717 1530 1756 ε
1564 1696 1671 1755 Florus
1705 1693 1744 1752 de

976 1798 1112 1858 secunda
1139 1794 1380 1855 controversiam
1412 1795 1516 1851 movet
1542 1788 1590 1847 his
1613 1784 1741 1846 verbis:

980 1891 1075 1963 «Qua
1086 1901 1131 1947 est
1145 1888 1202 1946 isla
1214 1886 1350 1946 secunda
1360 1883 1485 1944 haeresis
1499 1888 1563 1941 tam
1574 1878 1741 1955 incognita,

975 1989 1146 2053 tempora,
1175 1985 1207 2047 et
1231 1978 1379 2047 inaudita,
1406 1994 1475 2053 quae
1501 1973 1600 2033 libero
1614 1969 1743 2029 arbitrio

975 2074 1126 2151 denegato
1151 2071 1246 2132 solius
1267 2069 1374 2147 gratiae
1397 2069 1435 2127 sit
1450 2061 1663 2144 praedicatrix?
1678 2060 1743 2120 Nisi

975 2166 1047 2246 quia
1064 2165 1108 2247 (ut
1120 2159 1348 2239 nobisvidetur)
1358 2162 1529 2239 disputator
1544 2158 1599 2216 isto
1610 2155 1658 2214 rel
1669 2153 1741 2213 bea-

974 2266 1042 2320 tum
1067 2256 1274 2335 Augustinum
1294 2254 1425 2313 latenter
1452 2250 1539 2330 quasi
1562 2247 1742 2308 baereticum

973 2356 1104 2422 accusat,
1120 2374 1133 2401 n
1154 2353 1212 2407 etc.
1241 2345 1395 2406 Nimirum
1423 2342 1517 2403 talem
1542 2341 1622 2399 banc
1650 2336 1742 2397 fuisse

974 2447 1067 2521 negat
1080 2439 1236 2513 baeresim,
1248 2437 1350 2517 qualis
1365 2436 1610 2513 Pelagianorum‚
1626 2449 1661 2489 ac
1675 2428 1743 2488 reli-

974 2552 1106 2615 quorum
1122 2532 1257 2604 exstitit,
1281 2530 1335 2609 qui
1360 2529 1393 2589 in
1421 2533 1537 2587 eortrrm
1555 2523 1742 2600 turbamque

973 2626 1109 2690 conflati,
1125 2622 1345 2684 numerositate
1372 2639 1438 2693 sua,
1466 2624 1496 2679 ct
1520 2618 1741 2677 communione

974 2719 1124 2780 notabiles
1138 2720 1248 2777 essent.
1280 2715 1348 2773 Non
1376 2718 1480 2772 tamen
1504 2708 1632 2769 inficiari
1657 2706 1736 2775 licet,

973 2813 1093 2890 aliquos
1115 2807 1285 2867 identidem
1303 2804 1406 2877 fuisse,
1431 2802 1484 2881 qui
1499 2819 1568 2879 quae
1580 2798 1741 2873 Prmdcsti·

972 2901 1106 2963 nationis
1127 2896 1275 2976 imputari
1301 2896 1400 2955 solent
1422 2893 1542 2971 placitu,
1573 2909 1628 2969 pro
1651 2889 1740 2949 certis

971 2993 1241 3072 amplecterentur.
1260 2989 1321 3047 Nec
1335 2987 1447 3047 desunt
1459 2985 1518 3044 hoc
1528 2984 1621 3043 etiam
1634 2986 1739 3040 nostro

972 3093 1124 3164 tempore3
1150 3101 1196 3148 ac„
1212 3081 1237 3139 si
1250 3097 1359 3140 rerum
1375 3077 1555 3157 querimus,
1580 3073 1738 3134 Pradesti·

971 3177 1091 3239 natiaui
1104 3179 1177 3236 sunt
1188 3172 1358 3233 Lutherani
1373 3187 1492 3243 omnes,
1508 3165 1736 3237 ettlalrinistae3

972 3290 1029 3332 nec
1044 3287 1107 3329 non
1120 3265 1295 3339 Armacuni3
1309 3274 1344 3323 ut
1357 3268 1388 3323 et
1397 3280 1489 3340 supra
1503 3256 1735 3331 declaravimus,

971 3370 1002 3424 et
1016 3382 1054 3423 ex
1066 3358 1294 3438 comparatione
1309 3353 1561 3414 amboruminter
1575 3350 1737 3423 saliorum

971 3456 1095 3527 scilicet,
1117 3460 1147 3512 et
1170 3447 1462 3511 Praedestinatorum
1485 3442 1657 3521 cujusmodi
1671 3458 1738 3500 me-

970 3546 1078 3608 morien
1093 3543 1205 3623 proditi
1218 3547 1301 3614 sunt,
1316 3537 1459 3618 perfacile
1473 3542 1518 3596 est
1531 3535 1714 3594 discernere.

760 4445 863 4505 FlNlS
886 4447 983 4507 Tollt
1006 4445 1131 4505 SEXTI.
