4076 6180
525 273 572 338 DE
592 268 893 347 INGARNATIONE,
916 267 995 346 Lib,
1017 267 1098 348 xiil,
1121 266 1203 343 CAP.
1227 268 1282 331 lii.

116 437 293 521 Apostolus.
308 438 455 523 patientia
467 437 522 503 Dei
543 436 583 513 od
605 432 820 520 poenitentiam
834 431 886 508 ed·

116 528 212 592 ducit.
230 531 290 593 Sed
313 531 340 593 si
360 531 425 612 ipsc
447 527 748 612 perseverantissime
770 522 886 603 iniqui-

116 622 192 692 tate,
209 620 288 680 siout
308 620 531 699 consequenter
549 616 691 697 adjungit
709 613 884 694 Apostolus,

115 712 289 775 secundum
303 709 449 772 duritiam
467 711 566 771 cordis
586 710 644 783 sui,
661 713 692 769 et
708 725 759 767 cor
771 706 885 785 impue-

116 801 221 862 nitcus
248 802 431 863 thesaurizat
456 802 514 862 sibi
532 802 612 869 iram
634 801 668 861 iu
687 799 736 860 die
760 798 826 872 iro,
857 801 887 857 ot

114 894 314 961 revelationis
331 894 406 973 justi
417 893 527 977 judicii
541 893 606 970 Dei,
622 911 687 953 non
709 890 885 951 remittetur

113 985 143 1046 ei
170 987 317 1066 nequeiu
339 986 398 1047 hoe
419 986 540 1055 sacerdo,
561 1003 662 1067 nequo
687 984 720 1044 in
735 982 851 1043 futuro.
867 1002 882 1037 o

114 1078 225 1158 igitur,
242 1097 280 1140 ex
296 1079 470 1157 Augustini,
484 1097 541 1140 uec
561 1097 626 1141 non
650 1075 786 1158 Apostoli
799 1073 885 1134 testi-

112 1170 234 1246 monio,
249 1172 374 1251 reprobi
388 1172 595 1245 adducuntur,
610 1175 761 1253 quantum
775 1168 807 1229 in
821 1168 885 1227 Deo

113 1269 172 1339 cst,
188 1264 228 1325 ed
242 1264 478 1345 poenitentiam3
502 1265 584 1343 qrrod
599 1264 664 1324 sinc
685 1261 784 1342 gratia
803 1264 885 1321 recto

101 1355 175 1416 -dioi
189 1374 255 1417 nen
269 1363 380 1439 potest.

153 1448 210 1508 IV.
232 1449 295 1509 Nee
312 1448 379 1510 lere
393 1448 476 1510 istud
500 1454 545 1508 cst
558 1447 726 1525 Augustini
745 1446 882 1507 testimo·

111 1540 217 1617 nium,
232 1541 317 1620 quod
332 1559 370 1602 ex
393 1540 472 1603 libro
498 1540 600 1620 priore
620 1540 882 1608 detrectationem,

112 1632 216 1711 capito
229 1631 350 1693 decimo
360 1631 473 1693 eruditi
488 1630 545 1691 viri
558 1631 720 1709 eolligunt.
734 1630 793 1691 Ubi
803 1629 886 1710 quod

110 1723 243 1787 inlibre
261 1722 415 1806 primodo
444 1722 546 1785 Genesi
569 1733 670 1784 contro
691 1721 884 1797 Mooiobcoos,

110 1816 215 1897 capite
236 1817 327 1878 tertie
352 1816 524 1897 scripserat,
546 1816 657 1876 «Illud
679 1822 784 1879 tamon
802 1815 886 1895 ‹prred

111 1907 886 1979 illuminetomnemhominemrenientemiuhunc

111 2000 296 2076 mundum,
313 2020 391 2085 puro
405 2001 613 2065 cordaeernm
628 1999 815 2075 illuminare,
832 1999 885 2079 qui

112 2094 178 2154 Deo
195 2094 336 2168 creduut,
352 2099 383 2153 et
396 2093 434 2154 ab
457 2110 563 2154 amere
580 2091 747 2152 visibilium
766 2109 883 2167 rerum,

112 2190 145 2247 et
158 2183 379 2265 temporalium
391 2203 424 2247 se
438 2185 476 2246 ad
490 2184 516 2263 ej
522 2203 556 2244 us
572 2191 724 2264 precepto
737 2184 887 2244 servando

112 2283 313 2353 convertunt,
335 2278 417 2356 qued
432 2295 540 2338 omncs
554 2282 683 2356 possunt
703 2276 727 2336 si
745 2275 851 2350 velint,
868 2296 883 2332 »

112 2369 175 2431 hoc
190 2369 332 2448 inquam,
345 2389 364 2428 o
378 2387 410 2429 se
429 2370 547 2431 dictum
570 2369 752 2431 examinans
773 2367 807 2427 in
830 2366 887 2427 Iic-

114 2459 654 2540 tractationibusAirgustinus,negot
662 2478 698 2520 oo
708 2459 889 2537 Pelagianos

114 2572 217 2614 novos
238 2553 400 2614 haereticos
425 2552 511 2613 obuii
539 2570 637 2631 posse.
666 2574 681 2610 u
706 2553 826 2611 Verum
845 2556 891 2611 cst

115 2647 216 2722 euim,
242 2646 355 2724 inquit,
380 2646 509 2706 omnino
535 2662 643 2705 omnes
664 2644 809 2705 homiues
831 2644 890 2704 hoe

115 2758 209 2823 posse
223 2738 246 2799 si
262 2738 381 2801 veiint:
409 2738 462 2798 sed
485 2750 678 2817 prosperatur
702 2736 845 2799 voluutas
872 2754 891 2797 e

115 2830 267 2901 Domino,
284 2835 315 2891 et
325 2836 448 2891 tantum
461 2835 590 2908 augetur
599 2847 729 2890 munere
744 2828 887 2900 caritatis,

116 2930 152 2984 nt
178 2923 347 3004 possint.»
376 2923 464 2983 Posse
496 2921 592 3000 igitur
619 2940 729 2981 ornnes
749 2920 891 2981 hominos

116 3021 300 3078 convertero
327 3033 358 3075 sc
381 3014 420 3075 ud
465 3016 575 3089 ileum,
604 3019 635 3075 et
648 3013 770 3090 salvari,
789 3015 891 3074 coisset

117 3106 323 3187 Augustinus,
346 3106 499 3189 siqnidem
512 3106 617 3167 velint.
634 3106 766 3167 Possunt
786 3110 888 3169 autem

115 3200 200 3262 velle
217 3219 223 3259 :
241 3198 313 3279 quio
327 3198 353 3259 si
366 3192 430 3259 non
443 3203 568 3285 possent
581 3198 671 3274 uelle,
682 3197 810 3259 omnine
825 3216 891 3259 non

117 3298 248 3377 possent
257 3291 296 3361 od
310 3292 408 3351 ileum
422 3290 572 3363 converti,
586 3290 684 3350 Nemo
701 3288 815 3369 quippe
829 3288 890 3350 nisi

117 3382 282 3455 voluntate
296 3380 494 3447 convertitur.
517 3380 569 3439 Est
581 3385 686 3447 autem
704 3378 844 3455 ridiculo,
860 3383 892 3438 et

117 3474 257 3555 stuporis
278 3474 372 3553 pleno
394 3471 558 3547 corilione,
578 3471 605 3531 si
628 3471 697 3555 quis
718 3470 809 3544 dicat,
826 3489 891 3530 non

117 3585 213 3648 posse
233 3560 313 3626 velie
338 3563 486 3644 reprobos
499 3564 635 3624 conserti
650 3562 688 3623 od
707 3563 830 3623 Deum:
860 3567 892 3623 ct

118 3659 153 3719 in
182 3676 220 3719 eo
244 3674 439 3736 perseuerare
452 3654 596 3716 induem
610 3672 727 3733 usquo:
741 3659 890 3714 ettamen

1644 267 1703 333 ote

937 430 1024 493 verti.
1041 429 1157 494 Deinde
1179 432 1262 514 quod
1286 447 1474 514 magnopere
1495 430 1544 495 hie
1566 431 1704 509 sulmod-

936 523 1118 587 vertendum
1133 528 1189 593 est,
1206 542 1277 585 oum
1290 523 1376 584 illam
1389 524 1575 585 sententiam
1588 528 1703 585 retrae-

936 620 991 687 tat‚
1015 615 1046 675 id
1072 621 1117 676 est
1144 615 1230 695 polit,
1255 620 1285 676 et
1310 634 1329 675 a
1355 615 1510 676 calumnia
1539 615 1704 694 Pelagiano

936 706 1081 784 vindicet,
1092 707 1172 767 nihil
1186 708 1265 769 ineo
1279 713 1458 781 commutat,
1469 713 1522 768 aut
1532 707 1702 779 modificat,

936 798 1019 876 quod
1034 798 1153 860 dixerat
1170 820 1176 860 :
1191 818 1274 880 posse
1290 819 1387 860 emtus
1401 799 1531 860 conuerti
1552 799 1579 858 si
1600 797 1701 859 velint.

936 890 996 950 Sed
1029 890 1107 951 illud
1142 892 1242 952 selum
1276 892 1511 972 intorpretatur,
1550 891 1704 971 quomodo

936 983 1073 1043 converti
1086 984 1214 1063 possint,
1229 992 1260 1044 et
1274 984 1358 1064 quod
1382 982 1530 1044 omissum
1545 989 1610 1047 erat
1631 1002 1703 1063 sup-

936 1074 1016 1153 plet,
1047 1073 1195 1138 nimirum
1221 1077 1411 1155 adjutorium
1432 1077 1538 1154 gratiae
1559 1075 1597 1135 ad
1620 1075 1705 1137 iliam

935 1168 1170 1228 conversionem
1192 1169 1319 1249 requiri.
1346 1168 1493 1242 Quocirca
1514 1168 1574 1228 hec
1588 1168 1703 1242 addito,

935 1258 974 1320 de
984 1279 1046 1338 quo
1057 1260 1161 1321 nullus
1172 1260 1304 1340 ambigit
1314 1261 1498 1335 Catholicae,
1512 1266 1618 1320 monet
1627 1259 1705 1319 iilud

936 1351 1105 1431 integrum,
1125 1361 1156 1413 ot
1169 1353 1268 1413 lixum
1292 1372 1330 1413 ex
1354 1353 1519 1431 Augustini
1536 1353 1703 1427 sententiu;

940 1466 954 1501 u
968 1463 1057 1524 posse
1070 1463 1179 1506 omnes
1191 1446 1216 1506 si
1231 1446 1336 1520 velint,
1353 1446 1391 1506 ad
1404 1446 1461 1505 Dei
1473 1450 1625 1525 precepta
1639 1462 1705 1504 ser-

936 1538 1037 1601 vanda
1061 1538 1240 1601 converti.»
1261 1539 1330 1599 Non
1352 1546 1482 1617 possunt
1504 1542 1609 1598 antem
1632 1555 1705 1597 con-

936 1630 1015 1690 verti
1028 1630 1211 1710 siuegratia.
1226 1631 1325 1709 Igitur
1332 1636 1438 1710 parata
1448 1636 1504 1702 est,
1516 1636 1547 1691 ct
1560 1629 1708 1695 attributo

937 1728 1090 1800 quantum
1105 1723 1137 1784 iu
1153 1726 1214 1784 [loo
1225 1724 1426 1804 positumest,
1439 1723 1585 1784 omnibus
1595 1723 1705 1801 gratia:

943 1814 1036 1892 oquia
1049 1815 1127 1877 illud
1139 1817 1257 1884 iumen,
1267 1816 1352 1877 addit
1365 1815 1569 1896 Augustinus,
1581 1833 1708 1875 omnem

938 1907 1096 1968 bominem
1111 1908 1267 1971 illuminat
1281 1908 1458 1970 venientem
1472 1908 1505 1969 in
1516 1908 1600 1969 huno
1615 1926 1706 1967 muu-

939 1999 1058 2060 dumo
1137 1992 1141 1999 '

979 2092 1017 2151 V.
1041 2091 1122 2158 Quin
1137 2090 1214 2152 iilud
1233 2091 1456 2154 validissimum
1479 2098 1526 2153 est
1544 2110 1709 2172 argumcn

939 2187 1017 2251 tum,
1033 2183 1115 2262 quod
1131 2202 1168 2243 ox
1180 2184 1317 2261 ejusdem
1326 2184 1492 2263 Augustini
1501 2185 1709 2265 disputatione

940 2281 1046 2334 eontra
1054 2274 1213 2335 lulianum
1226 2272 1607 2356 l'elagianae'corpphaeum
1618 2283 1709 2338 seete¹

940 2366 1123 2427 deducitur:
1139 2366 1203 2427 imo
1227 2386 1265 2428 ex
1291 2369 1436 2448 Apostolo
1459 2369 1537 2449 ipse,
1562 2368 1648 2449 eujus
1671 2388 1711 2429 ox

939 2457 1040 2519 vorbis
1067 2465 1302 2538 argumentatur
1327 2462 1530 2540 Augustinus.
1561 2462 1602 2522 Ut
1625 2462 1709 2522 enirn

939 2551 1084 2631 parrulos
1097 2550 1239 2627 originali
1252 2552 1423 2633 implicatos
1438 2572 1502 2615 esse
1512 2554 1622 2614 delicto
1636 2573 1709 2633 pre-

939 2641 1002 2718 bet,
1030 2644 1220 2722 Augustinus
1243 2644 1287 2704 sie
1311 2663 1350 2704 ex
1371 2645 1512 2725 Apostoli
1531 2644 1711 2706 auctoritato

939 2735 1155 2808 ratiocinatum
1180 2736 1233 2814 qui
1248 2736 1383 2797 scribens
1404 2735 1444 2796 osi
1468 2737 1642 2798 Corinthios
1666 2737 1710 2801 ita

940 2825 1077 2904 loquitur
1093 2827 1116 2886 ²:
1130 2826 1169 2888 Si
1179 2847 1253 2887 riuus
1271 2844 1328 2908 pro
1347 2828 1480 2889 erunibus
1502 2836 1634 2889 oreortuus
1649 2839 1707 2899 cst,

939 2936 1009 2998 erge
1023 2936 1120 2983 emises
1135 2919 1245 2981 mortui
1258 2928 1324 2980 sulit
1334 2940 1346 2981 .·
1361 2921 1402 2981 Et
1412 2940 1469 3001 pro
1481 2921 1614 2982 erunibus
1628 2940 1707 2981 uior-

941 3018 1059 3071 teosest
1086 3010 1232 3073 Cluu'slos.
1257 3013 1335 3072 ilinc
1361 3010 1457 3091 igitur
1484 3012 1643 3074 contendit
1666 3014 1710 3075 sie

940 3102 1160 3180 Augustinus:
1191 3102 1216 3162 si
1242 3122 1298 3184 pro
1327 3104 1472 3165 omnihus
1497 3110 1639 3166 mortuus
1664 3111 1710 3165 cst

941 3194 1078 3256 Christus
1095 3201 1235 3274 :ergoet
1257 3216 1313 3276 pro
1336 3197 1473 3277 parvulis
1486 3203 1628 3259 mortuus
1652 3203 1708 3259 est.

942 3288 1036 3366 Atqui
1059 3306 1116 3366 pro
1135 3288 1206 3348 solis
1228 3288 1360 3349 mortuis
1382 3295 1413 3349 et
1440 3291 1565 3369 quidem
1585 3297 1709 3372 pecorile

942 3379 1083 3455 mortuis,
1097 3379 1127 3443 id
1142 3385 1188 3439 est
1201 3382 1419 3459 peccatoribus,
1433 3389 1575 3444 mortuus
1586 3388 1632 3444 est
1644 3382 1707 3444 iilo.

942 3471 1041 3551 Igitur
1055 3478 1180 3551 porceto
1199 3473 1316 3533 mortui
1333 3479 1502 3535 naseuntur
1520 3477 1653 3557 parvuli.
1674 3477 1708 3537 [n

942 3583 1004 3653 quo
1019 3563 1097 3624 illud
1114 3583 1175 3624 nno
1194 3565 1330 3644 proiecto
1349 3568 1526 3629 continetur
1536 3587 1545 3644 ;
1568 3587 1623 3648 pre
1639 3588 1710 3630 om-

941 3655 1034 3716 nibus
1046 3655 1259 3736 peccatoribus
1272 3657 1428 3719 Christum
1450 3677 1515 3720 esse
1535 3666 1709 3727 mortuum.

119 3750 146 3811 si
174 3750 304 3826 uellent,
332 3748 439 3831 utique
466 3748 596 3811 salutem
625 3746 791 3829 adepturos
814 3764 888 3806 osse.
942 3749 1100 3828 Siquidem
1113 3767 1170 3828 pro
1185 3750 1329 3811 omnibus
1343 3751 1443 3830 primo
1459 3752 1531 3812 dicit
1545 3771 1609 3813 esse
1623 3773 1711 3815 mor·

119 3844 205 3917 Nam
218 3848 249 3904 et
264 3841 323 3903 hoc
335 3839 436 3921 ipsum
447 3840 484 3900 de
497 3840 631 3915 diabole,
643 3843 674 3899 et
683 3839 800 3917 angelis
814 3839 890 3917 ejus,
941 3846 1032 3915 tuum
1046 3841 1202 3901 Christum
1211 3842 1375 3922 Apostolus
1384 3864 1390 3903 :
1399 3843 1594 3924 deindequos
1604 3865 1712 3908 omnes

121 3935 227 4023 deque
240 3933 393 3994 damnatis
407 3950 556 4012 usurpare
567 3931 655 3992 licet:
672 3949 736 3991 neu
746 3948 893 4011 eosposso
941 3934 1129 4008 nominarat,
1144 3952 1196 3993 eos
1208 3934 1338 3996 subinde
1350 3943 1474 4016 peceato
1494 3955 1559 3997 esse
1573 3946 1712 4009 mortuos

119 4026 204 4089 velle
217 4025 443 4108 poeuitcntiam,
455 4023 890 4087 eteeuvcrsienemachum:
942 4026 1081 4087 affirmat.
1102 4026 1231 4086 Prorsus
1252 4026 1347 4104 igitur
1361 4027 1444 4088 idem
1469 4028 1635 4108 Apostolus
1654 4051 1711 4111 pro

122 4118 307 4182 etsivelleut
317 4117 565 4195 rogareveniam,
576 4134 612 4177 oe
621 4117 771 4196 poenitere
777 4115 889 4191 delicti,
942 4116 1154 4196 peccatoribus
1169 4117 1314 4179 omuibus
1329 4119 1486 4180 Christum
1499 4121 1542 4181 ait
1553 4140 1619 4184 esse
1631 4142 1713 4184 mer·

122 4211 314 4288 adveniam,
329 4210 502 4272 etsolutem
525 4226 590 4270 osse
612 4208 786 4285 redituros,
810 4208 893 4288 quod
944 4216 1046 4271 tuum.
1061 4209 1138 4270 Cum
1161 4228 1234 4289 ergo
1249 4214 1315 4271 tam
1328 4211 1448 4288 paruuli
1469 4212 1536 4273 sine
1559 4214 1713 4294 baptismo

122 4303 281 4386 posterius
302 4321 322 4363 o
342 4301 496 4383 plerisque
524 4301 642 4365 dictum
662 4318 727 4361 esse
751 4305 892 4365 veterum
943 4301 1005 4362 rita
1019 4301 1126 4376 iuneti,
1139 4320 1233 4382 quam
1244 4302 1710 4385 cae-teriiupecustomorientes,

123 4398 253 4459 scimus.
277 4396 344 4456 Neo
366 4400 470 4454 tomen
499 4392 548 4454 rel
574 4392 623 4453 isti
652 4392 711 4473 ipsi
735 4392 778 4453 sie
798 4392 895 4453 loruti
943 4392 1069 4473 reprobi
1090 4394 1168 4470 siut3
1192 4413 1256 4454 non
1270 4414 1327 4475 pro
1346 4395 1419 4456 solis
1442 4396 1555 4473 electis,
1576 4417 1612 4460 ac
1632 4419 1712 4480 pree-

123 4488 271 4565 sunt,vel
284 4486 447 4568 qnisquam
457 4485 495 4546 de
509 4484 701 4553 demonibus
712 4484 793 4544 ausit
802 4486 896 4547 mode
945 4485 1103 4546 destinatis
1115 4504 1223 4567 passus
1237 4487 1374 4547 Christus
1385 4495 1415 4549 et
1429 4495 1571 4551 mortuns
1580 4498 1644 4554 est:
1661 4494 1715 4555 sod

123 4582 245 4657 dicere3
268 4579 351 4659 quod
374 4576 565 4657 Augustinus
583 4577 621 4637 de
641 4577 779 4657 reprobis
803 4577 896 4638 etiam
945 4596 1002 4658 pro
1017 4578 1168 4638 universis
1180 4578 1360 4640 hominibus
1376 4599 1382 4640 :
1400 4600 1535 4660 quorum
1554 4585 1715 4659 neminem

124 4670 259 4753 intelligi
271 4670 369 4731 voluit
380 4669 572 4731 homiuibus.
593 4669 738 4733 «Verum
754 4674 810 4746 est,
827 4687 897 4730 em·
946 4688 1011 4731 non
1024 4688 1089 4731 esso
1104 4677 1263 4731 mortuum
1284 4690 1356 4733 oum
1372 4675 1520 4753 Apestele
1543 4677 1638 4739 sentit
1651 4681 1716 4741 An·

124 4764 204 4826 nine
219 4763 377 4831 doemones
391 4779 491 4841 posse,
509 4760 536 4820 si
555 4759 662 4837 velint,
678 4762 743 4822 Deo
758 4762 897 4838 credere,
947 4763 1099 4841 gostinus.

125 4856 219 4919 etad
242 4873 314 4916 enm
333 4854 482 4916 converti,
505 4874 520 4910 u
546 4852 607 4914 Gur
630 4859 736 4919 autem
754 4853 813 4914 diei
839 4853 898 4914 hee
989 4855 1051 4916 Sed
1064 4854 1158 4935 hujus
1172 4855 1266 4917 verba
1280 4874 1318 4917 ex
1337 4856 1418 4919 libro
1437 4866 1523 4922 sexte
1537 4869 1639 4925 contre
1659 4864 1717 4927 Jo-

126 4948 216 5010 nelas
229 4954 286 5025 est,
301 4946 361 5007 nisi
375 4945 448 5027 quia
461 4945 618 5007 dromones
632 4944 745 5009 idcirco
760 4943 899 5006 cern'erti
949 4945 1062 5008 lienem
1077 4946 1175 5027 eapite
1189 4954 1299 5027 quarte
1311 4952 1482 5019 necessario
1498 4952 1548 5013 hic
1562 4954 1719 5021 afferenda

127 5046 302 5123 nequount,
317 5037 466 5121 quoniam
478 5036 557 5098 vello
571 5037 709 5097 converti
719 5035 900 5117 nequeunti
949 5045 1031 5100 sunt.
1051 5062 1066 5099 o
1094 5039 1154 5100 Sed
1182 5041 1306 5102 attonde
1331 5061 1426 5125 quam
1439 5044 1559 5124 ualidis,
1580 5047 1682 5128 inquit
1694 5049 1720 5130 ⁸,

129 5134 233 5207 Quare
247 5131 315 5192 ideo
329 5128 465 5193 converti
488 5133 616 5211 possunt
638 5147 747 5190 omnes
760 5129 901 5189 homines
950 5131 1135 5192 testimoniis
1146 5132 1296 5211 urgearis.
1315 5135 1362 5195 Tu
1376 5135 1452 5197 dicis
1463 5137 1556 5199 etiam
1578 5159 1634 5218 pro
1650 5161 1720 5222 pec-

130 5232 162 5289 et
175 5225 258 5287 inter
269 5223 328 5284 hes
338 5220 462 5313 reprobi
481 5221 576 5300 :quio
589 5225 718 5301 pessunt
735 5220 814 5282 velle
828 5239 900 5282 con·
952 5222 1106 5284 cetoriiurs
1133 5231 1293 5291 mortuum
1316 5247 1322 5287 :
1341 5247 1398 5307 rgo
1421 5228 1489 5291 dico
1516 5233 1640 5295 nonnisi
1665 5254 1723 5317 pro

163 5430 172 5475 l
187 5432 252 5477 noa.
267 5438 283 5471 1.
297 5447 325 5461 -
337 5425 352 5469 t
365 5423 385 5470 ll
395 5424 469 5474 corte
480 5433 501 5475 r,
517 5423 550 5469 n.
562 5423 609 5467 -8
621 5422 678 5478 Aug.
691 5422 717 5468 rr
729 5428 786 5469 root.
798 5426 843 5470 lot.
858 5435 908 5481 cop.
923 5436 953 5479 rr,
968 5429 1020 5471 tom.
1035 5424 1081 5470 vn.
