3956 6158
132 1406 278 1462 christmpro

131 1460 223 1514 Angelis
233 1471 277 1502 nou

132 1519 164 1558 set
177 1520 278 1556 mortuus

300 306 358 367 552

300 471 386 533 aliud
400 473 466 551 ejus
480 480 598 536 exstare
612 476 757 539 delirium
778 478 811 538 in
828 478 957 540 homilia
966 479 1069 559 priore

301 570 335 626 in
346 566 508 627 Leuiticurn
520 587 530 628 :
548 569 602 629 ubi
623 571 676 643 ait,
693 571 850 631 Christum
866 577 934 650 post
957 571 1071 632 sacrifi·

301 657 384 719 cium
396 659 474 719 illud
488 662 521 721 in
545 681 634 723 cruce
649 682 705 743 pro
719 663 900 725 homiuibus
916 664 1068 725 oblatum.

301 750 385 810 aliud
400 752 434 811 in
448 754 525 813 coelo
537 755 694 829 obtulisse,
718 763 753 816 ut
772 775 842 836 quae
858 757 891 817 in
906 757 988 818 coelis
998 762 1071 817 sunt

302 842 484 922 pacificaret.
506 867 521 903 u
541 847 579 907 Et
599 847 650 908 hic
663 848 799 927 quidem,
817 850 927 928 inquit,
942 868 999 928 pro
1014 851 1069 908 ho-

301 934 439 995 minibus
452 937 550 1015 ipsam
565 941 755 1017 corporalem
768 942 931 1001 materiam
942 943 1070 1019 sangui-

301 1027 351 1086 nis
364 1027 410 1086 sui
423 1028 511 1089 fudit.
529 1032 563 1090 ln
577 1031 751 1093 coelestibus
764 1052 850 1109 vero,
865 1034 1069 1094 ministranti-

300 1117 370 1195 bus,
409 1120 434 1181 si
465 1122 520 1200 qui
548 1122 593 1183 illi
624 1124 699 1184 inibi
739 1131 821 1202 sunt,
851 1126 1069 1202 sacerdotibus,

300 1211 427 1273 vitalem
445 1215 581 1293 corporis
595 1217 642 1276 sui
653 1217 800 1279 virtutem
810 1219 896 1279 velut
913 1219 1071 1299 spirituale

302 1304 459 1380 quoddam
472 1306 653 1368 sacrificium
668 1310 851 1371 immolavit
866 1332 881 1369 n

342 1397 399 1456 Ill.
417 1397 533 1457 Verum
547 1399 660 1460 omisso
674 1400 845 1462 tabulatura
856 1402 926 1479 isto,
950 1403 1072 1465 duobus

303 1488 403 1547 modis
424 1488 554 1568 intelligi
580 1494 708 1571 quaestio
745 1494 799 1554 illa
826 1500 937 1574 potest,
965 1502 1072 1556 utrum

303 1580 443 1640 Christus
480 1584 663 1661 angelorum
691 1587 822 1648 salvator
847 1588 906 1647 dici
945 1588 1069 1664 debeat,

303 1690 386 1731 uuus
409 1680 464 1745 est,
493 1694 533 1735 au
553 1677 592 1737 ad
613 1696 666 1737 eos
690 1698 708 1738 a
732 1686 856 1755 peccato
882 1681 1070 1741 revocandos

302 1763 491 1840 incarnatus,
507 1776 709 1850 mortuusque
725 1772 783 1831 sit:
794 1772 871 1832 alter
885 1778 941 1848 est,
958 1793 998 1833 au
1012 1774 1071 1834 hoe

302 1857 404 1935 ipsum
434 1861 518 1939 quod
532 1864 663 1939 gratiam
685 1865 789 1944 adepti
804 1871 886 1936 suut,
909 1870 940 1924 et
954 1866 1020 1925 aliis
1038 1867 1071 1925 in

809 310 1132 375 THECLOGlCOllUM
1153 310 1369 373 oooMATUM

1120 477 1164 537 Ac
1177 477 1221 537 sic
1235 494 1290 556 per
1304 478 1382 539 illud
1393 477 1549 557 singulare
1563 478 1760 553 sacrificium,
1774 478 1807 539 in
1822 490 1874 558 qiu

1120 569 1273 630 mediator
1287 576 1334 631 est
1351 571 1542 646 immolatus,
1558 571 1642 650 quod
1662 588 1764 632 uuum
1782 570 1875 631 multae

1121 662 1152 721 iu
1172 663 1240 742 lege
1257 664 1392 724 victimae
1407 664 1593 741 figurabant,
1614 664 1816 743 pacificantur
1828 682 1877 724 cte

1119 753 1208 816 lestia
1221 774 1294 816 eum
1307 756 1515 833 terrestribus,
1523 761 1554 816 et
1567 757 1725 816 terrestria
1741 774 1813 817 cum
1825 776 1877 816 ote-

1119 846 1259 908 lestibus.
1295 848 1448 921 Quoniam
1483 849 1564 908 sieut
1601 848 1685 908 idem
1726 848 1878 927 Apostolus
1970 928 1971 931 Ἴ

1120 939 1203 999 dicit.
1229 939 1267 999 In
1281 940 1341 1021 ipso
1352 939 1531 1020 complacuit
1547 959 1660 1000 omnem
1669 939 1877 1019 plenitudinem

1119 1028 1289 1092 diuinitatis
1310 1032 1486 1105 inhabitare,
1501 1040 1528 1093 et
1546 1050 1602 1110 per
1622 1050 1688 1093 eum
1702 1032 1878 1094 reconciliari

1119 1123 1219 1183 omnio
1247 1121 1409 1202 teipsum,
1435 1121 1600 1204 pacificans
1632 1141 1687 1204 per
1720 1124 1878 1204 sonpnuern

1119 1218 1216 1274 crucis
1229 1213 1292 1295 ejus
1304 1212 1363 1274 siue
1382 1230 1450 1295 pure
1465 1214 1497 1274 in
1511 1214 1595 1276 caiis
1609 1220 1688 1291 suut,
1705 1215 1769 1277 aine
1781 1234 1843 1297 qun
1853 1217 1878 1278 in

1122 1306 1248 1366 terrra.»

1163 1398 1220 1458 IV.
1245 1398 1310 1465 Hoc
1330 1416 1422 1460 seusu
1449 1405 1532 1460 recte
1558 1400 1751 1480 Augustinus
1764 1401 1878 1461 iliaduo

1122 1489 1258 1568 Apostoli
1271 1490 1338 1551 loca
1352 1491 1552 1570 intelligenda
1568 1493 1701 1572 putarit,
1726 1493 1761 1552 in
1779 1493 1880 1572 quibus

1121 1581 1232 1642 Christi
1258 1588 1357 1644 morte
1384 1602 1420 1644 ac
1449 1584 1680 1663 sanguinenon
1704 1586 1807 1646 solum
1831 1592 1880 1645 ter-

1121 1691 1208 1747 rena,
1230 1674 1389 1735 sedetiam
1404 1676 1539 1736 coelestia
1558 1678 1720 1757 pacificata
1740 1677 1832 1737 luisse
1843 1679 1879 1737 di-

1122 1770 1246 1827 cuntur.
1274 1768 1363 1828 Unde
1386 1787 1523 1828 errorem
1547 1788 1641 1830 suum
1659 1771 1878 1845 adstruxerunt,

1121 1858 1175 1936 qui
1192 1877 1249 1937 pro
1263 1859 1380 1937 augelis
1398 1859 1481 1938 ipsis,
1501 1880 1537 1921 ac
1550 1862 1725 1922 scelestibus
1745 1863 1881 1922 creaturis

1122 1956 1282 2010 mortuum
1297 1969 1362 2011 esse
1388 1952 1543 2012 Christum
1566 1953 1707 2014 arbitrati
1721 1960 1804 2014 sunt.
1820 1955 1880 2015 llic-
1899 1967 1948 2010 uem
1966 1997 1967 2000 ,

1124 2060 1274 2122 ronymus
1300 2050 1383 2103 certe
1417 2043 1449 2103 in
1472 2046 1702 2105 commentariis
1735 2047 1776 2105 ad
1802 2052 1881 2125 eaput
1916 2085 1952 2110 .

1123 2137 1261 2213 primum
1275 2135 1411 2211 epistolae
1426 2134 1466 2196 ud
1477 2135 1507 2196 Ε
1502 2135 1632 2215 piterius,
1658 2138 1825 2199 miscellam
1836 2157 1880 2197 ra·
1899 2129 1971 2221 Ἥ,

302 1950 429 2011 exilium
451 1955 609 2034 prolapsis,
632 1957 683 2016 alii
703 1959 736 2017 in
762 1958 862 2018 cilicio
877 1963 1069 2035 manserunt,

303 2042 415 2103 Christi
428 2047 538 2106 merito
564 2050 721 2111 consecuti
735 2051 814 2111 sint:
832 2051 875 2111 ita
888 2058 923 2111 ut
947 2072 1011 2112 non
1026 2073 1072 2114 re-

303 2134 453 2214 demptia
475 2146 610 2217 peccato,
628 2148 659 2202 et
686 2142 783 2201 silute
798 2143 924 2203 donati:
951 2147 1002 2205 sed
1031 2165 1071 2207 ne

141 3552 188 3604 Quo
200 3564 267 3597 seusu

133 3607 274 3659 Augustinus

144 3661 219 3704 omnia
235 3673 274 3715 per

133 3712 242 3758 christun
258 3716 280 3759 tn

143 3766 205 3810 coetu
216 3766 268 3809 lus-

158 3823 246 3864 numu

171 3872 239 3917 dicat.

303 2225 342 2286 ab
358 2227 415 2287 hac
442 2232 629 2309 exciderent,
655 2234 741 2293 etin
764 2234 841 2295 illud
867 2235 1069 2313 incurrerent,

304 2320 418 2380 Christi
444 2325 543 2401 gratia
569 2326 689 2401 servati,
728 2327 905 2406 defensioue
942 2328 1068 2390 fuerint.

304 2412 424 2473 Horum
436 2416 704 2491 primumfacilem
710 2418 804 2479 habet
814 2419 1050 2498 explicationem
1063 2442 1070 2482 ε

304 2504 384 2563 Nam
398 2511 510 2584 praeter
534 2508 712 2585 Origenem,
729 2513 759 2568 et
779 2509 804 2568 si
825 2510 879 2588 qui
892 2509 944 2570 alii
969 2529 1073 2572 errore

304 2594 387 2654 illius
400 2597 495 2658 afflati
510 2606 592 2675 sunt,
607 2602 640 2660 in
655 2601 712 2661 boc
726 2601 848 2681 antiqui
868 2621 977 2663 omues
1000 2623 1072 2664 cou-

304 2688 451 2765 veniuut;
481 2709 583 2770 neque
610 2693 704 2753 simul
726 2693 761 2753 in
786 2700 945 2773 peccatum
966 2696 1073 2756 interi·

303 2784 433 2862 tumque
445 2785 603 2863 prolapsos
614 2786 750 2864 angelos,
765 2786 797 2846 in
812 2786 968 2863 integrum
982 2789 1074 2849 fuisse

303 2875 480 2936 restitutos:
502 2896 603 2955 neque
631 2879 786 2939 Christum
821 2897 877 2956 pro
905 2881 979 2959 ipsis
1000 2882 1074 2941 libe-

304 2966 410 3027 randis
423 2969 554 3045 uenisse,
569 2977 623 3030 aut
636 2977 796 3032 mortuum
811 2990 886 3046 esse,
903 2979 995 3052 atque
1008 2993 1076 3055 pus-

304 3078 384 3120 sum.
398 3082 413 3117 u
424 3061 535 3138 Augeli
549 3083 653 3143 porro,
662 3065 705 3124 ait
712 3063 935 3142 Augustinus¹,
945 3068 999 3144 qui
1011 3086 1075 3127 non

304 3153 380 3232 lapsi
406 3158 478 3212 sunt
503 3174 520 3214 a
544 3164 710 3235 conspeetu
733 3157 801 3229 Dei,
825 3156 994 3218 mediatore
1011 3178 1076 3220 nou

305 3265 384 3326 opus
397 3244 524 3321 habent,
550 3267 606 3327 per
619 3266 714 3327 quem
733 3249 981 3311 reconcilientur.
996 3251 1075 3311 Item

305 3338 418 3416 angeli,
435 3338 488 3416 qui
501 3340 587 3400 nullo
601 3341 761 3414 suadente,
782 3346 952 3419 spontanea
961 3360 1076 3421 praeva-

304 3430 452 3491 riaatione
466 3431 509 3491 sic
521 3432 597 3510 lapsi
612 3440 696 3509 sunt,
718 3451 774 3513 per
788 3432 992 3493 mediatorem
1010 3453 1075 3495 non

305 3524 553 3584 reconciliantur.
565 3546 580 3581 n
599 3525 637 3586 Et
655 3526 689 3583 iu
700 3523 881 3584 Enriiridio
893 3523 934 3584 od
944 3525 1076 3587 Lauren-

307 3620 394 3688 tium,
421 3618 518 3695 capite
541 3634 601 3678 Lxr.
628 3638 643 3674 θ
671 3618 740 3678 Non
756 3617 840 3677 enim
863 3634 920 3696 pro
944 3618 1072 3696 angelis,

306 3708 417 3786 inquit,
446 3715 588 3769 mortuus
607 3714 653 3769 est
675 3710 852 3769 Christus.»
872 3709 1076 3782 Quemadmo

306 3801 382 3860 dum
397 3818 470 3860 vero
493 3803 531 3860 ad
556 3802 682 3879 angelos
706 3802 799 3862 etiam
822 3801 885 3873 illa,
909 3819 978 3879 quae
1002 3802 1073 3863 solis

305 3893 445 3970 impensa
460 3898 505 3952 est
513 3893 704 3967 bominibus,
720 3893 893 3972 redemptio
906 3893 1070 3971 pertineat,

305 3983 422 4044 ibidem
434 3985 638 4046 incontinenti
657 3985 700 4045 sic
712 3985 869 4045 declarat:
886 4004 902 4040 a
917 3984 978 4044 Sed
1003 3985 1073 4046 ideo

305 4077 399 4137 etiam
412 4095 468 4156 pro
484 4077 601 4157 angelis
620 4080 654 4137 tlt
668 4077 819 4156 quidquid
839 4075 1004 4137 bominum
1021 4095 1075 4156 per

305 4167 516 4245 ejusmortem
536 4170 699 4230 redimitur
718 4174 749 4228 et
768 4168 949 4228 liberatura
969 4168 1071 4230 malo:

305 4261 453 4339 quoniam
474 4280 545 4322 cum
559 4264 602 4322 eis
616 4262 845 4340 quodammodo
859 4261 939 4321 redit
951 4260 984 4319 in
1002 4279 1073 4338 gra-

305 4353 381 4414 tiam
395 4360 464 4433 post
477 4354 665 4429 inimicitias,
680 4371 757 4432 quas
778 4353 859 4412 inter
880 4352 1031 4427 homines,
1044 4359 1074 4414 et

305 4450 425 4504 sanctos
440 4446 566 4523 angelos
585 4451 709 4526 praecata
723 4445 880 4518 lecerunt;
896 4448 927 4503 et
950 4462 987 4503 ea
1009 4444 1074 4523 ipsa

301 4537 468 4598 hominurn
480 4539 692 4617 redemptione
707 4538 808 4598 ruinae
819 4537 901 4596 illius
924 4538 1072 4614 angelicae

302 4631 488 4691 detrimenta
501 4636 697 4711 reparantur,
715 4636 771 4690 ete.
790 4631 918 4708 Propter
932 4629 1015 4708 quod
1029 4630 1073 4690 ait

300 4721 745 4801 Apostolusinstouroriomnio
757 4721 789 4780 io
802 4719 950 4793 Cat-tuot
963 4739 1030 4799 quoe
1040 4721 1070 4781 in

300 4812 469 4887 cuiissunt,
483 4822 509 4874 et
523 4831 591 4893 quea
603 4814 633 4872 in
644 4813 743 4873 terris.
759 4814 796 4872 ln
810 4812 999 4891 ipsoquippe
1009 4813 1070 4873 ins·

298 4910 462 4965 taurautur
469 4924 539 4984 quae
547 4906 581 4964 in
592 4905 675 4965 coelis
683 4910 766 4979 sunt,
773 4922 843 4963 crim
851 4903 882 4962 id
892 4904 977 4982 quod
986 4906 1069 4965 unde

1123 2226 1241 2286 riarum
1288 2227 1580 2308 interpretationum
1621 2236 1688 2290 tam
1726 2233 1879 2306 bonarum

1123 2336 1217 2396 quam
1240 2318 1405 2391 malarum,
1429 2324 1464 2379 ut
1489 2320 1533 2379 ihi
1559 2320 1658 2381 iacere
1681 2322 1824 2395 instituit,
1844 2324 1882 2382 in·

1124 2409 1435 2489 culcans,quamdam
1449 2412 1567 2486 inserit,
1578 2432 1648 2492 quae
1671 2415 1882 2493 Origenianum

1124 2501 1238 2580 dogma
1251 2503 1330 2582 sapit
1345 2523 1351 2562 :
1368 2522 1499 2583 eamque
1518 2523 1556 2564 ex
1579 2505 1639 2565 illis
1659 2506 1800 2585 Apostoli
1812 2507 1883 2566 testi

1124 2595 1237 2653 moniis
1254 2595 1445 2674 comprobat.
1470 2597 1545 2675 Iljus
1558 2597 1653 2657 rerba
1662 2598 1755 2677 jurat
1774 2598 1821 2659 hic
1833 2599 1882 2659 ad-

1124 2687 1257 2746 scribere
1267 2684 1291 2746 ³.
1302 2708 1316 2743 r
1333 2688 1395 2747 Cur
1409 2694 1515 2749 autem
1529 2690 1647 2763 omnia,
1662 2690 1695 2750 id
1706 2698 1764 2762 est,
1781 2692 1879 2767 angeli

1124 2778 1240 2853 throni,
1261 2778 1496 2853 dominationes,
1511 2786 1687 2861 potestates,
1709 2790 1743 2843 et
1771 2784 1883 2843 virtutes

1125 2884 1255 2942 catere,
1285 2890 1354 2949 quae
1381 2891 1544 2953 nunquam
1571 2874 1699 2934 fuerunt
1734 2876 1883 2935 contrariu

1126 2963 1199 3038 Deo,
1221 2963 1287 3040 ejus
1313 2964 1443 3042 pedibus
1461 2966 1676 3044 subjiciantur,
1700 2967 1823 3027 videtur
1839 2967 1884 3027 oh

1126 3072 1261 3116 scutum.
1300 3056 1401 3116 Potest
1433 3056 1535 3136 itaque
1577 3058 1773 3138 responderi,
1812 3059 1883 3138 quod

1127 3147 1244 3225 absquo
1255 3154 1378 3225 peceato
1393 3149 1500 3209 nullus
1519 3149 1578 3225 sit3
1593 3158 1623 3211 et
1633 3152 1734 3211 sidera
1752 3153 1818 3232 ipsa
1829 3170 1884 3211 uon

1125 3239 1187 3298 siut
1214 3240 1331 3299 munda
1352 3259 1455 3301 eoram
1479 3243 1733 3321 lieo,omnisque
1756 3251 1883 3303 creatura

1125 3338 1234 3410 paveat
1255 3333 1401 3393 creatoris
1426 3334 1605 3396 adrentum.
1637 3334 1727 3395 Unde
1762 3341 1794 3395 et
1820 3353 1885 3395 crux

1126 3422 1286 3483 salvatoris
1300 3442 1364 3484 non
1385 3425 1487 3485 solum
1501 3442 1548 3502 ea,
1571 3444 1641 3505 quae
1665 3426 1699 3486 iu
1720 3432 1814 3501 terra,
1839 3426 1883 3486 sed

1126 3515 1219 3576 etiam
1233 3534 1281 3592 ea,
1301 3534 1371 3595 quae
1391 3517 1426 3576 in
1446 3516 1530 3577 coelis
1544 3522 1635 3579 erant
1658 3536 1808 3597 purgasse
1824 3537 1885 3598 per·

1125 3606 1260 3668 hibetur.
1272 3628 1287 3664 n
1306 3609 1376 3668 Nou
1391 3607 1522 3669 dubium
1531 3614 1586 3668 cst.
1604 3610 1682 3687 quin
1696 3627 1736 3670 ex
1756 3610 1884 3688 Origenis

1124 3700 1278 3760 sententia
1296 3701 1456 3778 usurparit
1478 3701 1544 3761 haee
1566 3701 1789 3780 Hieronymus.
1816 3701 1884 3761 Num

1125 3797 1156 3851 et
1180 3810 1238 3870 pro
1266 3792 1428 3863 sideribus,
1450 3792 1509 3852 hoc
1535 3797 1580 3852 est
1608 3792 1831 3870 intelligentiis,
1858 3797 1883 3851 et

1125 3884 1254 3962 augelis,
1270 3884 1383 3963 quihus
1403 3884 1534 3943 animari
1548 3884 1686 3944 eoelestia
1698 3884 1751 3944 illa
1766 3901 1883 3963 corpora

1123 3975 1244 4055 putavit
1255 3976 1410 4053 Origenes,
1420 3993 1542 4035 erucem
1551 3975 1714 4055 pertulisse
1726 3976 1883 4035 Dominum

1124 4069 1231 4127 asserit
1243 4088 1250 4128 ε
1266 4074 1301 4127 ut
1314 4085 1384 4145 quae
1396 4069 1435 4127 ab
1448 4067 1486 4127 iis
1500 4067 1663 4127 commissa
1683 4073 1809 4146 peecata
1821 4070 1883 4128 sunt

1124 4161 1332 4239 expiarentur,
1354 4166 1389 4219 ut
1408 4159 1502 4237 paulo
1520 4164 1594 4219 ante
1616 4159 1679 4218 dixi
1702 4178 1742 4219 ex
1764 4158 1882 4219 homilia

1125 4253 1224 4332 prima
1254 4254 1286 4311 in
1308 4250 1489 4313 Leuin'curn:
1516 4249 1571 4310 ubi
1598 4258 1712 4329 preater
1745 4250 1882 4329 illaque

1123 4344 1351 4423 descripsimus,
1380 4345 1439 4403 hoc
1465 4343 1559 4402 etiam
1587 4343 1688 4417 docet,
1721 4342 1833 4422 duplex
1866 4358 1882 4398 a

1123 4437 1245 4497 Christo
1274 4435 1459 4496 sucrificium
1486 4433 1638 4505 oblatum,
1668 4434 1802 4494 alterum
1832 4450 1881 4512 pro

1121 4528 1310 4603 homiuibus,
1325 4527 1458 4587 alterum
1472 4544 1528 4604 pro
1545 4525 1687 4605 Angelis;
1705 4532 1742 4586 ut
1754 4526 1881 4603 utrisque

1122 4623 1253 4683 salutem
1279 4620 1470 4681 conciliaret:
1493 4619 1577 4697 quod
1606 4619 1702 4679 rerba
1727 4619 1811 4679 illius
1831 4619 1881 4677 ista

1120 4716 1352 4776 demonstrant:
1373 4733 1388 4769 a
1403 4712 1436 4771 si
1457 4729 1530 4789 ergo
1543 4710 1605 4770 duo
1619 4710 1832 4789 intelliguntur
1838 4727 1880 4767 re·

1119 4802 1877 4884 lamina,qtaevelut,Pontifexingressusattans,

1119 4903 1342 4977 consequenter
1364 4901 1395 4956 et
1418 4895 1603 4955 sacrificium
1638 4896 1753 4974 duplex
1778 4894 1879 4955 intelli-

299 4997 586 5075 inangelislapsum
601 5002 657 5071 est,
668 5014 705 5056 ex
719 4995 899 5055 hominibus
916 4996 1067 5056 redditur.
1117 4991 1255 5070 gendum
1270 4995 1326 5062 est,
1344 5007 1399 5067 per
1410 4988 1534 5066 quodet
1544 4988 1700 5048 terrestria
1712 4986 1876 5057 salvaverit,

299 5090 513 5149 instaurantur
527 5093 631 5148 autem
660 5106 727 5167 qua
741 5088 878 5148 interris
892 5092 980 5161 sunt,
996 5106 1068 5148 cum
1117 5090 1148 5145 et
1178 5082 1311 5144 caelestia
1327 5101 1342 5138 n
1380 5079 1548 5156 Perspicua
1574 5078 1626 5138 hic
1658 5080 1802 5155 Origenes
1826 5093 1875 5154 pro

299 5179 1068 5259 ipsihomines,quiprudestinatisuntadaeteruam
1117 5175 1246 5257 peccatis
1267 5170 1522 5245 coelestitrm,l10c
1548 5176 1594 5230 est
1610 5171 1802 5249 augelorum,
1816 5185 1875 5248 pas

299 5276 405 5345 vitam,
423 5292 442 5332 a
463 5273 669 5351 corruptionis
691 5277 842 5332 vetustate
863 5278 1064 5331 renovantur
1116 5285 1187 5329 sum
1199 5283 1264 5327 esse
1278 5265 1434 5326 Christum
1449 5261 1614 5335 existimat,
1632 5281 1707 5341 quos
1721 5260 1873 5340 sauguinis

328 5474 338 5517 t
350 5475 407 5525 Aac.
416 5474 443 5517 tn
454 5475 533 5527 rme.
544 5484 578 5527 cp.
591 5473 620 5518 od
631 5474 680 5520 Gal.
690 5492 719 5508 -·
729 5472 743 5517 t
752 5473 806 5527 aad.
819 5485 836 5524 ι,
847 5473 881 5519 n.
893 5493 921 5507 -·
932 5473 946 5517 8
957 5472 1017 5519 litor.
1031 5472 1054 5516 tu
1069 5470 1133 5528 epist.
1143 5470 1172 5516 od
1183 5471 1237 5525 aab.
1249 5474 1301 5517 nn.
1313 5470 1348 5514 rit.
