4076 6180
891 348 1014 417 tubex

161 532 248 587 carun
261 534 291 586 Χ.
311 534 440 601 Explicatur
461 536 551 596 namra,
566 538 589 584 et
601 530 692 599 propria
704 528 761 580 ratio
774 525 930 593 operationum

195 609 288 674 Christi,
306 626 356 678 quaa
369 610 506 681 dsavbpreal
527 608 628 671 Graecis,
646 606 729 659 Latinis
743 602 871 656 Deieiriter
885 615 930 652 no·

196 687 318 737 intuuntur.
333 688 358 740 1.
370 689 477 755 Exposita
491 687 587 753 primum
605 683 667 734 notio
680 678 784 733 vocabuli
793 676 929 748 deevdprah,

195 775 246 825 que
261 764 416 816 naturasdnas
430 762 541 829 exprimit.
558 760 582 810 3.
602 758 651 810 1166
667 770 732 807 unam
747 755 860 820 signiticat
873 770 930 821 ope·

197 837 321 896 rationem:
336 846 358 890 et
375 841 441 891 iocus
462 840 485 889 in
501 853 528 890 eo
554 833 764 888 Monetbcletarum.
789 832 814 882 t.
840 831 931 896 Triplex

198 926 269 973 genus
280 915 435 979 operationum
450 914 542 974 Christi,
558 926 627 962 unum
640 922 701 960 mere
719 907 829 967 divinum,
844 921 932 958 secun·

198 985 250 1036 dum
265 1002 326 1039 mere
339 990 473 1052 humanum,
486 988 576 1039 tertium
590 1001 616 1037 ex
626 991 721 1049 utroque
735 983 836 1033 mistum.
849 983 873 1032 5.
883 981 932 1032 lion

198 1061 288 1112 tertium
301 1065 410 1130 appellari
432 1080 446 1115 a
464 1063 571 1129 uterere
586 1061 700 1127 precipue
715 1056 854 1127 iemhpra'ov
868 1061 933 1108 vete-

199 1150 235 1186 res
252 1136 396 1190 arbitrantur.
418 1141 444 1191 6.
460 1139 505 1192 scu
527 1138 594 1188 latius
620 1143 696 1201 patere
709 1137 813 1198 ridetnr;
827 1135 888 1201 quud
908 1136 934 1182 ut

199 1210 345 1276 intelligatur,
361 1216 457 1280 primurn
467 1214 531 1265 radin
544 1212 702 1278 appellationis
718 1213 784 1264 istius
797 1211 930 1276 erplrcalur.

199 1300 250 1350 qum
263 1294 298 1338 est
311 1290 382 1341 unitio
393 1289 532 1341 substantiva
547 1292 676 1337 naturamm
690 1287 795 1339 duarum.
812 1289 835 1338 l.
853 1288 933 1337 Utrum

200 1367 223 1410 ct
236 1364 378 1426 operationes
407 1367 461 1431 ipsae
488 1363 591 1413 similiter
612 1362 680 1414 unitae
697 1363 743 1413 siut
768 1362 890 1428 quaesitum
905 1374 934 1411 ac

201 1436 274 1490 urimo
287 1446 491 1492 commemorantur
504 1439 543 1504 qui
556 1438 578 1489 id
589 1442 680 1501 megum,
700 1442 747 1488 tuna
761 1438 799 1503 qui
812 1437 923 1488 affirmant

202 1511 227 1561 8.
244 1512 270 1561 ili
291 1529 343 1565 vero
358 1516 494 1580 posteriores
512 1513 605 1564 multum
619 1512 648 1562 ab
664 1511 776 1563 hereticis
790 1513 932 1577 discrepant3

202 1604 243 1641 nec
257 1589 278 1639 in
307 1605 373 1641 unam
394 1591 546 1656 operationem
573 1588 629 1639 duas
643 1588 750 1652 conjungi
764 1592 876 1639 moerent.
892 1584 932 1634 10.

203 1667 360 1731 l‘reponuntur
378 1666 438 1717 modi
461 1673 556 1730 quatuor
569 1677 596 1714 ex
608 1662 712 1713 Patribus
727 1663 833 1714 unitionis
849 1673 934 1727 opera-

202 1746 289 1793 tionum
303 1740 394 1794 Christi.
412 1741 453 1790 11.
486 1740 525 1790 llis
548 1738 640 1803 quintus
665 1737 755 1789 additus
771 1752 798 1789 ex
823 1733 935 1803 personali

203 1816 268 1867 Verbi
284 1817 428 1882 proprietate,
447 1829 498 1880 quae
518 1815 541 1864 ln
555 1811 698 1878 operationes
720 1812 830 1863 humanas
851 1808 936 1875 aliquid

203 1893 299 1950 conlcrt,
314 1897 336 1941 et
360 1904 399 1941 cas
416 1891 513 1941 deificat.
544 1888 584 1938 ta.
612 1887 676 1947 Quod
690 1892 789 1938 veterum
804 1886 936 1938 auctoritate

205 1968 319 2033 probatur.
349 1967 389 2017 13,
419 1964 555 2031 Proponitur
581 1966 675 2027 questio
701 1963 809 2025 dllllcilis,
823 1959 936 2027 quomodo

205 2044 304 2108 operatio
318 2041 405 2103 divina,
430 2056 455 2090 ea
470 2054 513 2105 qua
530 2053 581 2103 qum
599 2037 728 2089 tlreandrica
742 2038 824 2090 dicitur
837 2041 933 2095 constat,

205 2118 295 2184 propria
313 2118 343 2167 sit
355 2116 432 2175 Verbi,
447 2129 499 2166 cum
519 2115 549 2165 sit
561 2114 629 2164 totius
654 2114 779 2164 Trinitatis.
799 2110 935 2176 1181611-

204 2200 267 2244 catur
291 2193 333 2243 ista
346 2193 441 2257 quaestio
456 2205 483 2240 ex
505 2204 533 2241 eo
550 2189 610 2255 quod
630 2190 730 2254 operatio
745 2188 829 2251 divina,
844 2185 937 2252 perinde

204 2283 231 2319 ac
244 2273 333 2329 natura,
351 2282 395 2318 non
409 2266 475 2317 aliter
487 2279 554 2330 quam
579 2263 725 2315 determinata
744 2263 855 2330 personali
870 2259 936 2311 Verbi

205 2344 378 2410 proprietatem
393 2341 516 2392 unitionem
530 2339 592 2390 illam
607 2339 676 2389 venit.
887 2334 937 2386 rto

170 2417 256 2470 thiar
272 2420 310 2470 lil.
330 2417 424 2481 ltegulm
441 2415 553 2480 quaedam,
571 2419 594 2464 et
606 2414 672 2464 eliata
686 2413 823 2477 colliguntur
837 2430 862 2464 er
877 2412 938 2465 anti-

205 2495 264 2558 quis,
280 2494 361 2559 quibus
375 2491 458 2544 Christi
474 2489 616 2555 operationes
630 2487 768 2539 illustrantur
785 2507 790 2538 :
807 2490 879 2556 prima
894 2494 937 2551 est,

205 2570 347 2635 operationes
364 2580 443 2619 omncs
462 2563 545 2616 Christi
569 2564 645 2623 unius,
668 2569 690 2613 ct
712 2564 811 2627 ejusdem
826 2567 939 2630 operantis

206 2659 266 2704 esse,
284 2645 322 2710 qui
349 2644 446 2692 humana
474 2640 542 2690 simul
558 2640 614 2704 egit,
643 2645 665 2689 et
691 2638 773 2690 divina.
795 2642 819 2691 5.
835 2641 941 2693 Secunda

208 2720 284 2783 regulo
301 2737 307 2769 ι
322 2719 369 2769 Etsi
385 2732 444 2768 uuus
458 2719 488 2767 sit
501 2729 607 2780 operans,
623 2713 739 2765 distinctas
756 2715 814 2766 iuter
827 2731 852 2767 se
866 2722 940 2767 taram

207 2796 348 2860 operationes
361 2807 421 2844 esse.
446 2793 469 2842 i.
486 2791 561 2841 Tertia
575 2790 662 2854 regula,
676 2804 720 2841 non
734 2805 802 2854 agere
821 2796 940 2857 separatim

208 2877 309 2921 naturam
324 2883 391 2919 uuam
409 2867 438 2918 ab
463 2866 543 2927 alera,
562 2867 602 2916 sed
628 2865 833 2930 conjunctirn.10.
858 2866 942 2926 Quarta

209 2945 306 3010 regula3
322 2943 410 2995 tametsi
427 2956 485 2993 urrus
499 2941 528 2991 sit
541 2954 646 3005 operans,
661 2940 841 3004 distinguendum
856 2946 941 2997 umen,

210 3022 264 3087 quid
273 3036 300 3072 en
314 3034 402 3086 quaque
417 3024 495 3069 natura
511 3017 586 3068 iaciat.
601 3014 655 3073 Quae
666 3015 750 3078 regula
764 3030 790 3066 cx
800 3016 942 3082 antiquorum

212 3098 299 3163 placitis
312 3096 459 3161 explicantur,
478 3098 501 3144 et
517 3092 666 3141 illustrantur.
894 3091 944 3142 255

177 3174 264 3225 Cleua
278 3172 328 3222 llll.
347 3170 448 3234 Reliqua
462 3169 490 3217 da
512 3165 647 3216 theandricis
664 3164 830 3230 operationibus
860 3166 944 3231 regulae

213 3254 376 3313 proponuntur.
409 3244 505 3305 Quinta,
537 3242 638 3293 actiones
676 3255 754 3291 omnes
782 3241 892 3293 humanas
921 3242 943 3291 in

212 3324 311 3384 Christo,
327 3322 394 3372 etiam
417 3318 538 3379 naturales,
554 3330 581 3366 cx
608 3323 662 3366 nutu
676 3315 797 3368 divinitatis
811 3318 946 3381 gubernatas

213 3400 292 3449 luisse.
310 3398 337 3447 l.
360 3394 570 3452 hionotbeletarum,
593 3392 616 3440 in
640 3405 667 3440 ca
689 3405 714 3441 re
728 3391 801 3443 lucus.
819 3393 842 3443 i.
859 3392 946 3458 ttegota

214 3479 285 3532 sexta,
301 3485 391 3523 earnem
409 3471 580 3520 instrumentum
594 3465 747 3516 inisseVorbi.
763 3468 787 3519 11.
803 3468 946 3520 instrumenti

215 3549 272 3600 ratio
287 3547 421 3600 declaratur.
438 3546 479 3594 tt.
495 3543 527 3593 lle
540 3542 688 3593 instrumento
703 3541 793 3592 llarimi
810 3543 875 3596 locus
887 3544 947 3595 iusi·

216 3625 267 3689 gnis
276 3623 408 3673 illustratur.
425 3620 465 3670 rt.
473 3617 574 3683 Septima
586 3616 665 3680 regula
676 3633 682 3665 ε
693 3615 726 3666 Ea
739 3616 787 3667 sola
797 3631 946 3683 peromnem,

217 3705 277 3754 velut
298 3703 479 3759 instrumentum,
504 3697 577 3761 egisse
601 3694 707 3757 Verbum,
732 3708 782 3756 que
802 3696 831 3747 ad
852 3699 948 3749 saluum

217 3784 315 3830 nostram
347 3774 466 3841 pertinent.
497 3774 537 3823 15.
567 3770 650 3822 Octava
677 3770 755 3833 regrrla
777 3770 850 3823 :Nun
876 3775 947 3825 solam

217 3854 368 3905 transeuntem
382 3848 557 3914 operationuma
570 3844 838 3898 Verbucommunicatam
846 3848 949 3900 humane

217 3937 301 3981 nature
313 3926 392 3986 luisse,
414 3938 486 3988 ueque
499 3923 612 3975 Christum
627 3917 798 3992 ἔνεργοὺμενον
813 3924 857 3975 dici
871 3939 946 3990 posse.

217 4006 261 4056 ilbi
275 4003 327 4069 quid
343 3998 458 4070 ἐνέργεια,
472 4006 495 4050 61
508 3996 675 4070 ἔνεργοῦηενος
695 4001 734 4060 sit,
758 4001 884 4066 exponitur.
906 4000 946 4051 21.

215 4080 281 4132 liena
308 4079 407 4143 regula:
427 4078 574 4144 operationes
600 4078 692 4139 Christi,
723 4077 790 4127 etiam
819 4089 950 4127 communes

219 4155 335 4205 arrhiscum
349 4168 428 4213 novas,
444 4160 466 4203 et
479 4153 613 4203 excellentes
624 4154 702 4203 luisse.
900 4151 949 4201 262

184 4231 270 4283 Cabur
285 4231 343 4281 lilll.
362 4228 563 4281 llonotheletarum
584 4228 720 4292 objectiones
738 4225 858 4292 precipue
872 4232 950 4277 contra

218 4307 274 4357 duas
291 4304 433 4370 operationes
444 4303 526 4354 Christi
541 4303 667 4354 solvuntur.
693 4303 776 4352 llarmu
794 4301 875 4366 prima,
890 4301 951 4366 quod

219 4395 276 4432 nnus
289 4380 318 4430 sit
347 4393 452 4445 operans.
477 4379 501 4428 1.
525 4379 628 4430 Ridicula
658 4375 798 4443 prescriptio
821 4377 950 4427 eorumdem

218 4456 384 4508 hereticorum.
401 4454 495 4505 311616
522 4453 665 4520 opponebant
681 4454 784 4504 humane
809 4456 895 4502 naturae
906 4466 951 4503 non

222 4542 266 4586 tam
298 4531 416 4602 ἐνέργειαν
441 4530 553 4596 propriam
576 4544 635 4585 esse.
667 4544 735 4594 quarn
761 4526 844 4582 πάθος.
861 4526 885 4576 l.
902 4528 952 4578 illia

221 4613 327 4677 objectio,
342 4609 402 4674 quod
422 4621 496 4659 cause
521 4606 618 4670 agentis,
643 4610 665 4655 et
691 4604 833 4656 instrumenti
853 4617 899 4655 una
923 4602 954 4654 sit

221 4687 330 4754 operatio.
346 4689 370 4736 5.
387 4684 487 4734 alterum
501 4696 572 4745 genus
586 4680 738 4744 objectionum
751 4695 778 4731 en
788 4681 880 4730 Petrum
893 4691 953 4729 auc·

222 4765 319 4822 toritate,
334 4759 394 4810 velut
407 4757 516 4823 Dionysii,
533 4763 555 4807 et
566 4755 652 4821 Cgrilli.
672 4756 695 4805 6.
709 4754 785 4819 apati
805 4754 871 4806 locus
884 4752 955 4818 expll-

222 4846 320 4892 eaturex
334 4835 439 4896 blaximo,
456 4834 479 4883 1.
496 4846 538 4884 666
553 4845 599 4883 non
616 4830 718 4896 Gregorii
732 4831 836 4896 Ngsscni.
904 4827 954 4878 iil

1229 774 1342 834 LlBEll
1364 774 1497 835 NONUS

1021 1053 1052 1096 tx
1072 1053 1128 1103 OL‘O
1148 1053 1186 1096 DE
1206 1054 1375 1098 vetustata
1396 1055 1511 1099 diluisti
1532 1054 1713 1102 missuutrttt.

982 1209 1068 1261 canna
1082 1209 1100 1258 l.
1120 1209 1274 1261 [levoluntate
1296 1210 1399 1274 quedam
1413 1210 1466 1261 alibi
1481 1210 1541 1262 dicta
1554 1213 1675 1279 repetendo
1696 1227 1750 1279 per·

1015 1287 1155 1350 stringuntur
1181 1286 1191 1336 1
1220 1285 1370 1347 Voluntatem,
1385 1285 1432 1336 sive
1446 1286 1576 1339 vetitionem
1599 1290 1628 1340 ab
1642 1286 1750 1360 ἔνεργε1ᾳ

1015 1363 1126 1421 discerem
1155 1376 1182 1413 ac
1196 1366 1240 1411 tam
1268 1375 1309 1426 pro
1327 1361 1431 1412 laenitate
1445 1363 1504 1427 ipsa,
1519 1377 1586 1428 quam
1605 1382 1647 1432 pro
1661 1370 1749 1421 ardone

1016 1438 1075 1487 sumi
1091 1453 1097 1486 ι
1112 1437 1137 1486 i.
1154 1435 1213 1495 unta
1227 1436 1257 1486 sit
1270 1435 1375 1502 θέληοις,
1391 1442 1414 1488 et
1426 1437 1547 1506 βούλησις.
1572 1443 1595 1491 a.
1614 1443 1647 1494 lle
1664 1443 1749 1495 volun-

1015 1516 1060 1562 tate
1074 1513 1179 1575 naturali,
1194 1513 1241 1564 sive
1253 1520 1349 1586 φυσικῇ,
1365 1522 1387 1568 61
1399 1514 1558 1588 ὓποοτατικῇ,
1569 1519 1615 1569 sive
1627 1523 1748 1590 γνωμικῇ.

1017 1591 1042 1640 5.
1061 1590 1201 1642 Voluntatem
1215 1593 1272 1644 allas
1290 1595 1427 1659 spectarint
1452 1601 1486 1646 est
1502 1601 1590 1652 natura,
1608 1596 1664 1648 alias
1678 1603 1702 1648 ut
1716 1603 1751 1649 est

1017 1664 1098 1717 libera.
1114 1667 1138 1717 6.
1155 1669 1273 1719 bobonum
1282 1670 1353 1721 series
1366 1670 1389 1720 in
1404 1670 1474 1721 libera
1485 1671 1606 1722 voluntatis
1619 1674 1751 1734 operatione

1017 1741 1143 1792 summatim
1172 1743 1312 1810 proponitur.
1347 1746 1370 1797 i.
1390 1746 1431 1797 lle
1444 1745 1526 1797 Christi
1544 1746 1617 1798 libera
1638 1748 1751 1800 voluntate

1019 1817 1147 1883 disputandi
1159 1820 1246 1876 aditus;
1262 1826 1284 1871 et
1297 1835 1338 1872 cur
1351 1822 1379 1872 de
1389 1821 1490 1873 libertate
1504 1823 1637 1874 universoin
1651 1838 1751 1889 sequeu-

1021 1893 1081 1944 tihus
1097 1894 1134 1959 agi
1149 1900 1258 1961 oporteat.
1702 1900 1751 1951 ato

987 1968 1073 2021 Cleua
1086 1970 1113 2020 ll.
1134 1970 1166 2020 lle
1180 1971 1244 2024 liberi
1254 1973 1340 2025 arbitrii
1354 1978 1442 2035 natura,
1458 1979 1479 2024 et
1493 1972 1630 2025 delinitione.
1646 1974 1671 2024 1.
1683 1974 1752 2040 Cujus

1020 2060 1047 2096 ea
1060 2047 1257 2099 notiocommunis
1270 2049 1373 2107 traditur,
1392 2053 1417 2099 ut
1429 2049 1458 2099 sit
1475 2052 1573 2108 potestas
1591 2049 1657 2100 unius
1669 2065 1681 2101 e
1691 2051 1752 2102 drro·

1018 2122 1061 2173 bus
1074 2121 1214 2183 asciscendi,
1233 2130 1273 2175 aut
1302 2124 1423 2184 refutandi,
1451 2123 1514 2174 nulla
1543 2126 1675 2175 necessitate
1692 2140 1753 2177 eon·

1019 2199 1105 2250 stricta.
1121 2198 1147 2249 2.
1168 2199 1209 2252 Cui
1228 2199 1337 2258 haretici.
1361 2205 1384 2250 et
1397 2198 1448 2249 nort
1462 2198 1607 2262 llogmatistae
1620 2200 1752 2263 reclamant,

1020 2274 1073 2325 dum
1087 2275 1241 2325 recreatorem
1270 2280 1352 2339 negant
1375 2288 1426 2325 cunr
1454 2274 1556 2325 libertato
1579 2289 1679 2339 pugnare
1692 2276 1755 2328 circa

1020 2363 1089 2399 66616
1104 2350 1216 2415 idemque.
1236 2349 1294 2410 Quid
1308 2351 1338 2400 sit
1354 2349 1504 2401 indifferentia
1517 2348 1582 2399 liberi
1601 2350 1687 2401 arbitrii
1697 2366 1755 2418 pro·

1021 2424 1079 2490 pria,
1094 2425 1159 2490 eique
1174 2425 1291 2476 naturalis.
1320 2426 1345 2476 1.
1362 2425 1466 2477 Veterum
1491 2425 1592 2486 Petrum,
1612 2440 1639 2477 ac
1657 2427 1754 2491 pnmem

1021 2500 1149 2551 Gmcorum
1164 2500 1296 2551 testimoniis
1305 2498 1422 2566 probatur,
1434 2498 1521 2550 arbitrii
1535 2499 1600 2550 liberi
1618 2506 1719 2552 naturam
1731 2503 1755 2552 ln

1021 2592 1048 2626 ea
1064 2576 1170 2626 utriusvis
1192 2576 1288 2639 eligendi
1318 2581 1426 2641 potestate
1449 2576 1506 2627 citra
1522 2576 1686 2639 necesitatem,
1706 2591 1756 2629 esse

1023 2651 1175 2703 constitutam.
1706 2651 1756 2703 383

989 2726 1122 2779 maurili.
1141 2725 1351 2777 demonstratores
1366 2725 1450 2776 Latinis
1477 2725 1581 2776 Patribus
1598 2725 1677 2777 eadem
1694 2727 1756 2779 notio

1023 2801 1100 2853 liberae
1118 2801 1245 2859 voluntatis,
1261 2800 1284 2849 in
1301 2800 1460 2862 indifferentia,
1473 2799 1495 2851 id
1509 2806 1543 2850 est
1560 2801 1675 2865 utriusque
1690 2807 1757 2867 pote-

1024 2881 1081 2928 state
1094 2878 1146 2938 sita,
1161 2891 1211 2941 que
1233 2889 1285 2928 oum
1307 2875 1491 2937 necessitatene
1508 2875 1693 2928 determinatione
1710 2891 1755 2942 pu·

1024 2959 1087 3017 gnat.
1708 2952 1757 3004 29³

991 3028 1123 3080 CaenhlV.
1143 3026 1226 3078 Eadem
1240 3025 1358 3087 libertatis,
1373 3031 1396 3076 et
1406 3024 1471 3077 liberi
1489 3024 1575 3076 arbitrii
1589 3026 1651 3079 notio
1664 3042 1690 3078 er
1701 3042 1757 3093 pro·

1026 3104 1119 3169 prietate
1133 3116 1213 3154 vocum
1228 3101 1360 3163 ostenditur,
1375 3100 1457 3166 quibus
1470 3100 1509 3152 illa
1521 3101 1628 3163 describi,
1643 3117 1670 3154 ac
1684 3102 1759 3155 decla·

1027 3179 1071 3229 rari
1083 3179 1148 3229 soter.
1166 3180 1190 3229 1.
1210 3174 1346 3247 Ἐφ’ἣμῖν.
1363 3179 1387 3230 a.
1412 3174 1538 3241 Ἐξουοία,
1563 3182 1585 3226 el
1601 3175 1758 3242 αὐτεξούσιον

1027 3267 1077 3318 qum
1090 3259 1123 3304 eet
1150 3253 1220 3305 libera
1243 3260 1349 3320 potestas.
1378 3256 1402 3305 5.
1431 3254 1486 3305 Cum
1501 3254 1585 3319 aliquid
1599 3255 1622 3305 in
1650 3261 1759 3322 potestate

1028 3333 1104 3378 nostra
1116 3342 1166 3379 esse
1193 3329 1283 3391 dicitur,
1311 3329 1356 3380 duo
1370 3343 1459 3394 semper
1483 3328 1648 3391 intelliguntur,
1664 3345 1760 3395 quorum

1027 3402 1122 3453 alterurn
1140 3403 1223 3469 eligere
1237 3418 1365 3469 possumus.
1384 3404 1408 3454 6.
1425 3403 1490 3463 Quod
1503 3418 1530 3453 ex
1545 3405 1761 3469 Apostolodemon-

1028 3481 1119 3529 stratur.
1151 3478 1175 3528 l.
1200 3478 1258 3530 Turn
1284 3477 1458 3542 eahugustino.
1476 3479 1515 3528 11.
1541 3477 1672 3530 Declaratur
1697 3481 1762 3534 luens

1028 3552 1122 3604 ioannis
1135 3568 1161 3604 ex
1175 3552 1290 3617 Evangelii
1317 3553 1390 3618 capite
1414 3553 1496 3618 primo,
1526 3552 1563 3602 ubi
1584 3554 1692 3619 scriptum
1717 3564 1761 3617 est,

1029 3628 1100 3678 uenit
1111 3634 1253 3692 potestatem
1271 3630 1336 3693 titios
1349 3629 1393 3680 Dei
1406 3629 1470 3691 fleri.
1488 3626 1526 3678 ta.
1538 3627 1563 3677 ln
1580 3643 1625 3693 quo
1642 3629 1764 3683 heretico·

1030 3717 1079 3753 rum
1091 3702 1148 3753 ialsa
1161 3703 1324 3769 ,interpretatio
1338 3702 1463 3763 refellitur3
1479 3702 1518 3767 qui
1537 3701 1667 3767 dignitatem
1681 3706 1765 3758 intelll-

1030 3781 1094 3841 gunt.
1116 3777 1157 3828 13.
1181 3779 1262 3831 1161166
1281 3779 1424 3844 1616666166
1439 3784 1540 3829 nostrum
1564 3783 1694 3843 potestatem
1715 3796 1765 3833 ver·

1031 3853 1093 3910 tisse,
1110 3858 1134 3902 ut
1145 3853 1175 3903 sit
1188 3853 1259 3904 libera
1279 3854 1383 3915 facultas,
1399 3857 1422 3903 et
1443 3852 1543 3903 licentia.
1564 3854 1604 3903 rt.
1620 3853 1667 3905 Nec
1679 3856 1724 3919 jus,
1741 3863 1768 3909 ut

1030 3926 1081 3977 aliis
1111 3927 1194 3992 placet,
1223 3928 1355 3992 signiticarl.
1381 3929 1420 3978 15.
1450 3926 1599 3979 Conssrmatur
1631 3931 1765 3983 auctoritate

1031 4007 1131 4053 veterum
1145 4008 1222 4054 nostra
1236 4002 1275 4054 illa
1302 4001 1419 4055 sententia.
1450 4002 1491 4054 16,
1517 4003 1575 4053 'ium
1603 4018 1630 4055 ex
1656 4006 1767 4058 vocabulo

1031 4076 1120 4147 κύριος,
1136 4078 1194 4144 quod
1213 4076 1387 4129 liberoarbitrio
1401 4075 1514 4127 tribuitur.
1538 4078 1577 4127 18.
1594 4079 1680 4131 estun
1693 4079 1767 4132 liber·

1034 4156 1085 4206 tatis
1102 4153 1250 4220 exprimendae
1264 4151 1369 4203 lormula.
1717 4156 1764 4209 aot

1000 4230 1086 4283 66666
1100 4230 1126 4280 V.
1148 4232 1171 4280 t.
1188 4228 1220 4278 iia
1234 4228 1325 4278 Patrem
1342 4226 1446 4277 testimon
1456 4226 1476 4277 is
1488 4240 1557 4293 snpra
1574 4227 1648 4280 citatis
1664 4229 1769 4283 duorol·

1035 4306 1134 4370 liguntur
1161 4302 1270 4354 libertatis
1292 4302 1408 4368 propria:
1434 4302 1539 4363 alterum,
1567 4316 1693 4368 repugnare
1714 4307 1768 4360 bule

1034 4380 1189 4432 necomitatem
1213 4376 1336 4428 absolutam
1359 4394 1365 4425 r
1386 4376 1481 4426 alterurn
1501 4377 1524 4426 in
1547 4375 1697 4430 inniberenria
1718 4395 1768 4432 ease

1034 4455 1139 4520 positam.
1161 4453 1187 4503 2.
1203 4451 1333 4516 Cuiusmodi
1354 4450 1511 4502 morositatem
1534 4450 1633 4502 heretici
1656 4460 1770 4520 opponant

1034 4529 1140 4580 libertati.
1166 4528 1190 4578 3.
1211 4526 1343 4578 Violentiam
1366 4541 1411 4577 nou
1432 4527 1542 4590 perimere
1561 4526 1673 4579 libertatis
1693 4545 1768 4582 usum.

1036 4605 1060 4655 1.
1076 4605 1240 4668 Nonnunquam
1255 4602 1409 4654 necoesiutem
1425 4601 1551 4668 sirnplicenr
1562 4607 1658 4653 enatura
1671 4618 1771 4658 conma-

1036 4686 1107 4732 lanee
1121 4683 1163 4739 rol,
1178 4677 1286 4744 appellari
1304 4677 1358 4727 vina.
1375 4679 1398 4728 5.
1415 4676 1544 4728 Ostenditur
1563 4691 1590 4726 ea
1605 4680 1772 4745 concupiscen-

1037 4758 1072 4809 tiae
1090 4755 1188 4808 motibus
1202 4753 1330 4805 dolentiam
1349 4766 1395 4803 non
1407 4752 1487 4803 tollere
1504 4751 1639 4803 libertatem.
1655 4755 1773 4808 6111161-

1037 4840 1072 4884 tas
1085 4831 1176 4897 duplex.
1200 4834 1223 4880 ut
1241 4834 1291 4879 etn
1345 4828 1399 4879 sitas
1417 4826 1569 4893 proponitur:
1589 4831 1611 4877 et
1624 4841 1703 4880 omnes
1715 4831 1774 4884 inter

1038 4923 1062 4959 se
1072 4909 1240 4971 comparantur.
1256 4904 1281 4954 8.
1317 4902 1424 4953 eremitas
1431 4901 1564 4967 simpliciter
1573 4903 1645 4967 posita
1658 4918 1720 4971 saepe
1729 4906 1774 4957 rim

1038 4982 1151 5047 signidcat
1173 4998 1179 5029 ι
1200 4984 1223 5030 et
1240 4978 1352 5039 voluntas,
1363 4976 1459 5028 liberum
1473 4975 1599 5027 arbitrium.
1622 4978 1647 5028 a.
1664 4979 1775 5033 Probatur

1039 5073 1066 5109 er
1097 5056 1158 5107 fatali
1185 5052 1327 5113 necesitate,
1348 5051 1475 5116 simplicem
1502 5051 1638 5117 minimeque
1655 5054 1776 5108 violentam

1040 5131 1195 5184 nmemitatem
1208 5128 1318 5195 perimere
1332 5125 1467 5176 libertatem.
1487 5125 1528 5177 10.
1546 5125 1612 5185 Quod
1634 5142 1662 5178 ea
1675 5135 1777 5183 veterem

1040 5206 1172 5259 auctoritate
1187 5203 1341 5256 contlrmatur.
1367 5201 1408 5252 13.
1428 5201 1460 5251 lle
1474 5200 1634 5263 indifferentia,
1650 5204 1777 5268 cuiusmodi

1042 5281 1151 5334 libertatis
1164 5278 1261 5331 66666116
1274 5276 1411 5329 continetur.
1431 5276 1471 5327 tt.
1493 5275 1607 5328 ilovorum
1628 5277 1779 5343 menresa

1043 5371 1093 5411 rnnr
1103 5359 1126 5409 in
1139 5371 1166 5408 ea
1179 5355 1245 5407 lucus
1260 5370 1266 5402 :
1282 5357 1305 5403 et
1317 5350 1505 5417 quemadmodum
1514 5352 1537 5404 in
1549 5351 1606 5415 lieo,
1621 5366 1648 5406 ac
1662 5354 1779 5410 bmtnmm

1042 5431 1237 5485 liberaretuntate
1251 5426 1371 5496 reperitur.
1641 5475 1647 5488 ,
1730 5432 1778 5485 aaa

1620 5507 1660 5567 45
