3956 6158
467 446 517 508 DE
536 444 831 535 ΙΝΟΑΗΝᾼΤΙΟΝΕ,
851 445 925 507 LIB.
949 446 1017 522 Xll,
1039 446 1124 509 GAP.
1147 448 1231 513 XVI.
1585 451 1641 511 oct

57 613 143 692 Papa
152 610 174 683 ¹,
206 613 514 693 ablundusipseesse
527 612 641 673 avitiis
654 612 757 687 debet,
771 612 827 690 qui
876 611 1014 672 dicturus
1028 619 1085 689 est,
1105 618 1278 674 accuratam
1302 613 1444 675 notitiam
1460 614 1642 692 praescribit,

56 710 148 766 cantet
161 704 267 767 aliena
283 705 448 783 corrigere.
470 706 542 766 ldeo
560 705 643 765 solus
666 704 723 765 Dei
745 703 829 765 filius
877 721 917 763 ne
930 705 1313 766 errorecircumveniatar.
1326 706 1444 766 «Nemo
1467 707 1644 785 principum

52 797 154 876 judex
166 803 224 873 cst,
242 797 326 875 quod
349 815 451 877 neque
471 816 597 877 peccare
619 802 730 876 potest,
744 801 775 856 et
788 795 827 855 ab
878 795 998 868 stultos,
1018 796 1068 856 vel
1090 797 1248 876 improbos
1264 797 1384 875 judices
1406 814 1521 876 ponere
1542 797 1644 872 debet,

57 889 208 950 humanis
221 889 318 950 enimi
338 888 624 969 perturbationibus
646 888 769 966 penitus
782 890 829 947 est
877 887 921 946 uit
932 887 1062 947 Albinus
1076 888 1202 949 Flaccus
1212 888 1235 962 ²,
1256 890 1360 950 «Nam
1374 889 1485 949 stultus
1496 908 1552 968 per
1562 890 1648 968 igna-

56 980 155 1042 liber³
169 1000 177 1054 ;
194 983 286 1042 nteit
299 980 438 1042 tilemeus
452 979 687 1042 Alexandrinus.
877 978 958 1038 viam
972 979 1094 1057 ignorat
1105 980 1257 1057 justitiam
1274 999 1281 1039 ε
1299 980 1459 1059 improbus
1472 988 1577 1041 autem
1590 1000 1647 1060 per

97 1073 230 1153 Scripsit
242 1072 463 1135 Pnilotudeus
476 1072 663 1152 peculiarem
687 1069 829 1131 libellum
878 1070 1087 1150 cupiditatem,
1113 1072 1263 1133 subuertit
1282 1073 1392 1150 ipsam,
1414 1090 1509 1151 quam
1526 1072 1644 1147 didicit,

55 1164 281 1246 dejudicesin
295 1182 441 1244 quoquae
461 1165 560 1224 inesse
573 1162 674 1224 ludici
698 1159 829 1221 debeant
877 1162 1082 1223 ueritatem.»
1103 1164 1183 1223 Tum
1198 1164 1280 1224 idem
1304 1162 1436 1241 postem,
1471 1188 1485 1219 ν
1508 1164 1646 1236 Quatuor

56 1255 185 1335 egregie
196 1256 353 1335 disputat3
368 1275 404 1317 ue
417 1255 570 1334 principio
579 1254 668 1314 illum
680 1253 724 1313 ait
735 1269 827 1331 opor·
878 1254 988 1321 modis,
1015 1253 1069 1331 ait,
1087 1254 1207 1332 justitia
1225 1256 1259 1316 in
1282 1255 1406 1334 judiciis
1431 1255 1643 1317 subvertitur:

27 1404 30 1409 .
55 1354 124 1409 tere
137 1346 179 1409 ab
193 1348 280 1408 omni
298 1352 456 1427 expertem
468 1346 565 1408 animi
583 1344 828 1426 perturbatione,
878 1343 1002 1420 timore,
1018 1346 1194 1424 cupiditate,
1208 1347 1290 1421 odio,
1308 1364 1428 1408 amore:
1438 1346 1645 1423 timorc,dum

55 1439 196 1519 vitioque
209 1457 344 1500 vacuum
354 1457 428 1500 esse.
447 1439 592 1517 «Quippe
603 1435 830 1516 perabsurdum
879 1443 965 1497 metu
987 1438 1145 1516 potcstatis
1172 1438 1312 1518 alicujus,
1325 1438 1488 1500 veritatem
1506 1438 1646 1517 judicare

55 1550 136 1608 csse,
149 1538 187 1592 ut
200 1531 353 1611 ispeccati
383 1549 456 1592 rcus
467 1531 521 1603 sit,
536 1530 589 1608 qui
600 1529 653 1606 jus
675 1527 743 1588 aliis
765 1525 829 1586 dis·
879 1528 1025 1606 quislibet
1040 1529 1186 1608 pavescit.
1212 1531 1396 1609 Cupiditata,
1419 1530 1496 1590 dum
1515 1531 1645 1609 praemio

55 1624 257 1706 pemandum
270 1623 445 1702 susceperit.
462 1623 563 1688 Quem
585 1621 679 1681 etiam
693 1636 830 1680 necessa·
879 1620 1017 1680 muneris
1035 1621 1165 1699 alicujus
1188 1623 1396 1701 corrumpitur
1416 1621 1522 1699 jadex.
1555 1622 1644 1695 Odio,

56 1720 143 1780 rium
171 1733 238 1777 esse
263 1720 362 1794 putat,
390 1715 434 1775 sic
466 1718 616 1790 tauquam
652 1712 830 1789 archetypas
879 1711 956 1771 dum
970 1712 1132 1789 cujuslibet
1145 1712 1312 1774 inimicitias
1325 1731 1427 1781 causa.
1443 1712 1646 1774 nocerialtcri

54 1807 253 1890 pietur-tedia
266 1812 386 1868 naturus
398 1823 493 1886 opera
507 1803 680 1864 imitatione
694 1802 829 1881 quadam
880 1802 1042 1865 desiderat.
1064 1803 1189 1879 Amore,
1211 1806 1287 1865 dum
1307 1804 1503 1879 amicos,ch
1521 1805 1647 1884 propia·

55 1900 246 1981 exprimere.
260 1899 381 1960 Etenim
406 1894 670 1976 quemadmodum
688 1895 735 1953 vis
748 1893 829 1972 ignis
881 1913 959 1972 quos
983 1902 1088 1957 contm
1105 1896 1260 1974 justitiam
1284 1896 1420 1957 defendit
1445 1897 1642 1976 potentiano

56 2009 267 2072 quascumque
282 1991 416 2070 attigerit
438 1988 631 2062 calefaciens,
647 1985 745 2046 calida
765 1985 829 2064 pri·
881 1987 961 2048 Hinc
975 1988 1073 2049 ltloses
1089 1989 1291 2067 praepositisa
1310 2007 1342 2049 se
1355 1988 1470 2068 populo
1490 1989 1647 2067 judicibus

56 2103 150 2147 mum
163 2084 230 2165 ipsa
241 2101 297 2162 per
314 2100 391 2159 sese,
406 2100 442 2142 ac
462 2085 570 2158 suapte
583 2083 696 2140 natura
718 2076 831 2137 consti-
881 2086 1035 2159 praecepta
1052 2081 1105 2140 illa
1130 2080 1224 2141 debat
1236 2078 1259 2140 ⁸:
1275 2079 1388 2141 Audite
1416 2079 1497 2157 ilios,
1514 2088 1541 2140 et
1570 2080 1648 2161 qaod

55 2184 126 2239 tuta
141 2180 190 2237 est
207 2195 214 2237 :
230 2181 261 2236 ct
285 2180 392 2236 contra
406 2172 465 2233 'vis
488 2171 568 2234 nivis
590 2188 627 2231 eo
648 2171 726 2249 ipso,
747 2167 832 2247 quod
874 2170 991 2252 justum
1006 2182 1046 2231 cst
1052 2171 1207 2252 judicate:
1223 2171 1284 2232 sive
1304 2172 1378 2232 eicis
1399 2171 1438 2231 sit
1456 2171 1515 2244 ille,
1530 2172 1589 2233 sice
1596 2191 1648 2253 pe-

55 2269 173 2349 frigida
184 2273 243 2338 est,
258 2267 318 2328 alia
331 2264 511 2346 peririgerat
530 2283 537 2323 :
554 2262 597 2323 sic
618 2259 831 2340 oportetjudi-
881 2263 1029 2343 repricat.
1054 2262 1153 2324 Nulla
1182 2264 1240 2325 erit
1268 2263 1409 2325 distantia
1427 2281 1645 2344 personatam:

58 2379 130 2423 ccm
144 2359 273 2441 plenum
287 2376 351 2420 esse
361 2359 487 2418 sincere
497 2352 833 2434 justitiae,utadeuntes
883 2355 926 2415 ita
938 2372 1065 2435 parvam
1075 2353 1213 2430 audietis,
1231 2362 1263 2414 ut
1276 2373 1485 2436 macaremmc
1497 2356 1650 2437 accipietis

56 2453 96 2514 ad
111 2470 147 2514 sc
157 2452 197 2512 iis
206 2469 277 2530 quae
290 2450 452 2528 suntjusta
466 2449 641 2525 respergat:
652 2463 688 2505 ac
698 2444 784 2504 velut
792 2461 831 2504 ex
882 2448 1054 2528 cujusquam
1069 2466 1224 2527 personam
1241 2467 1250 2507 :
1265 2446 1338 2528 quia
1355 2445 1413 2507 Dei
1426 2446 1576 2528 judicium
1596 2456 1648 2510 est.

55 2544 146 2605 fonte
164 2541 262 2604 dulcis
276 2560 366 2621 aqua
388 2538 532 2621 potabilis
551 2536 637 2597 rivus
655 2536 763 2597 affluat
784 2535 831 2611 iis,
883 2539 922 2599 Et
941 2539 1090 2618 iosaphat
1117 2537 1148 2598 ⁸:
1178 2537 1294 2611 Videte,
1320 2540 1381 2614 ait,
1413 2538 1488 2620 quid
1516 2539 1648 2620 faciatis.

56 2636 112 2716 qni
128 2635 270 2695 sitientes
290 2637 363 2693 suat
384 2627 565 2710 requitatisi.
581 2649 597 2687 ι)
615 2629 658 2689 Ac
680 2634 832 2705 tumpru·
883 2629 955 2691 Νοιι
983 2630 1060 2690 euim
1081 2628 1208 2690 dominis
1235 2631 1375 2693 exercetis
1395 2629 1547 2711 judiciam
1573 2632 1651 2692 :sed

57 2728 204 2789 dentiam
222 2727 256 2785 in
276 2742 312 2786 eo
327 2723 478 2803 requirit,
499 2728 616 2782 utnon
637 2720 830 2798 decipiatur:
885 2721 1024 2783 Domini:
1036 2729 1064 2780 ct
1082 2724 1283 2803 quodcumqae
1305 2723 1526 2798 judicaveritis,
1546 2724 1575 2784 in
1603 2743 1651 2784 uos

57 2818 305 2897 inminentium,
322 2823 358 2877 ut
371 2834 433 2894 qao
453 2813 583 2893 quisque
605 2811 719 2890 dignus
736 2815 782 2871 est
800 2810 831 2869 id
885 2812 1068 2875 redundabit.
1084 2812 1236 2874 Sittiraor
1249 2814 1373 2875 Domini
1385 2815 1574 2891 vobiscumet
1583 2833 1650 2875 cum

57 2915 224 2990 reportet:
242 2908 439 2969 tumvirilem
453 2903 833 2979 tortitudinem,utncque
883 2904 1043 2984 dilr'qcmia
1077 2910 1183 2966 cancta
1202 2905 1304 2985 facite.
1327 2906 1395 2968 Νοιι
1408 2915 1449 2967 cst
1460 2908 1539 2967 euim
1571 2906 1653 2990 apttd

57 3001 219 3083 precibus,
245 3018 345 3079 aeque
368 2995 637 3059 commiseratione
658 2993 831 3070 frangatur,
885 2995 1043 3057 Dominum
1056 2997 1149 3057 Deam
1176 3006 1308 3058 nostram
1328 2998 1480 3079 iniquitas,
1509 3000 1560 3060 ae'c
1580 3019 1650 3080 pcr-

58 3113 127 3174 qao
138 3093 248 3154 minus
260 3093 294 3152 in
302 3089 423 3169 sealeris
430 3087 585 3149 convictos
597 3084 832 3149 animadvertat.
883 3105 1022 3150 sonarum
1036 3088 1176 3168 acceptio,
1187 3107 1238 3149 nec
1251 3090 1358 3170 cupido
1374 3110 1535 3153 astruerem.

100 3185 358 3263 Idempraetcrca
378 3178 530 3242 Eusebius
549 3178 583 3237 in
606 3175 835 3237 commentariis
924 3180 968 3240 Ac
994 3180 1117 3241 tametsi
1141 3179 1180 3240 ab
1212 3180 1318 3259 judice
1339 3193 1534 3265 προοωποληψιν
1560 3184 1652 3246 debet
1675 3197 1824 3241 Ροιιονιοινιι

58 3276 101 3339 ad
126 3274 271 3350 Psalmcs,
287 3275 341 3353 qui
360 3272 502 3333 nondum
523 3268 597 3330 editi
617 3272 708 3339 sunt,
729 3268 834 3328 locam
885 3271 1002 3347 abesse,
1022 3276 1053 3332 et
1071 3271 1168 3331 nimia
1189 3273 1224 3335 in
1249 3274 1452 3355 propinquos,
1471 3277 1521 3337 rel
1537 3277 1652 3338 amicos
1697 3250 1800 3307 ‘mm'

56 3369 151 3431 bunc
164 3387 183 3429 e
198 3365 317 3428 Psalmo
329 3365 421 3426 tertio
430 3363 600 3433 declarans,
611 3359 680 3440 Ερο
693 3358 822 3421 dormivi
824 3406 832 3433 ,
885 3364 1070 3443 propensio:
1085 3381 1155 3442 quae
1169 3365 1235 3424 aad
1256 3367 1483 3446 corrumpenda
1506 3368 1653 3449 suffragiu

59 3470 87 3524 et
100 3467 262 3540 soporatus
273 3477 349 3532 sum,
362 3463 391 3517 ct
402 3453 558 3517 exsurrexi
565 3474 573 3527 ;
584 3452 740 3531 pertinere
748 3457 837 3531 putat
887 3454 1093 3515 efficacissima
1107 3453 1183 3528 esst,
1200 3477 1215 3513 ο
1232 3461 1268 3517 ut
1281 3457 1325 3517 ait
1335 3458 1483 3537 Synesius
1492 3479 1500 3535 ;
1509 3465 1545 3521 ut
1558 3478 1652 3540 prop-

57 3554 102 3616 ad
114 3552 198 3613 illud
216 3557 350 3630 tempus,
373 3566 435 3627 quo
455 3545 592 3608 Christus
614 3547 837 3623 postmortem
887 3552 970 3607 terea
984 3546 1091 3607 scdulo
1118 3547 1254 3609 Christus
1267 3549 1391 3611 ludaeos
1408 3550 1451 3611 ita
1473 3569 1653 3614 commone-

58 3646 103 3707 ad
118 3644 239 3706 interos
251 3640 418 3715 descendit,
435 3637 634 3715 indidemque
652 3635 756 3696 Patres
769 3653 836 3696 om·
887 3638 1007 3712 iecerit,
1033 3636 1134 3700 Nolite
1159 3639 1296 3719 judicare
1320 3641 1475 3705 secundam
1501 3644 1650 3725 faciem⁸e

57 3755 135 3810 nos,
163 3743 196 3797 et
217 3735 296 3795 inter
315 3734 374 3794 hos
399 3729 547 3792 Davidem
572 3729 676 3804 ipsum
699 3727 834 3807 eripuit:
887 3729 938 3792 sed
950 3731 1068 3812 justum
1091 3729 1247 3811 judicium
1263 3734 1401 3813 judicate
1425 3756 1435 3797 ι
1458 3737 1554 3816 (iuius
1579 3736 1658 3799 dieti

65 3855 80 3883 ι
96 3831 263 3891 Revocans
275 3843 343 3900 nos,
358 3821 471 3902 inquit,
486 3819 525 3881 ud
549 3824 672 3897 tempus
688 3819 839 3880 aduentus
888 3827 1041 3898 virtatem,
1061 3828 1096 3884 ut
1109 3824 1174 3904 ipse
1196 3825 1346 3905 loquitur,
1371 3830 1549 3909 expendens
1570 3833 1654 3892 Gau·

58 3918 324 3997 Dominici,post
337 3915 420 3994 quod
442 3913 536 3973 linem
558 3910 667 3970 babuit
690 3911 749 3971 ista
762 3928 837 3990 pro·
888 3914 1011 3975 dendus
1030 3920 1165 3976 mactatu
1188 3917 1366 3992 undecimo,
1385 3941 1401 3978 a
1420 3921 1595 4000 Generalis,
1610 3922 1657 3983 in-

58 4010 198 4093 plretia3
214 4008 336 4089 quando
357 4012 389 4068 et
401 4005 440 4066 ad
463 4002 580 4064 inferos
599 4019 698 4080 usque
714 4002 839 4065 descen·
889 4005 967 4086 quit,
987 4011 1023 4066 ut
1036 4005 1159 4086 opinor,
1172 4008 1232 4068 ista
1250 4011 1404 4072 sententia
1424 4018 1469 4072 est
1484 4012 1656 4085 retinenda

58 4095 557 4167 deustiliusbominisdhristus,
574 4110 836 4174 eorumquoque,
890 4095 1042 4177 aequitatis
1069 4101 1227 4176 magistra,
1251 4103 1396 4163 omnibus
1419 4104 1530 4184 positu,
1550 4106 1657 4167 multis

60 4201 123 4278 qni
137 4184 839 4269 ibiadventumejusexpectabant,salvatorem
890 4194 974 4264 nota,
990 4190 1096 4267 paucis
1119 4190 1251 4253 dilecta:
1267 4214 1283 4250 ν
1305 4195 1353 4255 Ita
1371 4200 1476 4256 temen
1494 4214 1602 4275 gerere
1625 4216 1657 4258 se

59 4308 97 4353 ee
113 4285 319 4352 exhibunt»
889 4281 976 4341 dccet
992 4280 1140 4359 judicem,
1159 4290 1195 4343 ut
1216 4286 1424 4362 severitatem,
1444 4289 1545 4367 quoad
1573 4289 1655 4359 licet,

105 4380 170 4443 111.
197 4378 293 4437 Recte
312 4378 418 4434 autern
435 4370 523 4433 Philo
546 4369 681 4450 primam
698 4369 840 4431 omnium
889 4371 1091 4451 benignitate,
1105 4392 1141 4436 ac
1155 4375 1365 4439 misericordia
1379 4384 1540 4459 temperet.
1558 4381 1658 4455 Quam

58 4484 169 4541 coemo
197 4467 309 4550 posuit,
335 4482 405 4546 quse
431 4463 488 4535 rei,
510 4461 548 4523 dc
572 4479 635 4540 qua
656 4462 842 4523 sententiam
890 4463 926 4529 in
938 4482 1005 4529 rem
1019 4467 1130 4528 scitum
1145 4466 1223 4528 illud
1236 4475 1293 4547 est,
1308 4471 1392 4551 quod
1407 4472 1554 4536 It.ltloses
1567 4475 1659 4538 Maie-

101 4666 129 4709 α
149 4649 237 4706 cunm
250 4646 333 4702 Anu·
350 4641 428 4699 Peri.
444 4641 466 4707 l,
481 4655 584 4711 cap-11.
600 4637 669 4694 Ἀλλ’
687 4638 768 4712 cmv,
781 4639 842 4695 teo
893 4642 970 4707 οὔτοις
983 4643 1124 4716 destiterat
1144 4646 1259 4716 διιιοιυιής
1280 4645 1483 4713 evestamum
1506 4654 1659 4727 tanacetum

58 4739 147 4800 λοτος
160 4731 195 4795 εἰς
208 4726 364 4789 staturalis
380 4723 535 4799 ἀνθρωπίνων
547 4723 640 4780 παθῶν.
656 4721 697 4778 ut
712 4726 787 4781 τοῦτο
795 4722 843 4799 γὰρ
893 4725 1048 4800 ἂτραιρνοῦς,
1059 4727 1109 4800 εἴγε
1118 4730 1203 4802 μέλλει
1212 4730 1244 4785 τὰ
1252 4731 1334 4789 δίκαια
1344 4735 1395 4796 τοῖς
1405 4730 1582 4810 ἐντευξομένοις
1590 4738 1660 4814 ἐπάρ-

60 4820 111 4876 ιναὶ
124 4812 307 4890 perserpit-te,
323 4811 361 4864 &t
376 4807 555 4880 ἀναμάρτητος·
893 4810 953 4864 ⁸⁸¹2·
963 4809 997 4864 ἵν’
1012 4811 1095 4884 decep
1109 4811 1158 4866 est
1170 4819 1250 4886 attis
1266 4815 1378 4888 γλυκείας
1396 4818 1493 4893 φέρεται
1509 4823 1576 4897 νᾶμα
1587 4825 1659 4881 ata·

105 4901 126 4959 b
147 4896 232 4955 Pauo
248 4892 294 4950 lib.
310 4890 347 4949 tie
359 4890 470 4949 iudice.
490 4887 599 4945 ”Arcam
613 4887 661 4962 γὰρ
670 4888 844 4963 ἁμαρτήμασιν
895 4910 941 4966 μον
951 4895 1003 4957 τοῖς
1012 4893 1113 4965 διψῶσιν
1124 4894 1244 4968 εὐνομίας.

62 4972 253 5058 ὲνόχουςεῖνοιι
268 4972 610 5039 τοῦςτοῖςῶνλοιςτδιδίιαια
623 4971 846 5045 βραὸεὑεινᾶξιυῦν·
931 4976 1061 5032 enasse.
1087 4977 1247 5052 Ἀναπίμπων
1263 4980 1301 5036 tal
1315 4983 1358 5038 τδν
1369 4986 1459 5058 χρόνον
1468 4991 1512 5056 τῆς
1525 4993 1569 5043 τοῦ
1579 4995 1660 5059 eosq.

61 5089 126 5131 τας.
143 5057 183 5128 οἷς
197 5060 329 5133 mereator
347 5058 453 5128 καθάπερ
473 5055 612 5130 ἀρχετύπου
628 5058 721 5128 γραφῆς
736 5054 846 5128 tropit-
896 5077 937 5130 ρος
951 5059 1093 5130 παρουσίας,
1109 5059 1161 5133 μεθ’
1177 5063 1205 5117 ὃν
1228 5065 1311 5129 τέλους
1325 5065 1409 5141 ἔτυχεν
1424 5068 1442 5136 ἡ
1460 5073 1604 5142 προρητεία·
1620 5075 1662 5129 sa

62 5149 160 5208 τωθαι
181 5144 319 5216 adpictus
344 5140 404 5214 ἔργα
426 5140 487 5211 προς
503 5139 614 5211 μίμησιν.
634 5137 679 5201 Ὦς
696 5138 776 5211 γὰρὴ
802 5143 846 5192 τοῦ
894 5140 936 5193 καὶ
949 5142 1365 5213 μὲχριςᾷδουιιαταὸὰςὸυἱὸςτοῦ
1382 5149 1507 5223 ἀνθρώπου
1522 5155 1537 5208 ὁ
1551 5155 1662 5229 Χριστος,

63 5232 153 5305 πυρὸς
174 5230 276 5300 δόναριις
298 5224 446 5279 ἇλεαίνουοα
469 5217 504 5275 ὧν
524 5225 553 5276 ἂν
577 5221 750 5294 προσάψηται,
772 5220 846 5294 θερμὴ
895 5223 936 5276 καὶ
946 5228 996 5276 τῶν
1011 5223 1263 5296 ἑαεῖπρυοδυκώντων
1277 5231 1355 5303 ἄφιξιν
1367 5234 1450 5307 σωτὴρ
1460 5234 1601 5311 ἀπεδείχθη.

64 5316 145 5373 πολὺ
158 5312 278 5383 πρότερον
292 5306 513 5375 auctenticum
527 5303 551 5366 ἓξ
566 5303 703 5371 αὗτῆςἬῖ
718 5302 847 5357 κατᾶτοῦ·
932 5304 1029 5377 dSyn
1056 5307 1135 5379 epist.
1152 5325 1170 5364 t.
1192 5311 1219 5365 lt
1233 5310 1280 5386 γὰρ
1302 5314 1391 5369 εὔνοιαι
1412 5318 1511 5372 δεκάται
1530 5321 1607 5374 δειναὶ
1620 5320 1663 5385 τὰς

67 5395 178 5455 Ἄντιον
190 5393 207 5461 ἡ
220 5397 263 5461 τῆς
277 5393 362 5465 χιόνος
375 5394 411 5462 τῷ
424 5387 582 5460 mastigias,
597 5386 637 5439 ml
652 5385 710 5439 ἀλλ’
727 5384 846 5457 ἔπιψόχιι·
897 5387 1000 5459 ψήφους.

101 5535 200 5646 Ἠ.
213 5532 328 5638 illaesa
340 5542 389 5589 cap.
404 5541 448 5577 ma
460 5531 508 5575 *t
521 5530 586 5578 stet.
599 5528 640 5574 lit.
650 5530 677 5573 te
690 5530 743 5574 νινε.
758 5533 780 5574 ιι
789 5529 828 5574 ιιι.
840 5539 890 5586 cap.
904 5538 937 5574 ιι.
951 5531 1002 5576 *8
1014 5531 1044 5578 lb.
1054 5544 1103 5590 esp.
1117 5537 1288 5585 xxa-tntu.
1298 5548 1315 5592 ι,
1326 5541 1356 5587 lt.
1366 5541 1419 5586 as
1435 5541 1455 5589 ῃ
1464 5545 1516 5590 par,
1525 5552 1571 5598 m,
1591 5545 1612 5594 g,
1637 5558 1666 5581 ,ι

203 5605 244 5645 νιν,
1563 5616 1567 5625 ,
