3932 6142
461 329 513 390 DE
534 325 831 405 INCARNATIONE,
853 327 926 390 LIB.
949 328 1039 400 VIII,
1062 332 1146 396 GAP.
1171 336 1221 395 lv.

74 499 182 557 ardore
193 498 297 556 macto
325 494 533 576 Dionysias»
555 495 694 556 Instante
714 511 821 555 mrsus

75 588 585 669 imperatore,qualemputaretesse
596 588 819 662 theandricam,

75 681 181 760 ragam
194 680 252 742 boc
271 698 306 742 se
327 681 496 761 dijudicare
508 681 600 742 velle.

108 773 227 835 Proinde
248 774 328 835 duas
339 774 390 836 vel
405 774 598 854 operationes
610 772 631 848 ¹,
646 774 696 834 rel
706 773 820 834 volun-

77 871 141 928 tates
155 884 313 947 nunquam
328 870 365 926 ut
386 865 582 946 profiteretur
600 865 769 926 adductum
782 864 823 924 iri

9 1002 11 1009 ν
76 975 111 1031 ss,
127 960 240 1021 mmetsi
262 958 463 1021 membratim
487 958 701 1033 dissecsretur,
715 945 770 1017 erit
789 955 823 1017 in

76 1067 147 1113 marc
158 1051 366 1130 projiceretur.
382 1049 440 1112 Oui
460 1047 561 1111 simile
582 1049 643 1109 fuit
656 1048 821 1127 Eutychia·

77 1161 174 1205 norum
187 1142 344 1216 delirium,
359 1143 413 1223 qui
428 1160 500 1204 cum
513 1159 553 1203 ex
566 1141 685 1203 naturis
702 1139 824 1201 duabus

77 1231 210 1292 Quium
244 1248 310 1293 esse
337 1249 403 1292 uon
429 1229 646 1301 diffiterentur,
675 1228 824 1290 nolebant

76 1321 824 1401 bmencasnumerocomprelrendizcontraquos

77 1413 182 1475 inlibro
192 1421 303 1494 quarto
314 1412 571 1494 disputavimus’.

107 1505 362 1586 llisadjungenda
385 1511 430 1567 cst
457 1504 517 1566 alia
537 1504 623 1567 baus
641 1504 823 1565 eorumdem

77 1598 270 1661 hereticorum
283 1598 317 1658 in
329 1598 430 1678 primo
443 1597 535 1675 libro,
553 1597 653 1677 capite
672 1596 822 1659 vicesimo

77 1690 190 1769 primas
205 1689 296 1751 nobis
308 1689 533 1752 animadversa.
549 1689 629 1750 Nam
641 1688 687 1749 illi
701 1696 823 1770 ἐνέργειαν

78 1781 181 1842 amcam
206 1800 342 1843 asserere
369 1781 487 1843 Christo
511 1782 616 1842 minus
644 1780 712 1843 ami
737 1786 822 1858 sunt,

78 1891 154 1953 quam
172 1873 380 1949 voluntatem
408 1873 496 1953 cujus
519 1874 599 1934 ratio
619 1873 684 1934 illic
703 1871 824 1933 reddita

78 1962 191 2043 etipse
202 1965 329 2044 indigna
340 1964 556 2045 quidamque
566 1964 821 2044 attentelegatur.

78 2055 126 2117 Sed
137 2075 169 2118 ao
181 2057 334 2119 cunctatio
348 2057 383 2117 in
407 2056 522 2137 duplici
534 2064 643 2139 ἐνεργείᾳ
652 2054 791 2118 disertei
808 2088 822 2101 ·

77 2148 824 2227 uadatumillisarcidimevidetur,postquameo·

78 2239 821 2320 rumpublicataestheresisctllutycbianorum,

79 2331 394 2412 aMonapbysitamm
402 2330 556 2409 dogmatis
565 2330 682 2391 invidia
693 2330 824 2410 flagrare

78 2430 225 2502 caremus
248 2425 337 2484 Certe
359 2422 415 2502 qui
435 2423 528 2502 primi
549 2428 662 2483 sectam
680 2422 778 2497 illam,
794 2428 825 2482 et

9 2592 10 2595 Ἴ
79 2511 201 2575 barusim
221 2514 324 2576 moliti
349 2518 442 2590 sunt,
457 2521 578 2593 ἐνέργειαν
601 2531 697 2574 unam
720 2513 824 2593 palam

79 2613 282 2683 mereremini,
301 2606 358 2667 etsi
384 2605 556 2667 concordias
583 2623 674 2667 causa
699 2606 825 2685 suppri-

80 2698 206 2759 mendam
221 2716 287 2759 esse
303 2698 428 2758 numeri
451 2697 644 2758 mentionem
666 2696 825 2757 interdum

77 2786 224 2866 inniabant,
243 2794 281 2851 ut
302 2789 336 2850 iu
354 2788 435 2851 libro
455 2790 558 2869 primo
580 2788 674 2850 latius
695 2787 826 2868 explica·

81 2896 175 2941 umus.

112 2972 279 3033 Anastasius
298 2971 521 3053 Apocrisiarius
534 2972 570 3031 in
587 2970 716 3051 prologo
735 2970 824 3032 Testi-

82 3063 223 3124 aam'aum
242 3082 395 3125 maram
411 3061 433 3137 ⁸,
469 3062 582 3124 muam
611 3062 827 3123 haereticorum

83 3151 193 3215 burum
226 3155 265 3215 da
299 3154 522 3227 voluntatum,
551 3153 827 3234 operationumque

83 3261 195 3307 numero
208 3246 445 3326 discrepantiam
468 3251 632 3322 memorat,
656 3251 687 3306 et
700 3245 802 3306 illudit
818 3266 825 3307 :

83 3352 148 3413 quos
158 3337 209 3412 ait,
227 3358 240 3397 a
257 3356 367 3414 mam,
382 3345 413 3399 et
425 3355 483 3400 nec
493 3354 607 3414 unam,
618 3355 678 3397 nec
691 3336 779 3411 duas,
797 3342 829 3398 et

83 3427 180 3489 iterim
191 3447 288 3490 unam
300 3433 333 3491 ei
347 3428 424 3490 duas
436 3428 620 3503 voluntates,
630 3433 662 3489 et
674 3429 829 3508 operatio-

84 3519 170 3580 nesiu
190 3522 299 3583 eodem
321 3520 551 3600 dogmatizasse,
571 3542 583 3579 a
610 3538 688 3600 quos
709 3520 828 3581 abillis

84 3610 221 3690 diremit,
235 3613 289 3693 qui
296 3612 487 3693 simpliciter,
499 3630 618 3673 aunam
625 3612 830 3690 voluntatem,

1577 332 1636 392 did

1097 718 1275 802 aanor
1316 665 1406 805 iv.

871 1044 1051 1126 Disputatur
1068 1053 1169 1109 utrum
1185 1049 1395 1112 Moaotieletce
1405 1048 1639 1130 sumitatessioe

907 1142 1055 1218 potentias
1067 1138 1209 1220 operandi
1212 1187 1219 1217 ,
1232 1148 1262 1202 et
1276 1140 1403 1216 nabadi,
1416 1160 1455 1200 aa
1468 1140 1641 1202 salasactia-

911 1247 961 1290 aes
987 1228 1170 1293 detraxerint
1203 1232 1341 1294 bumana
1368 1230 1480 1294 abaci
1510 1241 1638 1295 naturae.

915 1320 1085 1384 Communis
1112 1323 1308 1405 tireolaporam
1336 1325 1456 1406 opinio,
1485 1324 1641 1404 facultates

913 1413 992 1495 ipsas
1003 1422 1127 1494 nepotas
1139 1415 1239 1495 luisse.
1257 1417 1288 1479 2.
1316 1416 1410 1491 Quum
1432 1416 1569 1477 munatii
1582 1417 1639 1477 im·

911 1504 1036 1587 probatu
1048 1505 1122 1568 :sed
1139 1507 1245 1568 metius
1259 1515 1379 1568 tuetur
1392 1507 1461 1570 aiii.
1479 1510 1509 1569 3.
1528 1507 1640 1584 Quibus

912 1596 1018 1658 Patres
1041 1597 1247 1679 sraffrapaotar
1282 1599 1432 1680 imprimis
1463 1597 1579 1677 Graeci,
1605 1609 1638 1659 ut

914 1688 1072 1765 Maenas,
1083 1699 1111 1750 et
1133 1689 1343 1753 Damasccuus..
1359 1693 1390 1755 6.
1412 1691 1458 1754 Et
1472 1690 1640 1753 rationibus

913 1779 1011 1841 eadem
1031 1780 1092 1842 itta
1105 1782 1246 1843 sementia
1262 1781 1401 1861 fulcitur.
1419 1785 1450 1844 7.
1467 1782 1639 1845 Drisoluuu-

912 1880 963 1933 tur
975 1890 1019 1950 ea,
1034 1890 1102 1953 auce
1116 1873 1149 1934 io
1161 1874 1341 1936 austrasiam
1355 1883 1470 1956 partem
1490 1893 1642 1956 oppounu-

913 1969 974 2034 tur,
1007 1969 1043 2039 ut
1062 1960 1131 2022 sola
1161 1963 1286 2024 actiones
1308 1961 1447 2024 detractae
1472 1962 1637 2025 mdeautar.

912 2054 943 2129 8,
958 2052 1172 2114 Haereticarum
1186 2054 1219 2114 ia
1236 2054 1421 2135 dogmatibus
1440 2057 1502 2115 suis
1526 2056 1641 2117 caucia·

912 2143 1018 2206 nuncid
1038 2144 1232 2208 a'ocanstantdr
1258 2165 1270 2207 .·
1298 2153 1325 2207 ct
1354 2165 1409 2207 aar
1438 2147 1640 2209 Maooticlatoe

912 2236 1070 2318 facultates
1080 2238 1168 2298 ettam
1188 2237 1277 2318 ipsas,
1291 2243 1320 2299 et
1333 2257 1389 2298 uon
1402 2238 1479 2301 salas
1494 2241 1640 2323 operatio·

911 2347 961 2390 aes
975 2328 1099 2390 domabis
1111 2328 1273 2392 ademerant
1289 2330 1412 2394 Christo.

914 2512 936 2575 l.
960 2512 1023 2573 Sed
1044 2513 1124 2573 nibil
1142 2514 1284 2591 facimus,
1303 2532 1404 2595 ireque
1428 2516 1639 2579 dloaotdeieta·
1674 2563 1708 2606 ,n
1721 2563 1799 2607 sona

873 2622 951 2680 rum,
978 2604 1028 2665 vel
1051 2605 1205 2681 universe,
1233 2606 1516 2687 Moacaerpetaram,
1534 2615 1570 2670 ut
1597 2611 1641 2672 sic
1698 2618 1785 2660 rasiare

873 2695 1149 2774 loquararaanum
1164 2697 1277 2775 dogma
1290 2699 1454 2774 rimari,ac
1468 2702 1639 2781 perspicere
1665 2670 1812 2765 rairissffra

874 2804 1051 2866 possumus,
1067 2788 1127 2848 nisi
1147 2788 1209 2847 duo
1230 2790 1380 2868 explicata
1392 2791 1509 2852 sinerint
1521 2794 1561 2853 ad
1577 2801 1641 2873 ἐνέρ-
1686 2776 1793 2872 'ssffl

876 2901 955 2955 γιιαν,
969 2879 1002 2936 et
1014 2893 1084 2936 cam
1105 2878 1347 2939 controversiam
1365 2882 1548 2958 spectantia,
1569 2883 1639 2960 quas
1701 2880 1781 2925 ⁰l¹¹⁸¹¹

877 2984 949 3027 cum
965 2967 1117 3028 haereticis
1132 2967 1191 3028 illis
1207 2968 1396 3031 Catholicam
1410 2976 1529 3051 pariam
1545 2972 1640 3050 longo
1665 2941 1812 3030 οῗῗαιὲιῗέἶῗ-

879 3062 911 3118 et
930 3058 1024 3118 auoci
1048 3058 1215 3119 rertamIne
1236 3061 1398 3121 commisit.
1415 3063 1535 3123 Harum
1556 3064 1642 3143 prior
1680 3046 1767 3136 „iffi
1780 3098 1804 3134 θ,

879 3150 1089 3228 quaestionum
1099 3151 1308 3230 propositaest
1317 3153 1351 3213 in
1360 3153 1540 3233 primolibri
1550 3156 1643 3236 hujus
1667 3146 1812 3202 ‘’²⁰⁹⁰‘de

879 3240 989 3321 capite,
1005 3246 1036 3303 et
1059 3241 1094 3302 in
1120 3241 1204 3303 huuc
1229 3242 1322 3304 dilata
1348 3244 1477 3307 locum:
1500 3266 1570 3327 quae
1598 3254 1645 3310 est

879 3330 1046 3411 ejusmodi;
1062 3338 1171 3394 utrum
1183 3341 1290 3415 ἐνέργεια
1303 3335 1381 3413 baec,
1395 3336 1427 3398 id
1441 3344 1488 3400 est
1499 3343 1643 3419 operatio,

880 3423 929 3485 vel
953 3425 1041 3501 actia,
1065 3443 1122 3486 uec
1148 3443 1212 3503 non
1239 3426 1383 3504 voluutas,
1412 3429 1451 3489 de
1478 3431 1648 3509 quainter

880 3515 987 3576 ambas
1009 3522 1112 3595 partes
1126 3516 1273 3576 diratiuna
1285 3517 1338 3578 illa
1352 3525 1470 3580 versata
1491 3522 1647 3582 contentio

881 3610 938 3683 est,
953 3608 994 3667 sit
1005 3607 1126 3685 agendi,
1144 3612 1175 3667 et
1187 3609 1347 3687 operandi,
1355 3628 1391 3671 ac
1403 3611 1528 3673 volendi
1537 3621 1645 3695 δύναμις,

84 3708 110 3762 et
132 3703 361 3784 operationem,
388 3704 439 3765 rel
457 3705 550 3766 etiam
568 3708 714 3765 naturam
736 3722 832 3766 unam
880 3698 1061 3775 eticcultas,
1075 3715 1171 3778 quam
1189 3700 1353 3778 potentiam
1370 3710 1498 3774 vocent,
1515 3724 1556 3766 an
1570 3708 1648 3769 actio

84 3792 466 3874 baum,ethumanitat1s
480 3799 550 3879 ejus
560 3796 779 3877 dogmatizant.
794 3817 807 3856 ι

113 5174 133 5215 a
149 5160 178 5219 ln
201 5165 268 5236 syo.
293 5177 354 5220 sex.
379 5167 432 5219 act.
454 5176 484 5221 u.
508 5161 579 5238 Ἐγὼ
599 5161 699 5237 ἀριθμὸν
719 5159 747 5214 at
760 5160 836 5235 λέγω,

880 3791 1645 3878 bansiens,ettemporariaiunctio.Hoa,inquem,

881 3882 915 3942 in
927 3882 1060 3944 dsrbium
1070 3882 1244 3960 adducitur,
1259 3890 1367 3945 utrum
1381 3888 1601 3952 Monotbcletoe
1615 3892 1649 3951 in

880 3973 1021 4035 humana
1043 3973 1154 4034 Christi
1177 3973 1349 4038 substantia
1370 3980 1529 4042 naturales
1550 3982 1651 4046 inesse

881 4065 1040 4128 bonitates
1048 4069 1118 4125 tum
1139 4067 1356 4145 operationum
1375 4075 1568 4150 caeterarum,
1581 4080 1651 4135 tum

882 4158 1050 4219 voluntatis
1073 4159 1246 4237 praesertim
1272 4163 1471 4240 negaverint3
1492 4182 1534 4224 an
1558 4166 1650 4227 salvis

882 4247 1095 4324 facultatibus,
1131 4250 1231 4311 solam
1265 4251 1301 4313 iis
1334 4255 1444 4333 egendi
1478 4256 1650 4319 motionem

883 4339 1083 4401 detraxerint.
1283 4346 1286 4354 '

923 4431 1112 4493 Faculmtem
1132 4434 1242 4513 Ipsam,
1265 4437 1330 4498 siva
1353 4441 1524 4516 potentiam
1539 4443 1649 4505 Mono-
1692 4465 1806 4509 ananus

882 4524 1012 4586 theletus
1035 4524 1185 4587 ademisse
1212 4525 1345 4606 Christo,
1380 4533 1545 4595 asseruisse
1575 4553 1649 4597 vero
1707 4516 1793 4566 “⁰¹2³

884 4615 1069 4693 Catholicae,
1085 4616 1191 4678 docuit
1203 4618 1404 4699 S.Tbomas⁸,
1419 4642 1491 4685 cum
1504 4628 1650 4689 adversus

884 4707 954 4769 illos
966 4714 1200 4786 argumentatus
1212 4715 1272 4787 est,
1289 4712 1366 4774 duas
1379 4714 1413 4775 in
1431 4717 1540 4780 eadem
1553 4720 1651 4782 iucar-

884 4800 951 4861 nati
962 4817 1095 4880 persana
1106 4801 1201 4862 Verbi
1210 4802 1384 4867 voluntates
1399 4809 1561 4890 exstitisse,
1575 4819 1652 4894 quot

885 4896 975 4952 crant
996 4897 1127 4954 naturas.
1149 4913 1164 4951 u
1196 4895 1390 4958 Manifestum
1419 4907 1463 4962 est
1484 4903 1580 4979 enim,
1595 4905 1650 4981 ait,

886 4982 969 5063 quod
983 4983 1077 5045 Filius
1089 4985 1143 5047 Dei
1150 4989 1315 5068 assumpsit
1324 4989 1497 5057 humanam
1509 5002 1651 5060 naturam

886 5159 955 5300 {mi
965 5163 1104 5237 demigratio
1125 5165 1200 5222 attat
1220 5168 1265 5238 ris
1288 5168 1418 5248 ἐνέργειαν,
1440 5179 1503 5234 κατὰ
1516 5182 1559 5237 τὸν
1584 5183 1654 5256 ἅγιον

908 5263 1021 5302 romarus.

9 5376 11 5487 [
109 5404 120 5450 i
133 5407 193 5454 Sem
208 5410 298 5466 mmo.
309 5429 340 5444 -
350 5408 426 5468 tsssp.
436 5420 463 5457 ur
475 5419 499 5459 ot
511 5423 543 5459 rr.
556 5435 577 5448 -
596 5411 668 5459 etti.
683 5410 944 5471 1,cap.m,stetssq.
957 5416 1049 5463 marina
1058 5419 1092 5466 to.
1106 5421 1154 5465 -l
1167 5421 1193 5466 In
1206 5423 1291 5471 tollat.
1304 5426 1382 5472 duest.
1394 5428 1442 5474 eu.
1454 5452 1482 5465 ·-
1497 5431 1547 5476 bia
1561 5432 1592 5477 ill
1606 5443 1653 5490 por.

86 5473 257 5523 muscarel
273 5476 476 5529 arannem.

9 5504 11 5605 t

9 5608 11 5663 i

9 5668 11 5705 i

9 5748 11 5791 i

9 5820 11 5867 i

9 5884 10 5899 i
