3990 6130
521 331 572 394 DE
591 327 890 403 lamentarent,
912 327 984 390 LlB.
1008 326 1072 404 Vll,
1093 326 1175 390 CAP.
1199 327 1253 388 lv.
1623 329 1681 391 133

97 508 266 582 unumque
279 504 397 581 puncto
415 497 565 579 temporis
577 497 611 559 iu
625 513 732 559 rerum
753 501 865 557 natura
915 494 1022 574 plicari
1041 497 1150 557 Patres
1170 494 1216 555 illi
1236 500 1393 575 poterunt,
1416 511 1494 575 quos
1512 512 1607 575 supra
1628 495 1681 557 do·
1715 503 1841 557 troam

98 601 241 676 ponatur.
259 593 368 674 ltaque
397 592 546 665 Christus,
576 608 640 670 qua
665 589 772 664 homo,
802 588 865 648 sive
915 587 1239 660 centesaudiehamus,
1256 586 1426 663 christum,
1442 605 1504 666 qua
1516 587 1677 662 esthamo,
1704 557 1845 668 'wlff'

97 688 275 749 humanitas
285 685 411 758 Christi,
419 685 503 764 prius
516 690 627 744 natura
635 686 691 754 est,
699 686 730 741 et
741 684 864 742 exstan-
915 679 970 740 Dei
983 681 1163 761 adoptivum
1190 697 1254 741 esse
1276 678 1387 740 filium.
1407 679 1562 740 Nimirum
1584 684 1621 739 ut
1642 698 1682 740 ex
1730 671 1822 714 '⁰¹⁰‘“·

96 780 168 841 tiam
181 780 293 852 habet,
312 795 409 858 quam
428 776 484 837 tilii
506 774 750 856 proprietatem,
767 771 864 834 etiam
914 771 1114 851 consequenti
1130 773 1290 847 duntaxat,
1312 777 1344 832 et
1357 777 1485 841 remota,
1501 789 1566 831 non
1579 771 1682 851 proxi-

99 870 256 947 natnralis,
275 876 307 932 et
324 869 403 946 reri,
422 867 683 947 uNuncnpativus
703 864 808 934 euim,
834 869 866 925 et
913 880 977 932 ma,
994 870 1025 925 et
1036 865 1162 944 propria
1175 863 1207 924 id
1221 863 1265 923 illi
1278 864 1398 924 ratione
1411 863 1586 939 tribuatur;
1602 882 1679 943 qua·

97 982 206 1038 ιειιιιι
226 962 375 1044 proprius
387 968 420 1024 et
432 960 606 1040 adoptivus,
621 977 686 1020 non
699 954 864 1033 naturalia,
913 959 1006 1017 tenus
1026 958 1125 1034 gratia
1144 956 1204 1017 hoc
1223 955 1318 1016 homo
1341 960 1524 1017 consecutus
1537 960 1593 1032 est,
1617 955 1680 1016 siva

97 1057 147 1119 sed
160 1055 337 1137 personalia
355 1054 485 1115 nomina
497 1069 562 1113 esse
575 1051 645 1132 quis
664 1046 824 1128 ambiget?
844 1066 861 1105 u
913 1048 1051 1109 humana
1065 1048 1177 1110 Christi
1193 1052 1315 1125 natura,
1334 1049 1415 1108 utin
1430 1050 1528 1109 Deum
1542 1066 1679 1109 assume·

97 1150 137 1209 ait
150 1148 304 1210 Paulinus
316 1144 520 1227 Aquileiensis
530 1143 553 1205 ¹.
880 1138 885 1146 '
912 1145 1009 1214 retur,
1026 1159 1062 1202 ac
1073 1141 1162 1202 lieret
1173 1158 1254 1201 unus
1264 1158 1335 1201 cum
1346 1140 1447 1201 Verbo
1458 1141 1549 1216 Deua,
1564 1139 1679 1219 Deique

136 1241 232 1303 Porro
241 1240 388 1320 adoptivo
395 1237 518 1320 filietas,
530 1241 566 1299 ut
574 1235 617 1297 sic
627 1234 748 1313 loquar,
760 1236 864 1311 poste·
913 1231 1026 1307 Filius;
1042 1250 1114 1294 cum
1127 1231 1265 1311 alioquin
1275 1232 1388 1306 aliena,
1405 1236 1436 1293 et
1447 1231 1676 1307 adventitiam,

97 1334 208 1395 riorest
220 1331 371 1407 naturali,
387 1336 418 1391 et
426 1329 565 1409 propria.
580 1329 686 1407 ltaque
696 1323 865 1386 Christum·
911 1328 948 1383 ut
961 1323 1003 1384 ita
1021 1324 1132 1398 dicam,
1149 1323 1276 1385 insititio
1295 1342 1351 1403 par
1368 1342 1401 1385 se
1421 1325 1460 1385 sit
1481 1323 1534 1383 illa
1548 1328 1673 1400 natura,

96 1425 363 1506 priushnncesse,
384 1421 577 1500 intelligique
595 1417 755 1481 homiuem
769 1434 863 1496 opor·
912 1415 951 1476 de
965 1433 1027 1495 qua
1040 1434 1086 1492 re,
1109 1433 1245 1477 necnon
1259 1415 1297 1476 de
1312 1415 1473 1479 sententiis
1495 1417 1621 1478 Petrum
1641 1415 1680 1478 il-

108 1524 147 1592 et,
173 1517 317 1596 adeoque
341 1513 516 1576 naturalem
544 1512 600 1573 Dei
625 1509 737 1581 filium,
766 1524 863 1587 qnam
910 1507 1027 1581 lorum,
1044 1526 1172 1588 agemus
1189 1509 1398 1588 postmodum.

97 1608 332 1689 qualiscumque
350 1606 476 1668 nudem
498 1605 527 1665 ei
549 1603 705 1665 tribuatur
724 1599 861 1679 adoptio.
951 1600 1016 1662 Vll.
1033 1601 1175 1662 Indidem
1185 1608 1216 1662 et
1224 1600 1276 1660 ills
1287 1599 1410 1661 dissolvi
1422 1604 1522 1680 potest
1532 1615 1679 1680 quorum-
1733 1630 1816 1676 mg„

97 1702 184 1782 Atqui
197 1701 254 1763 illa
267 1704 335 1781 ipsa
344 1698 508 1773 naturalis,
523 1691 863 1777 quaehunchominem
911 1691 984 1752 dam
1006 1691 1098 1767 ratio,
1122 1698 1230 1753 contm
1249 1710 1327 1773 quos
1347 1691 1483 1772 disputat
1505 1692 1675 1753 cusanus:
1702 1693 1714 1727 ⁸
1732 1687 1839 1785 „wig

97 1794 255 1875 occupavit
267 1793 389 1876 filietas,
400 1790 577 1871 adoptivam
586 1786 730 1859 excludit,
746 1789 777 1845 et
787 1801 862 1844 uon·
911 1784 966 1862 qui
988 1780 1139 1845 Christum
1154 1783 1300 1860 electione,
1323 1803 1356 1845 uc
1375 1784 1473 1864 pratia
1486 1783 1600 1864 suctum
1621 1802 1678 1846 casa
1721 1790 1827 1840 altorum.

96 1888 178 1965 sequi
189 1892 278 1948 vetat
289 1890 442 1964 tanquam
454 1881 626 1962 oppositam
645 1877 701 1939 sibi
715 1875 858 1937 formam.
911 1873 969 1938 Dei
983 1874 1099 1936 Filium
1109 1886 1123 1912 ⁰
1138 1878 1313 1937 asserebant
1326 1894 1364 1937 ex
1375 1876 1437 1936 illis
1451 1876 1616 1955 Scriptura
1629 1876 1677 1937 lo·

96 1978 161 2040 tlon
172 1986 219 2040 est
231 1978 332 2058 igitur
345 1992 469 2038 necesse
484 1973 583 2052 gratia
602 1970 663 2032 dici
681 1968 794 2030 Filium
808 1967 863 2029 llei
911 1964 966 2041 ais,
979 1965 1013 2026 in
1026 1966 1140 2045 quibus
1154 1968 1234 2028 Deus
1254 1969 1342 2029 Pater
1354 1967 1397 2028 ita
1412 1968 1550 2047 loquitur
1578 1988 1586 2029 ε
1615 1966 1677 2028 Hic

96 2072 248 2134 Christum
269 2070 443 2137 hominem,
465 2066 491 2127 si
512 2064 682 2145 propriam,
704 2067 735 2122 et
754 2062 862 2141 proxi·
911 2064 953 2118 cst
966 2055 1052 2138 filius
1071 2077 1150 2119 meua
1163 2057 1392 2135 dilectus⁸,non
1404 2059 1676 2139 quemgenui,sed

96 2181 175 2225 nam
188 2164 346 2225 rationem
356 2160 440 2222 illius
450 2155 666 2239 appellationis
679 2152 859 2241 querimus.
912 2149 944 2209 iu
955 2166 1012 2230 quo
1029 2148 1107 2210 midi
1124 2149 1291 2231 complacui
1306 2156 1399 2213 :tum
1413 2152 1495 2232 apud
1519 2151 1632 2212 Isaiam
1642 2149 1673 2215 ἰ

96 2258 170 2318 llam
182 2259 352 2332 remotam,
367 2258 399 2315 et
422 2251 510 2332 quasi
531 2267 571 2311 ex
589 2244 789 2326 consequenti
810 2263 864 2305 na·
910 2239 989 2302 Ecce
1011 2258 1092 2321 puer
1111 2259 1210 2316 meus,
1240 2260 1325 2322 quem
1347 2241 1421 2323 alepi
1447 2262 1459 2304 .·
1486 2244 1524 2303 Et
1541 2244 1575 2303 in
1599 2243 1677 2304 Cau·

96 2355 155 2410 hm
180 2348 355 2429 gratuitam
384 2344 543 2406 filietatem
573 2339 653 2402 nihil
683 2355 860 2412 moramur3
912 2331 973 2392 tica
988 2331 1195 2407 Cuoticorum,
1224 2332 1329 2394 electus
1356 2340 1485 2395 vocatur
1515 2353 1552 2396 cc
1580 2334 1677 2396 milli-

96 2440 240 2520 tarileque
253 2440 407 2521 patimur,
421 2436 454 2497 id
467 2434 550 2515 qnod
561 2429 752 2510 Augustinus
764 2435 795 2490 et
808 2429 864 2490 Fa·
912 2422 1005 2485 duel.
1041 2425 1088 2485 Ita
1122 2425 1301 2486 Caesarius:
1324 2427 1378 2505 qui
1411 2426 1445 2487 in
1479 2427 1679 2507 responsione

97 2530 210 2591 urndus
223 2545 330 2591 unum
352 2524 531 2599 voluerunt,
553 2520 652 2599 gratia
674 2517 735 2579 diei
748 2516 863 2578 Filium
911 2515 1052 2592 adstruit,
1075 2533 1140 2577 nou
1169 2534 1234 2578 esse
1259 2517 1413 2579 Chrisnrm
1438 2520 1493 2579 Dei
1513 2518 1614 2580 filium
1640 2537 1680 2580 ex

97 2622 321 2685 lieihominem
333 2620 367 2680 in
376 2616 515 2691 Christo;
530 2612 602 2693 quia
612 2611 864 2692 matiaprovecta
911 2606 1018 2668 multis
1031 2607 1098 2669 aliis
1120 2607 1274 2684 electum3
1291 2626 1328 2670 eo
1348 2609 1432 2689 quod
1446 2628 1539 2671 nemo
1557 2611 1680 2691 uspiam

96 2721 139 2777 ast
159 2715 199 2776 ad
222 2714 287 2776 hoc
309 2711 590 2780 humananatura,
611 2703 701 2764 utin
723 2719 864 2782 personas
913 2697 965 2760 itti
990 2699 1099 2761 u'milir
1136 2700 1176 2760 sit
1218 2700 1295 2761 inter
1330 2700 1413 2783 filios
1438 2701 1535 2763 Dei⁸z
1571 2703 1680 2764 sedin

96 2826 162 2869 curn
193 2806 304 2869 Verbo
337 2800 527 2865 consortium
555 2795 765 2858 adhiberetur.
802 2793 864 2855 Sed
912 2791 1110 2852 sanctissimae
1123 2791 1260 2870 Virginis
1272 2805 1361 2853 utero
1377 2811 1478 2853 unum
1492 2798 1523 2854 et
1534 2794 1680 2856 eumdem

96 2900 253 2980 adoptivus
274 2896 390 2959 idcireo
403 2892 485 2955 filius
504 2887 655 2970 appellari
667 2903 732 2946 non
750 2889 862 2964 potest,
912 2882 1053 2961 genitum
1073 2900 1138 2944 esse
1158 2884 1216 2943 Dei
1239 2883 1436 2964 hominisque
1456 2883 1567 2947 hlium.
1593 2887 1681 2959 Quod

96 2993 240 3071 quornm
269 2989 312 3051 ad
339 2986 505 3059 radonem,
534 2986 566 3042 at
590 2980 677 3060 quasi
700 2976 864 3039 essentiam
912 2974 1008 3053 igitur
1019 2974 1134 3036 electus
1146 2975 1258 3036 dicitur
1268 2975 1363 3037 homo
1374 2976 1524 3054 Christus,
1539 2978 1579 3039 ad
1592 2977 1681 3040 illurn

95 3084 243 3165 adoptivae
258 3078 397 3165 filietatis
411 3096 449 3140 ex
462 3068 864 3137 communihominumusu
913 3083 1039 3127 sensum
1064 3067 1292 3128 accommodari
1318 3073 1437 3148 potest,
1466 3087 1561 3149 quem
1589 3089 1683 3151 supra

95 3178 235 3256 partinet,
252 3181 293 3235 ut
305 3190 376 3235 eam
390 3166 539 3232 naturalis
548 3183 586 3226 ex
594 3163 690 3224 altero
702 3159 865 3221 antecedat
914 3157 998 3232 diri,
1014 3162 1049 3218 ut
1062 3158 1095 3220 iu
1108 3158 1178 3219 Filii
1192 3160 1245 3220 Dei
1258 3160 1447 3222 consortium
1458 3161 1583 3239 adscita,
1601 3168 1632 3224 et
1643 3164 1682 3224 ad

96 3266 221 3349 filiam
245 3282 322 3347 qua
342 3267 447 3324 autem
464 3255 586 3320 homini
599 3254 718 3317 Christo
732 3251 771 3313 ab
794 3250 863 3328 ipso
914 3249 947 3310 id
960 3250 1056 3311 electa
1068 3249 1220 3329 singulari
1237 3250 1387 3312 beneficio
1408 3253 1447 3313 sit
1465 3253 1605 3315 hnmana
1625 3254 1683 3316 ista

97 3370 204 3439 puncto
230 3352 446 3439 generationis
468 3348 590 3427 obtigit,
607 3362 680 3408 cum
699 3341 862 3417 naturalis,
914 3346 1037 3403 natura.
1054 3343 1200 3422 Sequitur
1218 3343 1353 3404 alterum
1370 3352 1602 3424 argumentum,
1618 3365 1681 3427 quo

95 3454 264 3533 eademque
288 3445 465 3519 divinarit,
485 3439 622 3520 adoptivi
644 3435 865 3517 proprietatem
914 3434 1071 3513 precipue
1093 3434 1238 3495 innixum
1252 3452 1317 3496 esse
1332 3435 1463 3496 Felicem
1482 3437 1576 3498 refert
1594 3436 1682 3499 hni-

96 3545 292 3607 intercludit:
312 3558 350 3602 eo
363 3537 447 3618 quod
460 3553 526 3596 nou
540 3536 641 3613 potest
662 3545 733 3591 cum
756 3527 866 3589 eodem
914 3543 974 3586 irus
987 3525 1113 3587 Flaccus
1122 3523 1151 3601 ⁷3
1168 3530 1203 3586 ut
1220 3546 1235 3583 ι
1249 3544 1289 3587 ex
1299 3525 1358 3588 hac
1372 3527 1474 3588 radice
1493 3527 1590 3590 totius
1607 3530 1682 3591 infl-

97 3638 273 3715 comparata
298 3627 393 3691 simul
414 3631 546 3704 utraque
567 3621 667 3682 torma
686 3616 862 3680 consistere.
914 3615 1047 3679 delitatis
1057 3616 1153 3694 ipsius
1168 3617 1272 3697 spinas
1284 3618 1468 3680 succrevisse
1482 3620 1583 3682 meat:
1597 3623 1681 3701 quod

97 3727 130 3787 ld
143 3728 221 3788 adeo
233 3727 324 3787 recte
338 3718 489 3782 Paulinus
504 3709 706 3794 Aquileiensis
724 3707 867 3769 observat
914 3708 1103 3788 impossibile
1116 3708 1163 3770 illi
1176 3708 1344 3786 videretur,
1367 3710 1467 3772 filium
1488 3712 1576 3774 aliter
1593 3732 1683 3795 posse

96 3818 239 3899 inpriruo
262 3816 347 3877 libro
370 3818 475 3873 contro
498 3805 624 3868 Felicem
634 3802 659 3880 ¹,
682 3799 802 3863 uNulla
815 3798 865 3860 in·
915 3802 1165 3882 esseproprium,
1179 3801 1289 3862 nisiex
1300 3807 1587 3884 naturaparentnm
1600 3812 1683 3868 totus

96 3928 196 3991 quam
213 3908 277 3971 tibi
300 3902 465 3985 sophistica
485 3898 618 3972 ratione,
633 3894 686 3968 ait,
702 3893 764 3954 duo
784 3891 865 3953 rela-
915 3892 1092 3954 nascitur.»
1110 3891 1205 3972 Atqui
1226 3893 1310 3955 Deus
1331 3896 1421 3955 Pater
1442 3895 1603 3959 hominem
1617 3917 1683 3960 non

96 4004 153 4065 tina
177 3999 313 4065 nomina
326 3995 422 4058 unius
443 3992 499 4054 filii
521 3990 560 4051 ad
583 4002 748 4069 personam
772 3983 866 4045 unius
916 3984 1034 4064 genuit.
1055 3984 1162 4063 ltaque
1176 4002 1242 4045 non
1259 3984 1382 4047 videtur
1396 3986 1535 4050 Christus
1548 3990 1583 4050 in
1600 4000 1684 4052 utra-

95 4095 186 4175 patris
198 4092 322 4155 reterre
343 4085 533 4150 concutitur.
556 4079 777 4143 Animadverte
791 4075 865 4154 quid
916 4095 977 4156 que
991 4081 1102 4136 natura
1120 4093 1213 4136 verus
1231 4082 1262 4138 et
1280 4078 1425 4157 proprius
1438 4096 1502 4140 esse
1516 4081 1574 4141 Dei
1587 4081 1680 4143 tilius.

95 4187 234 4257 dixerim,
264 4201 333 4246 non
349 4179 464 4261 poteris
476 4175 587 4250 lilium,
603 4176 634 4233 et
646 4170 760 4245 filium,
782 4167 866 4247 quod
916 4168 961 4228 lta
976 4167 1062 4229 Felix
1078 4186 1086 4228 ε
1101 4185 1195 4246 quem
1207 4168 1328 4233 erudite
1342 4187 1417 4230 mox
1426 4170 1538 4232 refellit
1550 4171 1682 4234 Albinus

96 4278 321 4340 mtrelatiwm
335 4272 375 4333 ad
387 4269 518 4348 aliquid,
542 4266 603 4327 hoc
624 4268 670 4324 est
690 4259 864 4340 proprium,
915 4259 999 4321 idem
1012 4259 1148 4320 hominis
1169 4259 1312 4339 exemplo
1334 4280 1342 4320 :
1363 4261 1450 4339 cuius
1468 4264 1524 4323 etsi
1544 4264 1681 4326 animam

96 4377 124 4432 et
134 4368 365 4450 adoptativum,
376 4362 433 4424 uui
445 4358 616 4422 adscribere
627 4351 772 4435 genitori.
786 4352 866 4413 Nam
915 4371 981 4414 nou
994 4356 1200 4431 progenerant
1215 4357 1370 4431 parentes,
1385 4370 1494 4415 revera
1506 4359 1612 4416 tamen
1624 4356 1682 4418 ho-

96 4480 164 4525 cum
178 4463 221 4524 sit
234 4462 324 4523 Deus
336 4454 535 4534 omnipotens
546 4454 633 4530 pater
646 4463 737 4519 uuus,
750 4461 865 4505 unum·
916 4461 987 4504 rum
1001 4442 1125 4523 proprie
1145 4442 1228 4504 filius
1250 4443 1431 4524 appellatur.
1452 4446 1530 4507 Vide
1550 4464 1621 4525 quai
1644 4466 1684 4511 ex

95 4571 151 4634 que
163 4558 363 4616 maumam
376 4545 435 4607 sibi
455 4541 597 4623 genuerit
618 4537 864 4616 omnipotentem
917 4533 1035 4614 cyrillo
1047 4533 1193 4594 adversus
1211 4536 1354 4596 eamdem
1368 4536 1499 4597 Nestorii
1511 4555 1683 4617 argaman.

95 4645 189 4707 hlium
206 4664 215 4706 z
231 4659 302 4724 quo
320 4638 416 4720 igitur
441 4640 531 4717 pacto
553 4648 635 4694 nnus
658 4634 750 4691 natus
770 4625 866 4687 unius
916 4626 1066 4688 tationem
1080 4625 1240 4688 attulimus
1253 4625 1334 4687 libro
1347 4626 1487 4706 quinto⁸.

95 4737 256 4818 genitoris,
286 4738 318 4794 et
342 4728 498 4812 proprius,
521 4731 550 4785 et
573 4721 768 4802 adoptativus
785 4718 868 4779 filius
958 4717 1396 4797 lnstabatprastereaFelix,et
1412 4720 1494 4799 oqui
1503 4721 1684 4803 adoptivum

95 4830 311 4909 intelligatur,
343 4821 461 4884 nullius
490 4832 629 4897 unquam
658 4809 867 4893 possibilitatis
915 4813 1010 4887 negat
1029 4808 1201 4869 meandum
1222 4809 1382 4870 hominem
1415 4809 1516 4873 filium
1537 4815 1602 4890 Dei,
1625 4835 1681 4879 ne-

95 4923 168 4984 crdo
186 4916 387 5001 permittito
916 4917 990 4980 gare
999 4917 1122 4961 necesse
1135 4917 1199 4961 esse
1212 4899 1365 4977 dicebat⁰‚
1381 4919 1454 4964 eum
1466 4923 1577 4968 rernm
1590 4907 1683 4973 fuisse

133 5017 238 5095 Atque
252 5010 316 5072 hoc
330 5005 424 5071 modo
437 5021 504 5066 non
516 4999 647 5063 absurde
660 4995 790 5061 forsitan
810 5012 867 5059 ea·
916 4992 1114 5070 hominem,o
1131 4996 1282 5073 tauquam
1294 4992 1389 5058 homo
1403 4996 1509 5058 nullus
1526 5000 1580 5061 Dei
1600 5000 1684 5063 filins

3 5180 5 5239 ῗ
126 5218 146 5259 a
163 5202 348 5258 cnutum.
362 5194 387 5251 11
403 5184 785 5261 Βιὸἱ.871,1).11α1πῶςτινις
793 5201 862 5256 φασι,
922 5178 1218 5255 ιατίιλογὴικαιχάριν
1232 5182 1683 5263 rtvxpmtquuoauuvaaaron,

117 5366 127 5408 l
144 5364 207 5408 Pant.
224 5362 270 5407 ttb.
287 5359 359 5403 lcoot.
373 5358 419 5403 Fet.
430 5354 490 5399 luter
499 5354 564 5399 ιιοιι.
574 5361 678 5407 opera·
687 5349 702 5393 1
711 5347 737 5393 in
745 5347 804 5394 mica
814 5355 874 5402 opor.
889 5343 954 5388 dtch.
967 5342 1021 5388 taso
1037 5343 1092 5389 lida
1104 5351 1128 5388 at
1136 5344 1200 5390 ltlch.
1213 5346 1254 5402 tps.
1264 5346 1301 5392 ltb.
1312 5346 1333 5390 tl
1341 5350 1398 5392 cont
1407 5349 1481 5393 Fet·
1491 5349 1564 5395 Met.
1573 5361 1609 5402 ιιι,
1619 5352 1682 5397 17.-

3 5424 6 5487 l
97 5424 162 5470 th.
172 5435 245 5474 msa.
259 5422 270 5466 1
280 5428 304 5466 et
314 5430 377 5471 ιιιιι,
388 5418 471 5463 so.-s
482 5418 545 5464 cont.
555 5426 577 5468 r.
589 5414 663 5461 ιιι-ι
678 5413 744 5460 Post.
756 5408 890 5455 marin-'t
907 5407 1003 5452 dicbus.
1012 5406 1053 5460 tit,
1066 5407 1084 5451 t
1096 5411 1181 5455 contre
1192 5410 1289 5456 ret-s
1300 5409 1352 5464 Gap.
1367 5422 1410 5461 ιιι,
1428 5410 1444 5465 S
1455 5415 1467 5453 1
1478 5412 1603 5467 cisun-t
1615 5415 1680 5469 Apud

93 5484 177 5533 hatis.
188 5486 214 5530 tn
225 5484 361 5539 absuper.
373 5479 436 5525 duh·
