3932 6142
306 329 368 393 238
812 329 1139 394 THEOLOGlOORUM
1159 329 1377 393 DOGMA'PUM

346 491 487 567 Etalibi;
502 493 629 573 «Ouios
641 510 714 573 ergo
728 494 1071 574 suntpassionestcsr·
1123 497 1154 552 et
1166 492 1381 554 imbecillitatis
1394 492 1604 574 aliaquredam
1615 502 1862 578 argumentapro
1943 570 1944 577 ,

306 583 364 644 nis.
380 584 486 662 Igitur,
502 585 528 643 si
541 585 627 644 eurni
647 585 803 665 passiones
816 586 937 662 tribuis,
958 585 1071 657 eidem,
1122 582 1236 660 baisse,
1261 602 1451 665 magnopere
1478 587 1651 655 mutendit,
1675 591 1792 667 propria
1808 590 1864 651 bne
1943 612 1944 645 1

306 681 337 735 et
350 675 484 736 humiles
498 694 656 737 sermones
669 677 913 739 tribuiloteteui
924 676 1074 739 miracula
1121 673 1267 736 humanae
1287 676 1388 737 officia
1409 683 1529 738 naturae
1550 677 1652 739 fuisse.
1673 700 1687 736 ιι
1701 679 1755 753 llli,
1769 681 1863 760 inquit,

304 766 452 846 imputas,
472 767 618 828 sublimes
642 767 670 828 ei
684 786 842 830 sermones
861 769 1072 832 accommoda.
1122 772 1263 827 εεεετιιιιί
1275 767 1443 830 divinitatis
1450 769 1531 831 hana
1541 770 1713 832 orationem
1721 772 1863 848 exstitisse
1943 800 1944 821 2

306 861 385 920 Nam
404 860 482 919 Deus
504 858 652 921 miracula
674 859 909 922 faciensmerito
929 860 1075 921 sublimia
1122 874 1180 918 nos
1209 864 1315 920 autem
1347 866 1512 938 assumptae
1539 866 1659 922 naturae
1690 862 1777 924 lusisse
1805 863 1866 924 dioi-
1943 874 1944 883 ’

304 951 451 1031 Ιοηιιίίιιι,
467 956 559 1029 atque
573 951 839 1031 operibusdigna.
867 954 968 1013 Homo
986 969 1070 1024 varo,
1121 958 1254 1026 musta
1284 955 1343 1011 ete.
1365 952 1446 1012 Tum
1470 952 1514 1013 ita
1536 953 1672 1015 scribit:
1697 955 1865 1033 «Imprimis

304 1044 359 1122 qui
373 1043 500 1120 patitur,
516 1048 597 1103 reete
611 1042 748 1104 humana
759 1044 897 1123 loquitur
911 1049 943 1104 et
956 1043 1071 1122 passio·
1122 1046 1227 1101 autem
1243 1041 1291 1103 rel
1306 1060 1346 1103 ex
1369 1060 1406 1104 ao
1429 1049 1548 1105 constat
1561 1061 1625 1105 non
1638 1062 1703 1106 esse
1718 1045 1867 1108 divinitatis

304 1136 397 1196 nibus
408 1141 613 1196 eonmntsnea
627 1142 653 1195 ι.
667 1156 682 1194 s
1122 1132 1306 1206 orationem,
1320 1134 1402 1212 qnod
1416 1135 1499 1195 Dens
1512 1154 1578 1196 non
1595 1141 1674 1198 orat.
1696 1136 1807 1217 Quippe
1822 1139 1867 1199 liei

343 1226 692 1307 AntioohusEpisoopus
698 1225 899 1287 Ptolemaidis
906 1226 946 1287 ab
953 1226 1072 1288 Gelasio
1120 1225 1284 1303 proprium
1298 1232 1344 1286 est
1357 1226 1498 1302 adorari3
1512 1228 1570 1288 Dei
1582 1234 1630 1289 est
1642 1228 1805 1291 orationem
1815 1247 1868 1290 sus

303 1319 466 1392 citatus,u
490 1321 620 1394 Agatur,
645 1319 747 1396 inquit
760 1315 783 1392 ¹,
803 1323 834 1377 et
852 1318 959 1394 quiex
980 1336 1073 1396 grege
1122 1315 1234 1393 ripere,
1253 1334 1318 1377 non
1333 1317 1508 1379 orationem
1521 1319 1693 1381 offerret»

303 1410 520 1472 haeretieorum
532 1415 587 1477 est,
602 1427 657 1469 our
671 1408 835 1469 confundis
845 1409 1073 1487 Evangelium?
1162 1405 1232 1466 Post
1254 1407 1321 1467 hee
1343 1408 1377 1469 in
1401 1409 1510 1470 eadem
1532 1410 1677 1486 homilia;
1699 1411 1868 1485 «Quomodo

304 1503 478 1562 Gurtentas
491 1502 594 1561 Deum
607 1499 970 1573 ethominem‘lQuando
986 1501 1073 1561 audi·
1121 1494 1226 1574 igitur,
1243 1497 1354 1577 inquit,
1370 1499 1429 1561 hoo
1452 1500 1519 1562 looo
1543 1503 1586 1563 sio
1607 1502 1759 1581 loquitur,
1774 1504 1799 1564 a·
1813 1502 1870 1582 fieri

302 1593 413 1654 ariade
427 1593 548 1653 Christo
563 1592 679 1670 aliquid
699 1591 826 1659 humile,
843 1596 875 1652 et
898 1610 1025 1671 pauper,
1042 1597 1073 1653 et
1118 1589 1234 1668 potest?
1245 1590 1396 1652 Hermann
1404 1597 1526 1655 naturae
1538 1592 1779 1659 imbecillitatem
1790 1594 1866 1657 nobis

302 1685 467 1761 mediocre,
486 1690 516 1744 et
530 1684 659 1758 servile;
679 1683 790 1744 deinde
812 1684 874 1743 Deo
888 1684 1030 1761 dignum,
1042 1689 1073 1746 et
1120 1679 1248 1752 indicat,
1272 1701 1342 1761 quse
1362 1683 1542 1762 simpliciter
1556 1685 1681 1748 volebat
1692 1685 1825 1765 abrumpi
1837 1686 1868 1747 rh

303 1776 445 1852 sublime,
470 1775 646 1854 coelumque
670 1776 870 1852 confingens,
886 1775 980 1836 redde
1001 1795 1071 1855 quas
1120 1777 1273 1849 presente
1287 1773 1363 1845 vita,
1377 1775 1429 1834 sed
1442 1776 1612 1849 recusabat,
1628 1783 1660 1839 et
1672 1777 1867 1847 cunctabatur,
1943 1792 1944 1795 ’

302 1866 396 1946 hujus
410 1873 483 1928 sunt
497 1867 581 1942 huie,
596 1873 628 1927 et
641 1885 711 1946 qun
725 1865 820 1944 hujus
833 1866 946 1926 hida.»
1119 1870 1246 1942 propter
1270 1865 1398 1927 insitum
1426 1865 1465 1927 ab
1492 1867 1580 1929 initio
1604 1887 1624 1929 a
1646 1870 1711 1931 Deo
1730 1870 1868 1949 presentia
1943 1864 1944 1867 ’

343 1960 434 2032 Item,
456 1958 607 2038 «Peperit
628 1958 724 2018 Maria
750 1956 912 2029 infantem,
928 1956 973 2018 ait
988 1977 995 2018 :
1010 1958 1071 2019 hoo
1119 1971 1261 2016 amorem
1273 1957 1406 2018 vitet»

302 2058 368 2112 erat
379 2050 609 2111 hoministorta
620 2056 666 2110 est
679 2050 810 2128 desuper
821 2049 921 2122 stella,
936 2048 995 2111 hoo
1004 2057 1072 2112 erat
1161 2047 1267 2109 Postea
1293 2065 1367 2109 vero
1396 2049 1517 2128 plenius
1541 2052 1643 2125 istud,
1673 2056 1707 2113 et
1738 2051 1870 2131 eopiosior

303 2143 374 2217 θεῆς
394 2143 471 2203 laete
493 2141 689 2203 nutriebatur
708 2139 822 2217 infans,
838 2141 898 2201 hoa
915 2140 992 2220 ejus,
1014 2143 1070 2221 qui
1118 2137 1260 2212 adstruit,
1277 2139 1353 2201 dum
1365 2159 1491 2203 oausam
1504 2142 1609 2220 refert,
1625 2163 1683 2205 eur
1697 2142 1869 2205 Verbumad

304 2235 475 2295 seeundum
487 2241 544 2295 nos
560 2239 616 2309 est,
628 2254 644 2291 ο
662 2238 723 2294 ete.
1119 2229 1186 2288 haee
1199 2229 1283 2303 vilia,
1297 2243 1329 2291 et
1337 2231 1559 2311 indignatanta
1571 2234 1733 2312 majestate
1743 2236 1869 2296 humana
1943 2238 1944 2241 ’

342 2325 479 2387 Gelasius
493 2342 616 2404 ηιιοιμιε
638 2321 832 2385 cesariensis
849 2323 882 2383 in
905 2323 1070 2385 Palaestina
1118 2321 1219 2382 earnis
1233 2339 1328 2401 opera
1339 2324 1542 2387 descenderit.
1558 2327 1663 2387 «Nam
1676 2328 1751 2406 quis
1763 2328 1867 2407 sapius,

302 2417 474 2496 episeopus,
494 2416 652 2476 «vinetus
673 2420 731 2485 est,
754 2414 867 2492 inquit,
890 2414 1070 2476 vulneratus
1118 2410 1229 2490 inquit,
1252 2413 1362 2493 Angeli
1380 2415 1518 2477 humana
1539 2417 1573 2479 in
1599 2418 1693 2479 terris
1711 2419 1805 2498 speeie
1822 2416 1869 2477 risi

301 2514 357 2581 est,
374 2506 538 2569 crucifixus
553 2514 608 2582 est,
620 2509 798 2566 attrectatus
812 2513 868 2581 est,
879 2506 993 2567 vibices
1004 2525 1070 2586 ges
1117 2509 1192 2563 sunt
1207 2524 1214 2565 ι
1231 2522 1288 2566 nee
1301 2524 1367 2566 non
1381 2507 1465 2568 Deus
1482 2509 1565 2587 ipse;
1581 2510 1665 2588 quod
1679 2516 1869 2589 autamappa·
1943 2502 1944 2505 ’

300 2600 391 2675 tavit;
407 2599 522 2660 lanceae
536 2597 708 2659 oiaauioem
721 2596 853 2658 admisit.
872 2598 946 2659 Haeo
964 2600 1070 2660 omnia
1117 2595 1216 2672 rebat,
1236 2614 1311 2657 vera
1337 2615 1408 2659 earo
1435 2617 1500 2659 non
1523 2607 1599 2674 erat,
1621 2603 1676 2663 sed
1704 2600 1869 2681 dispensatio

300 2709 412 2771 eorpus
420 2690 561 2752 exhlaria
570 2690 687 2750 editum
697 2688 855 2748 sustinuit.
868 2689 957 2754 Quod
965 2694 1069 2750 autem
1117 2687 1260 2764 quadam
1277 2706 1285 2748 ι
1301 2707 1342 2750 ne
1359 2690 1512 2768 ejusmodi
1526 2697 1651 2770 putares
1668 2692 1755 2755 illius
1771 2692 1869 2753 adnu-
1943 2700 1944 2775 ζ

300 2789 372 2844 anta
385 2782 495 2844 saeoula
514 2800 553 2843 ex
573 2783 661 2842 Patre
678 2780 818 2858 genitum
832 2787 890 2855 est,
906 2780 936 2841 ei
955 2798 1068 2842 noo-ere
1117 2780 1184 2838 tum
1198 2797 1274 2852 esse,
1288 2780 1395 2859 quales
1407 2781 1458 2842 isti
1471 2781 1604 2853 fuerant,
1620 2785 1676 2846 sed
1697 2802 1800 2846 revera
1811 2801 1868 2863 per·
1943 2822 1944 2845 2

299 2893 392 2937 nemo
406 2872 537 2953 potuitl.
554 2892 569 2930 ιι
1115 2870 1301 2947 suadereris,
1317 2891 1424 2934 veram
1439 2891 1505 2935 esse
1523 2892 1668 2951 earnem3
1684 2876 1754 2937 ideo
1765 2880 1796 2937 et
1809 2893 1869 2935 eou-
1943 2892 1944 2939 1

339 2967 393 3027 XI.
417 2966 454 3027 In
473 2965 616 3026 eamdem
637 2963 853 3042 operationum
877 2962 991 3024 Christi
1009 2962 1067 3024 dif-
1116 2966 1222 3041 ceptus
1235 2969 1292 3038 est,
1308 2970 1339 3023 et
1353 2971 1445 3042 partu
1468 2965 1579 3041 editus,
1595 2968 1787 3037 etnutritus,
1803 2965 1868 3027 etin
1943 2982 1944 3043 Τ

297 3058 461 3120 ferentiam
482 3057 727 3118 consentientem
747 3055 898 3115 habemus
921 3055 1068 3132 Chrysas
1116 3054 1248 3133 praesepi
1261 3055 1390 3132 positus.
1400 3074 1465 3116 non
1474 3057 1508 3117 in
1518 3057 1709 3120 domuncula
1717 3058 1866 3138 quapiam
1943 3054 1944 3117 3

297 3155 429 3222 tomum,
445 3166 484 3209 ex
502 3165 564 3227 quo
586 3146 739 3207 nonnulla
751 3146 928 3206 libabimus.
946 3147 979 3206 ln
995 3164 1065 3207 ora·
1114 3145 1216 3205 sedin
1231 3144 1411 3220 diversorio,
1422 3165 1527 3208 eoram
1537 3147 1661 3210 infinita
1673 3149 1868 3217 multitudine,
1943 3164 1944 3223 }

298 3241 384 3302 tione
397 3237 631 3301 εοειοαόυααεαε
651 3239 816 3315 Λαοοιαοι,
832 3237 887 3317 qui
908 3237 1066 3298 Christum
1115 3236 1246 3297 utillius
1259 3237 1401 3299 nativitas
1416 3239 1626 3318 publicaretur
1635 3240 1649 3288 t
1652 3263 1686 3302 ,ιι
1700 3241 1744 3303 Aa
1754 3238 1869 3301 subinde
1943 3250 1944 3269 ³

298 3331 332 3393 in
350 3333 492 3393 ordinem
503 3328 696 3409 redigebant,
711 3330 797 3408 quod
817 3347 918 3390 orasse
937 3328 1062 3408 legitur,
1113 3328 1219 3406 paneis
1231 3328 1413 3408 interiectis,
1434 3332 1639 3394 «Peroontare
1652 3331 1761 3412 igitur,
1769 3331 1867 3412 iuquit,
1943 3356 1944 3373 2

297 3500 341 3576 μίν
354 3502 481 3565 ταπείνους
504 3502 593 3573 λόγους
611 3505 648 3573 τῷ
667 3498 695 3553 ἐκ
714 3499 811 3572 Μαρίας
824 3498 956 3571 ἀνθρώπῳ,
970 3500 1026 3562 τοθς
1039 3498 1065 3553 hd
1115 3497 1221 3572 εὔχεται.
1236 3498 1291 3552 θεοῦ
1305 3498 1353 3571 γὰρ
1370 3501 1400 3553 τό
1413 3501 1599 3572 προσκυνεῖσθαι
1613 3497 1681 3568 dori,
1699 3505 1755 3558 θεοῦ
1768 3501 1796 3557 τό
1808 3498 1870 3574 ripis

296 3585 456 3659 ἀνηγμένους,
472 3584 513 3636 καί
526 3585 665 3656 θεοπρεπεῖς
678 3588 715 3655 τῷ
730 3581 754 3635 ἐν
773 3581 838 3655 ἀργῇ
850 3582 902 3636 όντι
920 3582 1000 3654 λόγῳ.
1024 3580 1065 3635 ud
1113 3582 1235 3655 δέχεσθαι,
1251 3579 1279 3634 οὖ
1294 3582 1323 3635 τί)
1338 3581 1412 3654 εθχὴν
1425 3582 1563 3654 ἀναφέρειν.
1943 3616 1944 3625 ι

295 3672 369 3722 τοῦτο
383 3666 524 3739 γὰρπῆμὲν
535 3663 780 3737 dempturum&
794 3665 920 3726 ταπεινοίις
929 3664 1064 3735 φθέγγομαι
1149 3663 1250 3719 elbid.
1277 3679 1347 3719 vers.
1365 3666 1410 3721 35.
1429 3666 1487 3727 Πῶς
1507 3660 1549 3718 οὖν
1568 3664 1672 3720 ἐνταῦθά
1685 3686 1769 3739 φησιν,
1781 3666 1802 3720 εί
1812 3668 1871 3719 ἀπα·
1943 3716 1944 3719 ,

294 3751 394 3822 λόγους,
409 3750 453 3801 ίνα
466 3747 507 3801 ad
517 3747 560 3819 μὲν
579 3752 628 3799 τῶν
644 3747 756 3817 ὑψηλῶν,
769 3750 813 3800 τοῦ
828 3744 977 3807 ἐνοικοῦντος
987 3747 1063 3816 λόγου
1113 3744 1171 3812 τόνς
1183 3750 1226 3815 τῆς
1239 3744 1389 3817 ἀνθρωπίνης
1400 3748 1493 3818 ρόσεως
1502 3746 1546 3814 τὴν
1559 3746 1684 3802 ἀσθένειαν
1695 3749 1755 3822 ἡμῖν
1769 3749 1871 3803 {idebu-
1943 3742 1944 3745 ί

294 3830 366 3893 δείξω
377 3829 420 3899 τὴν
436 3830 584 3901 συγγένειαν.
600 3827 641 3881 διὰ
654 3829 681 3882 δὲ
694 3835 744 3882 τῶν
754 3834 882 3893 ταπεινῶν,
894 3832 937 3896 τῆς
950 3830 1065 3895 ταπεινῆς
1112 3845 1163 3893 ται,
1178 3825 1228 3901 οὐχ
1249 3827 1392 3899 αἱρουμένης
1413 3829 1498 3891 ἅπλῶς
1512 3828 1685 3902 ἀπορραγῆναι
1707 3830 1870 3904 ιῆςπαροόσης
1943 3838 1944 3867 ³

294 3913 383 3986 σαρκός
392 3912 506 3985 γνωρίσω
516 3912 560 3980 τὴν
575 3911 708 3966 ἀσθένειαν.
1113 3911 1187 3977 ζωῆς,
1203 3909 1260 3963 ἀλλ’
1274 3908 1448 3982 ἀναθυομένης,
1462 3912 1504 3965 καί
1518 3911 1636 3981 όκνοιίσης
1650 3913 1695 3966 tat
1705 3914 1750 3983 τὴν
1767 3914 1790 3977 ἐξ
1804 3913 1870 3985 ἀρχῆς
1943 3942 1944 3947 ¹

332 3997 476 4052 aduenit.
486 3995 558 4065 apud
567 3991 746 4050 Theoddial.
759 3992 805 4048 lll.
815 3992 886 4054 Τίνος
894 3987 937 4046 οὖν
948 3991 979 4046 τά
987 3992 1063 4061 πάθης
1114 3988 1247 4047 ἔντεόεῖεαν
1263 3991 1324 4066 adest
1338 3992 1420 4064 φιλίαν
1434 3994 1502 4066 παρὰ
1515 3999 1559 4049 τοῦ
1572 3997 1629 4049 θεοῦ
1643 3996 1706 4069 πρὸς
1718 3998 1761 4052 τόν
1774 3996 1870 4069 παρόντε
1943 3980 1944 4031 Ῐ

294 4077 448 4151 τῆςσαρκίις.
464 4075 550 4131 odardi
566 4076 662 4137 είδίθος
677 4080 708 4150 τῇ
724 4074 794 4148 σαρκί
807 4074 925 4144 τάπάθη,
940 4075 982 4137 θός
1001 4073 1063 4149 aditi
1112 4074 1176 4146 βίον.
1943 4080 1944 4119 ἶ

295 4161 335 4215 καλ
347 4163 404 4223 robe
423 4160 552 4221 ταπεινοίις
570 4159 667 4232 λόγους·
691 4157 732 4211 καί
755 4153 900 4230 ᾧθαόματα
914 4156 1062 4229 ἒπιγρόρεις,
1149 4156 1170 4230 f
1183 4157 1253 4213 lbid.
1273 4172 1344 4214 vem.
1359 4157 1386 4213 θ.
1410 4157 1513 4228 Ἐπειδὴ
1528 4158 1576 4233 γὰρ
1594 4160 1697 4233 όγγελοι
1710 4162 1823 4221 πολλόιις
1838 4155 1870 4212 ἀτί

295 4245 350 4308 rob<
368 4244 518 4317 ἀνηγμόνους
540 4241 625 4303 ἀνόθες
648 4243 749 4313 λόγους.
772 4240 787 4293 ό
804 4239 852 4313 γάρ
872 4241 1062 4313 θαυματουργών
1112 4243 1156 4307 τῆς
1166 4244 1211 4311 γῆς
1234 4238 1355 4312 ἔράνησαν
1379 4239 1403 4293 dv
1426 4239 1572 4314 ἀνθρωπίνῳ
1585 4243 1666 4315 τόπερ,
1691 4244 1734 4297 καί
1748 4243 1816 4304 atate
1826 4239 1870 4295 θίό

295 4326 348 4388 θεὸς
362 4324 460 4387 εἰκότως
476 4324 557 4398 ίιψηλά
573 4325 656 4390 λαλεῖ,
671 4325 711 4378 καί
729 4329 780 4378 τῶν
804 4322 881 4395 ἔργων
900 4320 994 4385 ἐπάξια.
1009 4320 1063 4376 odd
1112 4322 1174 4384 θέος·
1185 4322 1214 4375 τό
1228 4322 1254 4376 δὲ
1267 4324 1413 4396 φαινόμενον
1427 4322 1473 4377 oda
1483 4321 1512 4393 ἦν
1522 4325 1612 4396 σαρκός
1623 4324 1739 4397 ἀλήθεια,
1751 4325 1870 4392 ἀλλάσυγ·
1943 4352 1944 4377 ι

295 4410 398 4482 πάσχων
421 4408 544 4480 ἀνθρωπος
563 4407 643 4470 καλῶς
665 4404 767 4460 ταπεινά
785 4405 922 4478 ρθόγγιται,
949 4405 991 4458 καί
1011 4411 1062 4460 τῶν
1111 4402 1251 4468 ιἰατόόασις.
1265 4405 1355 4478 ἵναμὴ
1377 4406 1481 4478 νομίσης
1501 4408 1542 4461 καὶ
1567 4407 1659 4476 ταύτην
1682 4407 1728 4476 τὴν
1751 4405 1869 4480 παρουσίαν
1943 4424 1944 4481 ἢ

295 4493 379 4548 παθῶν
392 4492 546 4560 κατάλληλα.
1110 4488 1224 4557 τοιαύτην
1245 4482 1318 4556 τίνει,
1341 4482 1395 4542 οίαι
1422 4486 1511 4542 ἐκεῖναι
1533 4487 1657 4561 ίγενόντο,
1680 4491 1746 4544 ἀλλά
1762 4489 1871 4553 mandit
1943 4524 1944 4549 ;

331 4574 348 4631 ί)
374 4575 471 4632 Gutus.
494 4573 568 4644 apud
589 4571 695 4630 Thebd.
721 4570 786 4626 ibid.
819 4568 925 4639 ’ffiidrb
951 4568 1060 4641 ἐτρώθη,
1112 4568 1209 4638 ἀληθῶς
1221 4571 1259 4624 ότι
1271 4567 1331 4642 σάρξ
1344 4568 1374 4639 ἦν
1389 4569 1500 4639 ἀληθινὴ,
1515 4573 1556 4624 sal
1570 4570 1869 4645 συνελήφθηιιαίίτθγθη,

295 4652 445 4730 ἐσταυρώθη,
455 4654 605 4728 ἔψηλαρήόη,
615 4654 739 4726 μώλωπας
753 4652 875 4724 ἀρόρεσεν,
885 4651 959 4721 οθλὴν
970 4653 1063 4721 σπάθης
1111 4651 1152 4704 καί
1171 4650 1272 4725 ἔτράρη,
1292 4654 1334 4706 καί
1348 4650 1387 4707 ἐπὶ
1401 4654 1492 4724 ράτνης
1506 4652 1584 4722 ἐτέθη,
1599 4653 1645 4708 oda
1668 4653 1695 4708 ἀν
1709 4651 1869 4727 obduraturi,
1943 4706 1944 4721 ,

295 4734 401 4800 ίὸέξατο.
420 4738 501 4792 πάντα
521 4743 598 4793 ταῦτα
622 4736 651 4790 τό
674 4733 700 4790 ἔκ
720 4733 818 4807 Μαρίας
840 4734 923 4807 τεχθὲν
949 4733 1063 4806 ίιπέμεινε
1112 4732 1169 4786 ἀλλ’
1192 4732 1216 4787 ἔν
1239 4735 1401 4806 καταλύματι,
1424 4734 1531 4802 πλήθους
1553 4733 1654 4809 ἀπείρου
1682 4738 1812 4809 παρόντος,
1834 4735 1871 4801 iva
1943 4762 1944 4811 3

295 4826 378 4891 σῶμα.
399 4820 429 4874 τό
450 4819 476 4873 δὲ
496 4819 544 4891 πρό
567 4819 663 4873 αἰώνων
685 4817 711 4872 ἔτι
731 4819 822 4890 πατρός
848 4815 960 4890 γεννηθὲν
984 4816 1063 4878 οὐδεὶς
1111 4817 1285 4889 θημοοιεόηται
1302 4815 1377 4871 edred
1396 4815 1412 4884 ἡ
1429 4818 1549 4889 γέννησις,
1564 4824 1620 4875 elo.
1639 4818 1787 4892 Ἐρώτησον
1799 4817 1870 4872 τοίνυν
1943 4840 1944 4865 ι

294 4899 400 4969 ἠδύνατο
413 4901 514 4973 βλάψαι.
1111 4897 1153 4950 τόν
1168 4898 1298 4969 αίρετικόν·
1311 4898 1364 4961 θεός
1376 4899 1465 4970 όειλιᾷ,
1480 4900 1522 4953 καί
1536 4898 1676 4967 ἀναδύεται,
1693 4903 1736 4955 καὶ
1751 4901 1824 4966 dxiii,
1835 4898 1871 4951 ιιαί
1943 4896 1944 4939 ἶ

330 4998 345 5038 0
364 4984 513 5039 Custsosr.
530 4980 605 5037 hom.
621 4997 703 5046 mv,
716 4996 787 5038 turs.
802 4980 847 5036 26.
863 4980 911 5034 liat
921 4978 1008 5033 ίκείνοι
1019 4977 1062 5052 μὲν
1111 4978 1239 5047 λυπείταις
1254 4982 1299 5033 κάν
1308 4979 1374 5051 είπη,
1383 4981 1422 5034 ότι
1436 4980 1487 5047 ναὶ,
1500 4980 1729 5050 ἀπόστηθιλοιπδν,
1738 4984 1780 5039 καί
1790 4986 1871 5049 salim
1943 5024 1944 5057 γ

293 5064 406 5137 λέγουσιν
423 5065 462 5118 ότι
474 5068 518 5131 τῆς
531 5063 644 5131 θεότητός
657 5061 720 5117 ἔστιν
740 5061 756 5131 ip
776 5061 845 5137 αθγὴ,
861 5061 930 5135 ἡμεῖς
948 5061 975 5116 δὲ
987 5061 1060 5134 λόγοι
1112 5060 1185 5115 αιίτόν
1199 5063 1266 5116 κάτω
1285 5062 1347 5134 μετὰ
1359 5056 1403 5116 τοῦ
1421 5062 1549 5131 διαόόλου,
1566 5065 1663 5135 μᾶλλον
1687 5065 1716 5119 δὲ
1736 5065 1777 5118 καί
1790 5064 1870 5118 tntu

295 5165 350 5219 μεν,
363 5148 402 5200 ότι
415 5149 458 5213 τῆς
472 5144 620 5218 οἰκονομίας.
1109 5144 1258 5216 κατώτιρον.
1273 5143 1330 5198 atet
1338 5144 1385 5218 γάρ
1394 5140 1483 5207 butor
1496 5146 1616 5218 τολμήσει
1625 5150 1703 5201 τοῦτο
1717 5146 1801 5202 ebriis.
1815 5141 1871 5200 uti

329 5226 440 5284 dibid.
464 5242 535 5284 teta.
560 5228 605 5283 30.
627 5225 802 5298 Μάλισταμίν
827 5227 875 5299 γὰρ
900 5225 942 5279 καλ
962 5223 1061 5279 αθτόθτν
1110 5223 1178 5300 ιίπῃ,
1193 5226 1232 5280 ότι
1245 5225 1417 5283 obturatam
1430 5224 1554 5289 &orno
1569 5226 1715 5294 θοοώμίπά.
1730 5222 1871 5285 Musti

294 5310 379 5379 δῆλον.
393 5312 432 5365 ότι
447 5308 558 5365 οθκίστι
571 5312 614 5379 τῆς
634 5309 748 5377 θεότητος
771 5307 841 5382 τθχή.
867 5304 919 5372 θεός
944 5306 993 5380 γὰρ
1017 5304 1062 5361 oda
1113 5305 1211 5381 εὔχεται
1220 5308 1285 5371 θεός.

319 5450 598 5500 immitam.
