3956 6158
474 347 846 427 baldethramnus,
873 350 946 415 LIB.
968 350 1043 430 XII,
1066 352 1150 416 CAP.
1173 352 1252 415 XIV.
1586 353 1645 417 583

86 510 342 593 populumrellcnt
354 514 518 578 adducere.
532 518 825 593 asserebanteuim,
877 520 1212 585 excommunicandum
1238 538 1303 583 esse
1327 521 1449 582 censuit
1467 537 1587 582 canone
1601 535 1644 597 tx,

88 603 192 671 «Quod
204 604 256 684 qui
269 612 413 685 gustaret,
424 614 479 670 aut
492 611 643 690 acciperet
658 612 696 672 de
711 612 827 673 sacrifi·
877 613 1104 693 presbyterum,
1120 614 1175 693 qui
1195 635 1210 672 a
1237 633 1256 676 a
1271 614 1436 694 praeposito
1453 632 1510 675 suo
1524 630 1647 674 excom-

85 695 316 760 cioadventantis
334 698 462 763 unitatis
477 701 547 783 (huc
569 709 615 764 est
636 704 827 769 Eucharistia
876 706 1063 781 manicatus,
1078 706 1128 767 vel
1141 715 1301 787 correptus
1319 707 1544 769 secernendum
1558 724 1591 768 se
1604 707 1645 768 ab

83 786 115 851 ab
133 787 285 851 Catholicis
306 800 492 871 consecrata,
505 800 536 855 et
553 795 664 876 oblata)
680 798 718 858 de
739 815 826 859 sacro
875 800 1010 879 episcopi
1032 800 1081 860 sui
1095 800 1316 863 communione
1326 801 1459 876 duxerit,
1473 818 1508 861 ac
1522 817 1643 879 separa·

82 886 189 959 gulare
200 881 318 944 videtur
333 882 375 965 (id
398 891 444 947 est
462 887 589 967 perinde
611 887 736 965 iaceret,
750 909 786 950 ae
801 890 826 952 si
873 892 932 953 tim
943 909 1014 954 cum
1021 893 1176 972 aliquibus
1186 891 1644 971 achhmalacieas,sacrihcium

81 971 268 1053 idolothytum
277 976 435 1059 gustaret.)
445 977 610 1053 Dicebatur
619 981 704 1043 euim
716 981 826 1063 (pergit
875 986 938 1046 Deo
950 985 1106 1047 obtulerit.
1119 1007 1135 1044 u

81 1063 208 1146 Optatus)
222 1067 580 1150 illotamporeventuros
599 1090 666 1134 esse
680 1074 822 1152 Paulum,
912 1079 993 1139 Item
1003 1078 1118 1140 Marius
1128 1079 1307 1141 Victorinus
1318 1079 1398 1141 libro
1412 1079 1514 1159 primo
1535 1087 1642 1143 contra
1705 1091 1775 1138 uana

80 1163 105 1218 et
113 1157 278 1236 blamrium,
292 1162 344 1240 qui
356 1162 539 1225 interessent
547 1166 823 1243 sacrificio,etcum
871 1168 983 1230 Arium
993 1170 1017 1243 ¹,
1045 1170 1083 1231 de
1109 1188 1183 1232 voce
1208 1180 1346 1252 περιούσιος
1359 1190 1465 1250 ageas,
1494 1171 1641 1233 orationis
1679 1145 1799 1195 v¹⁰‘⁰‘¹¹¹⁰·

37 1335 39 1339 ι
79 1249 170 1311 altaria
188 1251 364 1316 solemniter
386 1262 575 1335 aptarentur,
591 1258 765 1337 proferrent
778 1259 822 1321 illi
872 1264 1027 1338 meminit,
1048 1282 1118 1343 quaa
1142 1264 1176 1325 in
1199 1262 1352 1339 oblotime,
1377 1264 1409 1325 id
1429 1268 1475 1325 est
1491 1263 1639 1327 sacrificio

78 1345 237 1424 imaginem,
251 1364 346 1425 quam
361 1349 462 1427 prImo
482 1350 516 1410 in
531 1350 621 1411 altari
644 1361 796 1430 ponerent
812 1372 819 1413 ε
870 1354 1041 1417 dicebatur.
1054 1356 1175 1417 «Sicuti
1188 1360 1220 1417 et
1233 1356 1267 1416 in
1280 1355 1436 1417 oblatione
1450 1355 1636 1431 dicitur,ait,

78 1437 112 1498 sio
123 1439 297 1500 morificium
307 1440 480 1504 offerretur.
491 1444 555 1504 Hoc
569 1462 642 1504 cum
649 1444 822 1524 acciperent
871 1448 990 1509 munda
1002 1447 1059 1509 tibi
1073 1448 1223 1527 poptdum
1247 1448 1490 1510 circumvilalem
1509 1448 1638 1510 aemula·

78 1556 161 1611 aures,
187 1535 317 1616 perculsi
342 1541 416 1596 suut
438 1537 547 1598 animi.
572 1557 588 1594 a
621 1537 681 1598 Sed
703 1556 821 1600 renum
869 1547 969 1602 torem
984 1540 1140 1602 bonorum
1158 1558 1288 1620 operum
1301 1541 1381 1603 circa
1395 1542 1637 1605 tuamsuhstau·

77 1635 153 1695 iuissc
164 1649 319 1693 rumorem
332 1631 444 1704 istum,
461 1629 603 1710 probavit
616 1630 727 1692 exitus.
742 1631 821 1692 Nam
870 1634 948 1695 tiam
961 1634 1150 1697 venientem.
1167 1654 1182 1691 n

77 1725 238 1787 ucrificium
270 1724 384 1784 usitato
418 1740 504 1783 more
539 1722 729 1783 celebratum
763 1729 816 1786 est.
911 1726 963 1788 III.
987 1726 1142 1787 Ambrosii
1155 1744 1230 1787 vero
1244 1744 1339 1805 quam
1354 1727 1491 1806 plurima
1504 1731 1636 1805 exstant,
1676 1736 1797 1787 miuus.

79 1817 173 1879 «Nihil
186 1816 327 1896 probavit
341 1821 481 1896 aspectus
493 1833 532 1876 ex
544 1815 582 1875 its
598 1833 605 1873 ε
623 1815 736 1894 quibus
748 1834 820 1894 per·
869 1820 1108 1881 etdiscrtissima
1119 1819 1307 1893 tesmonia,
1318 1819 1476 1899 inquibus
1489 1821 1635 1900 corporis,

75 1910 195 1973 turbatus
208 1915 273 1971 crat
285 1908 421 1970 auditus.
437 1909 565 1969 Visacst
577 1909 705 1988 puritas,
715 1914 745 1969 et
756 1909 820 1969 ritu
869 1919 900 1974 et
913 1912 1072 1991 sanguims
1087 1912 1199 1973 Christi
1222 1912 1405 1973 sacrificium
1420 1912 1576 1990 exprimit.
1599 1913 1638 1974 Iu

75 2002 660 2081 mhtosolemnisconsuetudoperspecta
673 2008 729 2062 cst.
742 2002 820 2063 Cum
870 2005 1092 2066 commentario
1126 2002 1167 2066 ad
1180 2003 1336 2065 Psalmum
1360 2018 1483 2066 xxxviu.
1513 2004 1635 2064 «Vidi-

75 2097 193 2159 viderent
221 2096 335 2157 dirInis
374 2095 530 2156 sacrificiis
568 2113 625 2156 uec
665 2099 819 2155 mutatum
869 2095 1088 2177 mus,inquit³,
1111 2095 1282 2176 principem
1307 2096 1500 2157 sacerdotum
1522 2097 1562 2158 ad
1579 2114 1637 2158 uos

75 2191 232 2270 quidquam,
249 2208 308 2251 nec
320 2188 471 2261 additum,
487 2206 545 2250 nec
559 2187 708 2262 ablatum,
724 2189 819 2249 Para
867 2192 1045 2252 venientem
1061 2209 1069 2250 ι
1087 2189 1230 2265 vidimus,
1257 2194 1287 2250 et
1307 2189 1483 2253 audirimus
1503 2188 1635 2251 offeren-

75 2284 125 2344 lleo
137 2283 346 2345 commendata
357 2280 535 2342 volentibus
547 2280 694 2360 placuit.»
706 2281 818 2343 Euhoe
868 2291 932 2346 tem
945 2302 1002 2363 pro
1017 2282 1108 2344 nobis
1127 2283 1311 2359 sangumem
1326 2300 1439 2356 sauma
1454 2299 1631 2362 sequamur,

75 2374 168 2454 insigni
189 2376 253 2437 loco
268 2374 436 2453 colligitur,
458 2373 605 2434 usitatum
632 2374 666 2433 in
686 2374 819 2437 Ecclesia
866 2384 902 2437 ut
924 2393 1100 2457 possumus,
1124 2374 1315 2447 sacerdotes;
1338 2380 1375 2436 ut
1395 2374 1562 2437 offeramus
1579 2394 1637 2456 pro

73 2467 150 2530 intuo
174 2468 314 2530 sacrificii
340 2467 517 2529 celebrandi
545 2468 640 2528 ritum
666 2487 674 2527 ε
698 2487 760 2547 quo
788 2475 818 2530 at
866 2470 982 2551 populo
995 2468 1202 2530 sacrificium:
1226 2468 1282 2529 etsi
1302 2468 1421 2529 infirmi
1441 2470 1565 2545 merito,
1590 2474 1637 2531 ta·

74 2560 224 2633 oblationis,
240 2567 271 2623 et
282 2561 389 2622 altaris
401 2560 550 2621 vocabula
561 2560 716 2641 pertinent
728 2579 735 2620 ι
747 2562 816 2640 qui·
867 2582 941 2625 meu
962 2561 1160 2623 honorabiles
1188 2561 1361 2625 sacrificio:
1382 2562 1455 2640 quia
1477 2562 1534 2623 etsi
1554 2578 1638 2625 namt

74 2652 120 2715 bus
131 2656 235 2734 passim
248 2654 350 2715 utitur
372 2655 499 2732 Optatus
516 2673 523 2713 ι
541 2658 576 2713 ut
599 2658 630 2713 et
653 2654 765 2729 calicis,
784 2654 817 2715 in
868 2657 1007 2716 Christus
1020 2673 1084 2717 non
1098 2655 1220 2715 videtur
1229 2653 1344 2728 offerri,
1357 2660 1463 2717 umen
1474 2655 1540 2734 ipse
1548 2653 1639 2717 offar-

74 2766 124 2826 quo
137 2748 241 2809 Christi
260 2747 387 2823 sanguis
412 2751 563 2824 portatur.
590 2746 682 2824 Cujus
695 2747 739 2809 rei
754 2766 818 2809 non
866 2755 920 2809 tur
942 2749 976 2808 in
998 2749 1098 2821 terris,
1123 2746 1249 2825 quando
1275 2746 1386 2807 Christi
1412 2764 1524 2826 eorpus
1543 2746 1636 2809 offer-

75 2839 160 2901 miuoo
177 2841 361 2920 exquisitum
380 2838 594 2900 testimonium
614 2844 710 2900 exstat
728 2839 818 2901 iuitio
866 2846 943 2901 tur:
961 2842 1023 2900 imo
1037 2841 1102 2919 ipse
1127 2838 1238 2899 offerre
1260 2838 1519 2900 manifestatoria
1533 2838 1634 2913 uobis,

74 2929 214 2993 librisorti
231 2932 309 2993 :ubi
323 2931 556 2993 Donatistarum
577 2932 759 3012 sacrilegum
773 2932 819 2993 iu-
867 2933 958 3010 cnjus
985 2950 1086 2993 sermo
1110 2930 1311 2994 sanctificavit
1337 2930 1522 2995 sacrificium
1551 2931 1636 3010 quod

73 3042 239 3087 roremvasa
261 3043 359 3100 sacra,
373 3030 403 3086 et
424 3023 535 3085 altorio
556 3025 815 3106 confringentium,
869 3026 1008 3086 offertur.
1025 3052 1038 3079 s

73 3136 102 3179 ac
117 3118 298 3181 diruendum
329 3117 457 3196 castigat
483 3117 531 3177 his
552 3116 678 3177 verbis:
701 3120 818 3185 «Quid
910 3118 1082 3179 Idemlibro
1095 3119 1227 3197 septimo
1243 3115 1275 3177 io
1288 3115 1397 3176 Lucam
1409 3116 1447 3176 da
1469 3114 1635 3195 Judapro·

73 3212 196 3275 animast
209 3218 273 3273 tam
297 3209 492 3288 sacrilegum,
508 3227 603 3289 quam
622 3211 731 3273 altaria
752 3214 816 3291 Dei,
867 3211 966 3272 ditore
981 3208 1106 3290 agens⁸,
1123 3216 1255 3271 etcoena
1269 3208 1438 3269 [lominica.
1458 3227 1474 3265 a
1492 3206 1551 3281 Qui
1565 3225 1637 3286 pro·

72 3305 212 3384 inquibus
231 3310 262 3367 et
281 3321 339 3365 vos
362 3303 528 3382 ahquaado
550 3302 712 3379 obtulistis,
739 3305 820 3367 iran-
869 3303 1033 3379 ditionem,
1062 3303 1174 3382 inquit,
1194 3300 1354 3379 sauguinis
1381 3299 1533 3362 Domiuici
1555 3299 1637 3361 iuter

72 3414 140 3475 gare,
157 3398 272 3471 radere,
287 3394 474 3459 removere?
488 3396 524 3456 ln
545 3395 659 3474 quibus
677 3403 747 3458 vota
762 3418 818 3479 po·
867 3395 1013 3456 sacrificia
1027 3396 1143 3474 positus
1160 3393 1323 3471 cogitabat.
1340 3415 1352 3451 ι
1378 3394 1496 3471 Nempe
1508 3391 1635 3455 iustitu-

72 3489 137 3567 pali,
151 3496 180 3551 et
197 3489 339 3551 membra
361 3487 472 3549 Christi
494 3493 616 3566 portata
638 3496 755 3550 sunto
780 3494 820 3553 Et
867 3488 986 3549 tionem
1000 3487 1086 3548 illam
1099 3485 1294 3559 sacramenti,
1309 3492 1339 3545 et
1350 3483 1491 3545 sacrificii
1499 3483 1539 3544 ab
1550 3484 1636 3545 Chri-

72 3597 152 3641 nox:
170 3583 274 3656 «Quid
294 3587 342 3643 cst
359 3581 444 3641 euim
467 3579 574 3653 altare,
602 3580 658 3640 nisi
680 3582 767 3644 sedes
788 3592 819 3645 et
867 3586 914 3642 sto
928 3580 1113 3641 celebratam
1126 3578 1224 3658 pridie
1238 3594 1334 3658 quam
1355 3583 1526 3657 pateretur,
1542 3576 1634 3640 sacri·

72 3675 200 3752 eorporis,
214 3681 245 3736 et
256 3673 419 3752 sanguinis
433 3671 589 3733 Christilu
608 3673 688 3734 Item
704 3693 711 3735 ε
728 3677 819 3738 «Hoc
868 3672 975 3734 ficium
988 3672 1133 3751 appellat.

71 3769 159 3827 umen
170 3768 304 3829 immane
317 3765 435 3828 facinus
451 3765 645 3843 geminatum
672 3773 728 3843 cst,
743 3771 817 3831 dum
909 3765 959 3825 Sic
982 3764 1056 3825 alibi
1081 3762 1196 3843 passim
1227 3761 1400 3837 oblationis,
1429 3767 1460 3824 at
1486 3760 1636 3842 sacrificii

71 3856 184 3934 amatis
197 3861 290 3922 etiam
312 3859 419 3920 calices
442 3859 553 3919 Christi
575 3861 735 3938 sanguinis
748 3881 818 3941 por·
867 3856 1015 3936 peculiari
1044 3856 1251 3936 appellatione
1285 3855 1426 3932 designat
1448 3854 1635 3934 mysterium

70 3953 175 4026 totores,
182 3970 317 4031 quorum
325 3952 440 4030 species
448 3952 612 4012 revocastis
625 3952 658 4012 in
670 3971 813 4023 massas»
869 3949 945 4010 illud
968 3948 1122 4010 Dominici
1139 3948 1287 4027 corporis,
1304 3954 1336 4009 et
1357 3948 1526 4026 sangquis,
1550 3946 1634 4026 quod

71 4039 105 4100 lte
117 4043 202 4104 simili
212 4044 399 4106 triariorum
422 4044 456 4104 in
469 4044 590 4119 altaria,
605 4049 637 4104 et
657 4044 819 4108 incruenta
868 4042 908 4101 ab
923 4041 1077 4102 sacerdote
1090 4041 1131 4101 ad
1144 4040 1239 4101 altare
1253 4039 1422 4101 conficitur.
1450 4040 1492 4101 Ut
1515 4039 1548 4099 in
1566 4038 1634 4118 epi·

70 4134 198 4197 manticis
208 4138 397 4216 grassatione
415 4137 556 4215 queritur
575 4137 741 4216 Gregorius
761 4140 818 4202 Na·
867 4134 945 4194 stola
957 4131 1085 4195 xvrrrad
1097 4131 1306 4194 Marcellinum
1319 4151 1456 4205 sororem,
1477 4148 1635 4211 exponens

70 4224 212 4291 riauzenus
225 4230 365 4291 oratione
378 4228 549 4291 vicesima&
868 4226 943 4307 quid
955 4244 1027 4287 cum
1041 4225 1213 4286 Theodosio
1226 4224 1346 4286 seniore
1363 4225 1556 4304 Imperatore
1565 4241 1634 4302 ges·

21 4328 52 4374 u·
104 4320 218 4384 Sinicius
231 4321 357 4402 Papaiu
371 4321 500 4402 epistola
516 4323 815 4405 quartaodEpdeo.
868 4320 918 4395 stt,
933 4318 1058 4398 quando
1072 4317 1385 4399 postmaudatumab
1399 4334 1437 4378 eo
1458 4316 1576 4377 editum
1596 4316 1635 4378 de

68 4415 363 4495 potissimumque
385 4423 431 4478 est
448 4416 606 4497 synodica,
621 4416 655 4478 in
678 4420 777 4497 capite
788 4437 817 4481 rx
865 4427 1021 4492 synagoga
1036 4411 1219 4473 Iudaeorum
1232 4409 1444 4478 instauranda.
1465 4408 1633 4489 proceden-

69 4502 96 4562 in
109 4523 164 4584 quo
182 4509 368 4586 decernitur,
389 4514 425 4570 ut
446 4509 586 4570 sacerdos
605 4508 644 4571 ab
668 4512 817 4573 uxoribus
869 4513 930 4565 tem
944 4505 982 4566 ad
993 4502 1160 4565 Ecclesiam
1172 4502 1323 4564 allocutus
1337 4508 1401 4577 est,
1415 4505 1446 4562 et
1465 4505 1501 4561 ut
1514 4507 1637 4563 seuten-

70 4597 290 4678 suisabstincat,
307 4620 372 4662 eam
394 4602 546 4663 rationem
575 4601 708 4681 subjicIt,
733 4606 816 4684 quod
867 4597 944 4657 tiam
977 4601 1113 4657 mutaret
1144 4594 1295 4670 obtinuit;
1328 4595 1409 4655 iuter
1439 4599 1559 4669 catera,
1592 4594 1635 4655 sic
1713 4678 1719 4689 ι

69 4688 241 4764 quotidiead
264 4690 457 4753 offerendum
481 4692 666 4753 sacrificium
691 4699 817 4772 paratus
868 4689 999 4750 scribit:
1033 4689 1182 4749 «Deinde
1209 4705 1280 4749 cum
1305 4686 1485 4765 aliquandiu
1509 4692 1634 4764 starem,

69 4778 293 4840 metaneam«
318 4779 353 4841 Si
369 4799 443 4858 ergo
466 4780 561 4856 laicis,
587 4781 700 4859 inquit,
722 4782 816 4844 absti-
866 4781 934 4842 dico
962 4780 1166 4861 Imperatori3
1192 4781 1251 4840 Fae
1277 4797 1328 4840 me
1357 4796 1501 4843 securum
1524 4797 1581 4858 pro
1604 4785 1635 4840 te

69 4870 160 4930 nenda
184 4872 362 4950 imperatur,
398 4877 434 4933 ut
467 4872 585 4953 possint
619 4874 818 4954 deprecantes
868 4873 978 4935 otherra
995 4893 1003 4933 ε
1019 4873 1143 4935 absolve
1156 4872 1297 4933 animum
1308 4888 1424 4945 meum,
1438 4891 1453 4927 u
1468 4876 1525 4934 etc.
1541 4871 1633 4946 Tum,

69 4959 168 5037 audiri3
182 4971 298 5043 quanto
321 4965 420 5044 magis
445 4965 586 5026 sacerdos
600 4966 707 5046 utique
730 4970 817 5030 omni
871 4968 976 5045 unga,
991 4966 1104 5045 inquit,
1115 4965 1176 5026 fide
1189 4978 1259 5025 mea
1276 4983 1283 5025 :
1299 4971 1330 5026 at
1348 4964 1392 5027 ita
1411 4962 1451 5024 ad
1474 4961 1570 5025 altare
1584 4982 1636 5025 ac-

69 5056 210 5113 momento
226 5060 351 5132 paratus
366 5054 542 5128 essedebet,
560 5055 720 5116 munditiae
735 5059 819 5136 puri·
868 5059 983 5119 cessi.»
1000 5060 1049 5119 Sic
1076 5057 1109 5118 in
1133 5056 1261 5137 epistola
1283 5073 1336 5117 arx
1359 5052 1399 5115 ud
1423 5054 1634 5136 Imperatorem

70 5141 122 5200 tate
134 5160 271 5221 securus,
292 5164 332 5207 ne
349 5152 403 5206 aut
421 5146 605 5208 morificium
624 5147 743 5224 offerat,
765 5156 818 5211 aut
871 5148 1069 5218 Theodosium,
1083 5149 1208 5229 quando
1222 5148 1310 5209 illum
1320 5146 1360 5208 ob
1373 5147 1491 5209 caedem
1505 5148 1634 5211 Thessa·

71 5226 205 5309 baptizare
227 5237 391 5316 cogaturlo
409 5238 566 5300 Sicetiam
580 5240 817 5319 Carthaginense
868 5243 974 5305 lonicae
997 5248 1151 5324 patratam
1175 5245 1214 5303 ab
1246 5242 1464 5304 communione
1492 5240 1632 5321 repulit:

71 5325 219 5388 uranum
244 5330 413 5391 secundum
433 5331 491 5391 sub
522 5331 630 5393 Siricio
662 5332 814 5412 habitum,
871 5357 887 5394 u
902 5336 1029 5415 Offerre,
1049 5336 1163 5416 inquit,
1185 5353 1251 5397 non
1269 5336 1368 5399 audeo
1394 5333 1588 5410 sacrificium,
1609 5331 1635 5392 si

94 5521 104 5565 l
116 5519 198 5570 turim.
212 5546 234 5562 -
246 5528 327 5575 theu,
340 5527 375 5582 ll,
387 5529 442 5577 aut.
453 5548 481 5565 ··
491 5530 506 5576 8
518 5531 596 5576 Ambr.
609 5538 662 5579 tom.
675 5532 703 5578 u.
715 5551 740 5567 -
753 5532 766 5577 t
777 5533 808 5579 tu.
824 5542 877 5582 toni.
887 5535 929 5581 uu
