3936 6152
347 345 408 410 tOh
873 346 1198 413 reminchuson
1219 346 1437 411 munerun

348 519 453 573 turam
465 513 548 591 eupit
570 530 609 574 cx
633 531 671 575 eo
693 514 831 593 primum
853 514 938 595 quod
956 515 1115 576 Christum
1168 514 1242 576 bure
1267 518 1378 595 potest,
1402 530 1498 593 quam
1523 514 1549 574 si
1574 512 1690 591 ubique
1715 509 1793 571 itiam
1814 528 1894 590 agere,
1946 484 1947 555 Ῐ

349 622 446 665 unam
459 610 661 669 tantumesse
673 614 818 669 naturam
836 610 944 670 statuit
961 608 1118 670 Incarnuti
1167 607 1350 687 operariqne
1363 611 1491 667 constet.
1502 606 1543 667 At
1555 606 1615 667 hoc
1624 604 1691 666 fieri
1704 604 1896 682 nequit,nisiet
1946 592 1947 663 i

350 696 460 772 Verbi3
488 702 557 760 tum
579 700 663 778 quod
692 717 801 762 omnes
826 702 856 761 ci
882 709 1003 762 natnroe
1025 700 1118 762 Verbi
1167 699 1285 780 ubique
1299 698 1441 760 homines
1468 699 1611 772 existant,
1637 698 1670 758 in
1695 696 1799 776 quibus
1814 714 1897 776 opere-
1946 704 1947 733 t

350 790 553 868 proprietates
566 791 726 868 attribuit3
742 793 895 855 vivificam
914 812 1027 873 nempe
1040 795 1117 871 rim,
1168 799 1230 853 tur.
1251 794 1351 866 Quota
1363 810 1437 852 vero
1451 809 1523 870 pars
1532 790 1738 851 universitatis
1749 793 1831 849 erunt
1840 786 1898 847 fide

351 887 382 943 et
392 881 636 959 cumscientiam,
653 903 688 946 ce
701 885 872 947 divinitatis
881 885 967 947 dotes
980 892 1116 947 caeteras.
1167 886 1212 947 les
1226 903 1346 962 omnes,
1362 885 1388 945 si
1407 884 1441 944 in
1461 902 1563 945 unum
1583 883 1687 944 locum
1709 886 1900 960 congregeris

351 973 445 1053 Atqui
459 975 551 1036 stultu
576 976 644 1037 heo
663 984 694 1038 et
717 977 827 1038 frivola
847 979 979 1058 suspicio
999 986 1067 1039 tum
1081 996 1120 1039 ex
1168 984 1380 1059 quotcumque
1393 976 1574 1052 fuerunt,ac
1581 977 1722 1054 deinceps
1733 979 1799 1034 sunt
1809 971 1900 1033 taturi?

350 1065 431 1127 libro
445 1073 556 1144 quarto
569 1068 907 1148 facilediscutitnr13‘in
922 1089 1066 1152 quoquae
1081 1071 1120 1132 sit
1169 1073 1213 1133 Ae
1242 1072 1314 1132 lieet
1339 1076 1442 1131 tutum
1467 1070 1625 1130 mundum
1651 1070 1836 1145 occuparent,
1858 1082 1901 1124 uec

351 1156 406 1219 illa
428 1161 583 1222 incarnati
609 1162 704 1223 Verbi
730 1169 844 1225 natura
874 1164 1118 1226 declaravimus:
1170 1182 1242 1244 pars
1259 1164 1326 1241 ejus
1351 1170 1430 1223 essct
1453 1179 1554 1223 vacua
1572 1158 1761 1240 corporibus,
1780 1164 1807 1218 et
1828 1158 1902 1216 ineis

353 1252 580 1330 tumeaextc¹,
598 1254 746 1316 ubiidem
759 1256 1121 1337 adversusAnonymum
1170 1256 1324 1318 residente
1345 1254 1475 1316 homine
1501 1253 1639 1328 Christ03
1667 1251 1800 1312 nondum
1822 1254 1902 1309 tumen

354 1341 541 1420 explicatum
554 1349 615 1404 est:
634 1345 809 1406 aedemum
823 1363 862 1406 ex
878 1347 1015 1424 hccipso
1028 1346 1120 1422 libro,
1171 1348 1323 1427 ejusmodi
1345 1346 1420 1408 huic
1444 1345 1608 1426 ubiquitas,
1636 1349 1668 1405 et
1704 1342 1902 1423 omnipotentia

355 1450 428 1494 cum
441 1435 480 1495 de
497 1434 618 1498 viritior
638 1437 739 1498 curnis
751 1438 861 1499 Christi
878 1440 992 1501 virtute
1015 1439 1122 1519 dispu·
1171 1442 1360 1517 conveniret,
1377 1455 1472 1519 quam
1489 1438 1651 1519 Ubiquistoe
1669 1435 1829 1497 Lntberani
1838 1452 1903 1495 cun·
1946 1472 1947 1525 q

356 1527 501 1595 terimus,
1172 1533 1271 1594 menti
1294 1539 1385 1606 sunt;
1412 1537 1444 1593 et
1462 1549 1533 1611 quae
1554 1535 1741 1590 naturarum
1762 1527 1902 1607 permistio

395 1620 438 1679 X.
461 1618 657 1698 Praecipuum
670 1639 744 1684 vero
764 1621 848 1683 illius
861 1623 1023 1684 calumnias
1042 1625 1126 1704 cupit
1171 1644 1257 1702 nem,
1273 1630 1304 1686 et
1318 1624 1540 1686 extinctionem
1552 1623 1649 1683 trehit
1662 1639 1775 1696 secum,
1790 1620 1825 1681 ob
1834 1620 1904 1699 idque

356 1716 577 1789 argumentum
600 1712 784 1793 Anonymus
806 1734 847 1776 ex
867 1716 976 1796 Cyriili
990 1717 1125 1796 quudm
1173 1718 1321 1780 catholica
1343 1716 1525 1776 auctoritate
1546 1716 1736 1775 damnatur:
1756 1730 1839 1792 quarn
1856 1713 1902 1793 qui-

357 1803 516 1882 opinione,
532 1820 594 1882 qua
609 1805 721 1866 Christi
736 1808 908 1868 carnemin
928 1809 1126 1870 Eucharistice
1173 1813 1245 1872 dein
1259 1809 1357 1870 solnm
1382 1809 1565 1887 Anonymus
1590 1807 1708 1887 Cyrillo
1735 1812 1848 1869 conutm
1861 1807 1904 1867 in·

357 1901 550 1957 sacramento
564 1904 719 1977 receptam
732 1900 765 1959 in
777 1900 889 1961 nostris
902 1901 1040 1962 habitare
1054 1920 1125 1962 cor-
1173 1903 1311 1983 pingere.
1329 1899 1461 1973 Etenim,
1479 1899 1526 1959 uti
1543 1917 1636 1979 supra
1664 1899 1838 1975 notavimus,
1858 1897 1904 1958 uti·

357 1986 487 2067 poribus
502 1988 667 2066 existimat,
689 2008 747 2053 neo
769 1992 866 2053 solum
880 1993 945 2054 vim
958 1993 1052 2067 illius,
1073 1995 1127 2055 sed
1176 1995 1274 2076 quitur
1308 1993 1363 2055 illa
1388 1993 1529 2053 divinum
1560 1996 1606 2052 est
1636 1991 1823 2067 attributum,
1845 1991 1906 2071 quud

358 2079 454 2142 etium
467 2081 692 2144 substantiam:
709 2084 754 2144 Ex
768 2103 829 2164 quo
845 2085 922 2147 effici
942 2091 1040 2163 putet,
1056 2086 1128 2147 ubi·
1178 2088 1275 2148 solam
1301 2086 1494 2147 divinitatem
1511 2083 1615 2152 afficit,
1630 2102 1692 2145 nee
1718 2083 1842 2144 interiori
1858 2082 1905 2142 cui·

359 2190 492 2253 cumque
506 2174 650 2236 divinitas
673 2184 729 2253 est,
752 2176 796 2236 ibi
816 2183 847 2238 et
871 2178 1042 2239 humanam
1063 2197 1128 2241 esse
1178 2179 1262 2259 piem
1277 2185 1398 2240 naturas
1412 2176 1638 2239 communicari
1651 2177 1697 2236 sic
1707 2182 1809 2254 potest,
1823 2181 1852 2235 ut
1862 2176 1907 2254 tur·

358 2271 516 2327 neturam.
532 2268 671 2329 Primum
689 2290 704 2327 c
725 2269 809 2348 quod
822 2270 1049 2332 virtusvivifiua
1061 2270 1084 2348 ³,
1097 2278 1129 2333 et
1177 2271 1299 2332 realiter
1312 2271 1345 2331 in
1359 2288 1396 2331 ea
1410 2270 1461 2345 sit,
1477 2276 1509 2330 et
1527 2268 1619 2344 huuc,
1641 2269 1731 2329 velut
1742 2286 1802 2328 rem
1816 2267 1906 2345 subjee-

359 2357 536 2419 suscitetiva
549 2361 667 2420 mortni
679 2361 719 2421 sit
732 2361 863 2435 infinita,
875 2381 945 2442 quae
957 2382 1021 2423 non
1031 2369 1130 2443 potest
1178 2370 1243 2425 tam
1256 2364 1399 2442 qualitas,
1424 2366 1479 2422 cut
1499 2361 1609 2434 forma,
1632 2361 1818 2422 denominat.
1835 2361 1908 2433 Quure

359 2450 455 2529 recipi
482 2451 627 2529 subjectis
646 2451 761 2526 finitis,
788 2454 892 2533 qualia
910 2459 984 2515 suut
1001 2473 1131 2534 corpore
1178 2475 1243 2517 nun
1257 2461 1302 2517 est
1314 2456 1374 2515 hoo
1393 2454 1507 2514 divinas
1528 2453 1763 2532 omnipotentie
1784 2452 1910 2513 dehchcn

360 2547 478 2618 nostra,
503 2549 534 2603 et
556 2549 757 2604 sacramenta.
781 2546 861 2606 Cum
882 2547 977 2624 igitur
999 2548 1130 2626 Cyrillus
1178 2549 1273 2624 dum;
1288 2567 1347 2609 nee
1367 2552 1484 2607 temere
1513 2545 1706 2624 negandum,
1733 2546 1809 2607 idem
1828 2561 1909 2623 corpus

360 2632 479 2694 tribuat
495 2637 694 2697 sacramentis
706 2637 771 2697 vim
784 2636 949 2711 vivificum,
965 2646 996 2699 et
1017 2640 1131 2701 nostris
1178 2641 1295 2720 ubique
1309 2639 1449 2701 collocari
1460 2656 1566 2719 posse:
1582 2656 1648 2698 non
1664 2638 1804 2699 eomodo
1820 2641 1910 2716 quoest

362 2726 542 2805 cerporibus
557 2728 621 2788 vim
640 2729 809 2808 quemdam
827 2731 1008 2792 seminalem
1020 2732 1131 2793 effecti·
1180 2735 1244 2813 ipse
1271 2734 1374 2807 Deus;
1400 2730 1450 2792 sed
1474 2730 1536 2812 lcpe
1561 2731 1720 2791 creatricis
1741 2736 1910 2805 ueteranos

312 2901 316 2907 v
362 2837 435 2880 vam
448 2823 693 2896 resurrectionis,
707 2824 881 2885 necessario
902 2825 990 2901 ponit
1014 2826 1049 2887 in
1071 2826 1131 2887 illis
1181 2830 1303 2900 creatae,
1315 2831 1353 2886 ut
1363 2824 1469 2889 scribit
1479 2823 1644 2884 Anselnrus
1655 2821 1681 2883 ⁸.

362 2918 507 2975 naturum
520 2915 1131 2995 infinitam,quamrooatnaturemVerbi
1221 2919 1290 2979 xit.
1319 2918 1399 2978 Nam
1413 2917 1497 2996 quod
1524 2916 1709 2976 «virtutem
1734 2914 1912 2983 vivificene

363 3005 553 3067 incarnati.»
1181 3010 1389 3072 suscitativam
1416 3009 1532 3070 mortui
1554 3007 1713 3069 infinitam
1735 3026 1796 3069 esse
1816 3007 1912 3081 dicitet

403 3097 452 3158 Ad
464 3097 542 3172 haec,
568 3123 582 3152 t
607 3099 686 3160 nihil
712 3100 788 3179 ogit,
810 3099 922 3179 inquit,
947 3102 981 3163 iu
1002 3103 1130 3173 distans,
1181 3103 1294 3164 idcirco
1308 3121 1373 3163 non
1387 3120 1475 3181 posse
1488 3101 1522 3161 in
1542 3100 1691 3179 subjectis
1705 3100 1796 3161 finitis
1807 3098 1910 3178 recipit

364 3190 449 3267 quod
462 3207 527 3250 nou
541 3191 657 3268 ugatin
672 3192 822 3253 medium.
841 3194 902 3255 Sed
917 3195 943 3254 si
957 3197 1133 3257 humanitas
1181 3196 1241 3256 hoe
1255 3196 1293 3256 de
1314 3193 1476 3274 principali
1494 3211 1596 3267 causa,
1620 3198 1652 3253 et
1675 3193 1797 3269 virtute,
1820 3209 1871 3251 non
1886 3190 1913 3248 dc

365 3281 477 3343 Christi
490 3282 524 3343 in
543 3283 620 3344 coelo
633 3289 756 3345 tantum
781 3285 898 3360 existat,
918 3306 984 3349 non
1008 3294 1079 3368 aget
1099 3289 1133 3350 in
1182 3287 1373 3363 administra,
1397 3292 1428 3348 et
1451 3287 1652 3348 instrumenti
1666 3288 1772 3349 locum
1792 3284 1913 3345 obtinente

366 3375 504 3437 medium
518 3394 633 3437 aerem.
646 3378 727 3456 Ergo
741 3379 833 3439 etiam
847 3397 913 3440 non
933 3385 1004 3459 aget
1026 3381 1133 3441 inter-
1183 3398 1239 3459 par
1267 3384 1312 3439 est
1339 3378 1444 3457 uceipi,
1475 3384 1511 3437 ut
1541 3396 1636 3459 supra
1660 3378 1858 3441 meminimus.
1878 3374 1913 3433 tu

366 3486 446 3542 ram,
471 3474 565 3548 atque
587 3470 664 3531 adeo
691 3488 749 3531 nee
780 3470 814 3531 in
849 3480 1051 3549 ermamenta,
1080 3480 1135 3534 aut
1182 3476 1289 3533 autern
1302 3489 1372 3532 caro
1386 3470 1498 3530 Christi
1506 3470 1679 3533 divinitatis
1692 3472 1912 3532 instrumentum:

367 3567 616 3641 corporanostra
640 3562 676 3622 in
701 3568 785 3624 terra
806 3563 977 3626 existentia.
991 3566 1031 3627 At
1045 3566 1136 3645 juxta
1183 3564 1267 3644 quod
1280 3563 1359 3623 libro
1374 3563 1558 3641 oetavojam
1572 3561 1913 3625 ostendimus‘2ecden·

369 3654 521 3734 Cyritium
535 3654 598 3733 ugit
615 3654 649 3714 in
662 3662 870 3730 sacramenta,
890 3662 921 3718 et
934 3675 1063 3738 corpora
1076 3678 1133 3720 no·
1184 3674 1244 3736 que
1258 3659 1523 3717 sacramentorum
1546 3662 1593 3717 est
1609 3657 1705 3718 ratio.
1722 3658 1817 3731 Quare
1833 3652 1915 3714 nucu

368 3753 442 3822 sua,
454 3747 519 3807 vim
528 3747 706 3808 vivificandi
715 3747 758 3808 eis
764 3747 966 3810 tribuendo.»
979 3751 1136 3814 Postremo
1184 3755 1230 3810 est
1240 3749 1434 3827 Anonymus,
1450 3766 1509 3810 nec
1519 3750 1788 3827 argumentatione
1796 3766 1843 3807 sua
1853 3742 1915 3823 quid

369 3845 406 3901 ut
418 3839 534 3918 ubique
563 3856 627 3900 esse
655 3840 766 3901 Christi
783 3859 894 3921 eorpus
914 3842 1092 3921 ostencutt,
1110 3846 1137 3907 si
1185 3860 1280 3920 quam
1308 3840 1411 3901 efficit.
1441 3841 1504 3903 Neo
1532 3841 1637 3901 minus
1663 3842 1767 3903 inanis
1787 3840 1857 3901 iliius
1885 3837 1916 3894 est

369 3931 525 3994 reverain
546 3938 749 4009 sacramento,
765 3938 796 3994 et
818 3935 931 3995 nostris
956 3937 1136 4015 corporibus
1185 3933 1283 4010 labor,
1308 3934 1382 3994 dum
1411 3933 1495 3994 idern
1520 3951 1632 4013 corpus
1656 3935 1798 4015 pluribus
1818 3927 1917 4004 intem

370 4024 528 4101 existisse
539 4024 664 4086 adhibet
675 4032 871 4105 argumenta,
882 4027 996 4105 quibus
1005 4030 1136 4109 probare
1186 4026 1296 4088 eodem
1312 4031 1451 4104 ternpore
1470 4024 1581 4104 probat
1603 4043 1671 4086 non
1689 4044 1778 4106 posse
1795 4018 1916 4086 eonsdhi·

373 4117 611 4178 Sacramentsrii
620 4118 802 4194 solent,non
813 4137 902 4198 posse
916 4139 1137 4200 corpusunum
1187 4118 1285 4178 Porro
1312 4117 1503 4197 ineptissima
1527 4116 1610 4178 illius
1639 4125 1689 4178 est
1716 4117 1852 4187 collectio,
1873 4126 1917 4189 qut

372 4210 407 4270 in
421 4209 562 4289 pluribus
575 4208 650 4270 locis
668 4210 762 4271 simul
787 4211 959 4291 eodemque
972 4231 1037 4275 esse
1058 4220 1136 4275 tem·
1195 4233 1211 4269 u
1222 4210 1414 4271 existentiam
1426 4208 1563 4289 eorporis
1576 4209 1692 4270 Christi
1700 4212 1734 4271 in
1747 4204 1917 4271 numeris

372 4319 457 4380 pore.
1192 4303 1268 4364 etin
1286 4301 1467 4382 corporibus
1477 4302 1590 4362 nostris
1603 4300 1917 4363 affirmatinreberest·

204 4421 351 4484 munem,
414 4397 468 4456 XI.
497 4395 571 4456 Haee
587 4412 683 4474 quam
707 4397 812 4475 inepta
830 4395 900 4473 sint,
922 4401 953 4458 et
975 4396 1137 4478 jocularia,
1193 4413 1263 4457 curn
1273 4394 1563 4456 immensitatemzu
1580 4412 1685 4473 neque
1694 4394 1919 4474 quicsitinnu·

374 4487 1139 4661 reueeeueeuueuur
1194 4486 1433 4661 cesaree
1448 4485 1808 4658 uerterent

631 4629 637 4655 ,
1002 4627 1010 4643 .
1061 4603 1140 4645 esa·
1430 4626 1440 4653 ,
1810 4624 1817 4646 2

375 4681 605 4737 crementorum
615 4673 789 4747 efficientia,
804 4678 836 4733 et
848 4674 1049 4736 Eucharistiae
1060 4694 1141 4756 prce·
1197 4691 1268 4736 nem
1279 4673 1394 4747 locum,
1408 4672 1463 4750 qui
1473 4670 1584 4749 reipsa,
1594 4676 1625 4731 et
1637 4677 1711 4733 actu
1722 4677 1777 4745 est,
1790 4674 1881 4747 suapte
1890 4664 1919 4733 ti,

376 4768 492 4842 sertim,
514 4766 685 4829 differenda
720 4765 885 4845 disputatio
908 4767 1009 4828 estin
1035 4767 1141 4830 locum
1191 4772 1222 4827 et
1235 4771 1347 4826 nature
1359 4762 1497 4843 impleat,
1511 4763 1553 4823 ita
1567 4768 1675 4824 tamen
1689 4770 1800 4825 utnon
1816 4773 1920 4823 eccon

376 4860 547 4941 proprium,
560 4859 614 4919 ubi
639 4859 677 4919 de
688 4858 895 4935 sacrementis,
916 4877 952 4919 ac
971 4859 1009 4921 de
1032 4861 1141 4940 Cyrilli
1191 4857 1403 4938 prehendatur
1415 4855 1485 4916 :sed
1498 4873 1571 4915 eum
1586 4855 1690 4933 potius
1703 4857 1862 4917 contineat:
1872 4856 1921 4910 un

376 4953 571 5031 aliorumque
596 4957 737 5012 ueterum
761 4951 907 5031 opinione
928 4950 981 5012 illa
1012 4951 1142 5014 dissere·
1191 4957 1238 5024 ut,
1255 4951 1280 5011 si
1292 4949 1361 5029 quis
1379 4966 1479 5009 novus
1498 4947 1611 5025 aliquis
1630 4947 1742 5009 existat
1760 4944 1922 5023 lucus,hu1n

376 5064 457 5107 mus.
486 5046 575 5105 Nunc
602 5044 873 5106 anidmavertenda
910 5049 956 5105 est
984 5044 1141 5124 Anonymi
1190 5044 1294 5123 ipsum
1314 5041 1422 5102 cadem
1444 5044 1552 5118 suapte
1579 5040 1611 5098 vi
1637 5046 1778 5119 occupet.
1793 5041 1850 5100 Hoc
1869 5046 1922 5093 reru

376 5137 471 5199 stulta
495 5135 697 5210 ratiocinatio,
714 5136 768 5216 qui
782 5134 985 5217 ubiquitatem,
998 5140 1029 5197 et
1049 5139 1142 5196 ornei·
1190 5153 1262 5196 eum
1282 5134 1369 5195 nullo
1387 5149 1515 5209 corpore
1534 5132 1759 5192 communicari
1771 5134 1872 5212 potue
1887 5136 1922 5184 u-

374 5228 561 5312 proescntium
588 5229 742 5307 operantis
768 5229 802 5289 in
830 5229 1009 5295 horninibus
1039 5229 1140 5290 carnis
1190 5226 1281 5288 metsi
1302 5225 1506 5288 concedamus
1531 5223 1564 5283 in
1583 5223 1671 5283 omni
1684 5225 1806 5302 penitus
1822 5223 1878 5282 locu
1891 5215 1923 5274 d'r

377 5321 501 5391 Christi,
509 5339 548 5382 ex
560 5320 619 5381 bac
629 5322 695 5400 ejus
705 5322 883 5400 operatione
891 5340 956 5382 non
968 5321 1057 5382 aliter
1066 5340 1138 5401 pro·
1194 5321 1265 5381 vina
1288 5319 1405 5381 virtute
1429 5315 1634 5378 constitutum
1654 5333 1724 5378 esse
1751 5315 1878 5396 mudum,
1897 5310 1924 5366 1¹1

405 5531 415 5573 t
428 5529 480 5585 Cap.
495 5539 517 5581 r,
528 5536 551 5572 u
560 5531 582 5573 et
593 5537 633 5572 ru.
645 5548 668 5560 -
685 5531 698 5569 2
710 5527 764 5583 sup.
777 5537 825 5582 cup.
836 5536 862 5572 u.
873 5522 923 5568 -8
933 5525 1007 5571 Anca.
1017 5544 1045 5558 ι·
1055 5523 1189 5571 tiron·
1201 5524 1215 5567 t
1226 5523 1297 5582 Supra
1310 5534 1360 5580 cap.
1373 5534 1403 5577 n,
1416 5522 1433 5579 ς
1446 5523 1517 5568 tu·
1526 5523 1542 5570 C
1551 5523 1605 5579 Cep.
1615 5532 1653 5573 xa.
1662 5530 1741 5577 pene
1751 5519 1764 5565 t
1773 5524 1793 5565 et
1802 5526 1842 5572 nc-
