3936 6152
535 378 586 440 DE
603 378 908 456 INGARNATIONE,
929 380 1002 441 ΗΒ.
1023 381 1061 457 Χ,
1086 378 1171 443 CAP.
1192 381 1236 441 X.
1608 381 1668 441 ⁴07

73 537 261 621 philosophi
282 542 464 622 loquuntur,
488 543 689 623 replicatione
713 546 772 606 sui.
790 547 851 607 Sed
901 545 940 606 ab
952 564 989 606 eo
1003 544 1293 606 calumniemistom
1311 544 1468 624 Anonymi
1482 542 1620 624 depellit,
1633 562 1669 605 ao

76 632 168 692 enim
190 633 305 713 oppido
327 635 456 697 ridicule
479 643 552 698 sunt
575 644 758 713 arguments
785 639 849 712 ills,
901 638 1052 698 mendacii
1069 640 1183 716 arguit,
1200 636 1284 715 quod
1298 636 1336 697 de
1348 637 1478 715 integre,
1503 643 1534 698 et
1549 635 1668 698 sineere

78 736 155 797 que
167 743 206 786 ex
224 728 315 788 trivio
336 730 477 807 sumpsit,
501 733 538 788 ut
557 730 667 808 probet
686 731 770 791 idem
783 750 851 792 eor·
901 731 983 791 illius
1005 730 1066 789 fide
1085 728 1159 789 olibi
1171 728 1461 802 demonstravimus,
1477 732 1513 788 ut
1529 729 1563 788 in
1586 728 1666 790 libro

79 826 142 888 pus
160 817 303 894 pluribus
326 820 360 879 in
383 820 459 881 loeis
478 839 543 882 esse
567 840 633 882 non
664 841 763 901 posse.
791 824 851 885 Sed
901 827 966 883 toto
983 822 1047 882 fere
1066 825 1163 894 sexto,
1179 826 1210 880 et
1232 821 1265 880 in
1285 820 1379 899 hujus
1397 820 1495 900 eapite
1509 822 1664 882 secundos

85 919 150 968 non
165 915 210 970 ost
229 913 390 989 praesentis
413 912 544 973 instituti
566 916 743 993 questionis
756 915 851 995 hujus
901 914 955 974 ubi
980 918 1105 973 naturas
1127 912 1234 972 ambos
1255 931 1273 972 a
1293 931 1325 972 se
1353 918 1462 973 mutuo
1477 912 1664 991 differentes,

94 1003 242 1063 metato:
273 1022 345 1083 quoi
377 1004 495 1084 alioqui
528 1007 701 1086 philosophi
734 1011 847 1087 potius,
900 1006 1109 1067 selvisearunr
1124 1004 1374 1083 proprietatibus,
1392 1004 1432 1066 eb
1448 1004 1664 1084 Cyrilloagni-

97 1111 180 1172 quam
202 1096 353 1176 theologi3
381 1116 500 1173 curem,
526 1116 561 1159 oo
596 1099 849 1179 disceptationem
900 1106 945 1160 tas
972 1116 1036 1159 esse
1063 1097 1139 1157 oltra
1168 1096 1394 1174 domusionem,
1426 1103 1457 1158 ot
1484 1097 1665 1160 alterutrius

96 1186 214 1265 requirit
899 1192 1060 1261 damnum,
1076 1207 1115 1249 ex
1129 1188 1196 1267 ejus
1209 1188 1321 1265 verbis,
1336 1208 1371 1250 so
1382 1190 1544 1250 sententiis
1558 1195 1664 1250 osten-

133 1280 295 1358 Postremo,
317 1282 401 1360 quod
414 1283 452 1343 ad
467 1282 618 1363 cyrillum
639 1283 758 1359 attinet,
776 1284 849 1345 setis
899 1283 1014 1344 dimus.
