4076 6180
328 360 387 422 632
830 357 1160 424 Tunetemcuuttu
1182 356 1405 421 DOGMATUM

331 534 362 591 et
385 528 473 606 cujus
491 526 589 603 gratia
612 544 652 586 ne
667 526 793 607 proprio
807 525 934 605 quidem
956 524 1020 586 filio
1042 542 1100 605 pe·
1153 543 1261 586 omnes
1287 531 1361 586 sunt
1390 525 1516 587 murare.
1545 547 1561 584 ν
1593 526 1687 588 Addit
1721 526 1913 607 Euthymios,

331 619 428 703 percit
442 619 568 680 Putert.
589 640 604 676 ν)
624 620 716 691 Τοιιι,
734 620 868 699 «Cogita
881 618 964 699 quod
979 636 1034 695 pro
1049 617 1101 677 illo
1155 639 1171 676 ο
1196 616 1374 698 frequenter
1401 618 1592 699 Scripturum
1612 618 1715 680 meltis
1738 620 1838 682 dicere
1860 638 1915 697 pro

331 729 456 792 quoque
480 715 621 771 mortuus
635 716 681 772 est
694 711 842 787 Christus,
858 717 888 772 et
907 710 967 772 hoc
988 709 1044 770 tibi
1063 709 1103 771 ad
1152 710 1294 771 erunibus.
1303 712 1407 790 ltaque
1421 730 1479 790 pro
1493 711 1636 775 omnibus
1647 712 1775 773 tradidit
1783 712 1917 772 animam

333 804 435 866 omnis
455 804 487 864 iu
502 821 576 864 eum
588 804 789 884 prouidentiae
802 808 1021 882 argumentum
1040 802 1103 863 sul·
1153 821 1253 876 suam,
1271 820 1441 882 omnesque
1454 804 1606 880 redemit3
1630 822 1812 884 quanquam
1831 803 1919 864 multi

333 896 424 959 ficiet.
461 894 578 973 Cogita,
620 895 735 975 inquit,
766 895 892 975 qualem
922 895 1011 955 illum
1039 912 1105 955 esse
1153 913 1209 956 sua
1237 900 1347 975 sponte
1367 895 1401 955 in
1420 896 1566 957 servitute
1590 901 1817 965 remanserunt,
1844 897 1918 957 alle

334 993 485 1069 oporteat,
504 1005 599 1067 quem
623 989 702 1048 tanti
720 987 858 1050 Christus
873 987 1047 1063 aestimarit,
1070 991 1106 1047 ut
1155 1006 1217 1067 qua
1231 1005 1344 1048 rocam
1356 988 1583 1067 permutatione
1602 989 1673 1050 uide
1691 1008 1762 1069 quae
1776 988 1917 1068 Augusti·

334 1099 375 1142 ne
396 1099 451 1141 suo
470 1080 597 1159 quidem
617 1080 761 1159 sanguini
782 1081 964 1160 pepercerit.
984 1105 997 1133 ν
1018 1080 1105 1153 Quod
1155 1097 1216 1140 nus
1230 1084 1337 1140 eoutm
1350 1080 1513 1141 Juliauum
1523 1081 1644 1142 disserit
1653 1082 1686 1141 in
1699 1081 1779 1142 libro
1790 1081 1919 1143 secundo

336 1174 420 1234 idam
442 1179 669 1233 asseverantem
690 1173 892 1234 Ambrosium
919 1171 1012 1252 paulo
1038 1176 1107 1252 post
1157 1172 1260 1251 operis
1273 1172 1599 1252 imperiectiadrersus
1612 1173 1743 1253 ipsum⁸.

337 1266 509 1329 audiemus.
523 1265 621 1327 Multa
634 1265 695 1325 ulia
708 1265 917 1345 chrysostomi
934 1266 1001 1325 loca
1014 1265 1108 1324 refert
1197 1264 1329 1343 Cyrillus
1368 1264 1595 1327 Alexandrinus
1638 1266 1719 1327 libro
1760 1267 1858 1347 primo
1892 1266 1921 1325 iu

338 1358 523 1420 Hinemarus
547 1358 626 1417 libro
651 1359 688 1418 dc
711 1356 983 1424 Proedestiuutioae,
1006 1356 1105 1435 eapite
1157 1355 1320 1418 loannem:
1345 1357 1470 1418 ludaeos
1490 1359 1617 1438 perinde
1640 1378 1676 1419 ae-
1690 1359 1841 1438 gentiles:
1861 1360 1920 1418 imo

337 1466 455 1525 xxxur,
477 1468 547 1531 qua
561 1449 670 1511 eodem
681 1456 829 1529 spactant.
1159 1448 1257 1510 multo
1273 1450 1372 1528 magis
1386 1450 1418 1509 in
1439 1450 1528 1530 culpa
1542 1451 1611 1512 illos
1630 1470 1696 1513 esse
1709 1452 1796 1529 dicit,
1815 1474 1827 1509 ι
1843 1450 1921 1531 quud

379 1542 517 1604 Asterius
536 1543 707 1603 Amasenus
721 1542 881 1622 episeopus
905 1543 936 1600 in
951 1540 1106 1602 Eruitur-tc-
1160 1559 1243 1609 eum,
1255 1542 1310 1620 qni
1329 1542 1369 1601 ad
1380 1544 1524 1604 omnium
1546 1543 1676 1606 salutem
1690 1551 1829 1618 venerat,
1849 1545 1921 1605 reei-

339 1639 417 1695 tiene
430 1632 696 1715 admirantium,
717 1656 732 1693 a
755 1635 915 1713 Εςςονοιο,
931 1634 1043 1713 inquit,
1059 1652 1108 1693 ar·
1159 1634 1435 1713 perenolnerunt:
1458 1636 1512 1716 qui
1535 1637 1628 1699 fidem
1653 1639 1806 1700 eoelorum
1832 1655 1922 1715 reguo
1964 1674 1967 1679 «

340 1728 449 1799 bitror.
464 1729 482 1789 J
486 1727 581 1789 udam
602 1728 801 1805 proditorem,
825 1726 884 1788 uisi
897 1727 957 1787 cito
971 1727 1036 1807 ipse
1053 1726 1110 1786 sibi
1160 1733 1412 1788 remuneraretur
1427 1738 1448 1789 ⁰.
1464 1750 1480 1785 ν

341 1819 478 1881 carnilex
496 1819 676 1895 exstitisset3
701 1820 754 1880 sed
771 1819 810 1880 ad
824 1825 938 1880 terram
957 1819 1108 1895 accidens,
1202 1820 1240 1878 Et
1266 1819 1299 1878 in
1322 1818 1403 1880 libro
1429 1821 1595 1882 undecimo
1618 1821 1654 1884 de
1674 1822 1754 1886 luda
1778 1821 1925 1903 proditore

342 1912 584 1977 misericordium
609 1911 814 1991 implorasset,
851 1912 1034 1991 neutiquam
1057 1931 1110 1972 ex·
1162 1910 1395 1988 terrefaciens,
1419 1913 1558 1989 primum
1571 1919 1614 1975 ait
1631 1916 1735 1995 ipsum
1760 1915 1924 1976 exeusatio-

343 2003 1110 2089 pertemlaturumiuisse‚miserationumillarum,
1163 2020 1237 2064 uem
1256 2003 1372 2064 habere
1397 2005 1516 2067 nullam
1528 2025 1567 2067 ex
1589 2026 1637 2082 eo,
1654 2009 1738 2088 quod
1750 2008 1927 2088 praedictum

344 2114 415 2179 quae
428 2113 653 2176 superomuem
666 2102 781 2157 terram
795 2097 1002 2157 exundarent.
1020 2096 1112 2175 Cujus
1164 2095 1202 2155 de
1224 2095 1277 2154 illo
1291 2095 1400 2172 iuerat,
1416 2099 1605 2159 tradendum
1618 2100 1657 2160 ab
1672 2103 1739 2180 ipso
1758 2120 1824 2163 esse
1846 2101 1927 2162 Chri-

344 2188 960 2267 reiargumentosumilli‚quiexeorum
969 2197 1111 2265 numero,
1164 2194 1291 2249 stumu
1318 2189 1437 2269 Quippe
1456 2189 1528 2252 lieet
1546 2193 1606 2254 hoc
1624 2193 1662 2254 de
1684 2213 1718 2255 se
1744 2195 1927 2274 praenuntia·

345 2280 402 2360 qui
432 2281 586 2343 Christum
616 2282 858 2354 crucifixerunt,
901 2282 1115 2361 poenitentiam
1165 2286 1233 2341 tum
1262 2299 1327 2341 esse
1355 2281 1523 2359 didicisset,
1552 2284 1673 2347 licuisse
1701 2293 1806 2349 tamen
1834 2290 1873 2363 ei,
1906 2288 1930 2348 si

347 2379 483 2452 agnitas,
504 2393 559 2454 per
572 2391 641 2434 eam
660 2377 733 2435 sunt
750 2373 880 2434 sulutem
895 2373 1080 2435 eorrsecutil.
1096 2395 1111 2431 o
1166 2372 1269 2449 vellet,
1291 2372 1428 2435 ‹leritara
1449 2377 1518 2452 lior,
1534 2385 1565 2437 et
1584 2397 1701 2453 curere,
1717 2400 1790 2441 curu
1806 2381 1931 2443 liberam

350 2465 384 2526 Si
397 2465 493 2526 Judas
515 2484 598 2526 nnus
621 2484 659 2527 ea
681 2466 821 2545 reprobis
839 2466 971 2526 salutem
989 2466 1118 2546 adipisci
1166 2465 1294 2526 heberet
1308 2470 1683 2547 quamcumqncvelletiu
1697 2480 1816 2552 partem
1829 2475 1931 2536 uolnu-

348 2557 451 2643 potuit
473 2576 529 2636 per
552 2558 664 2619 Christi
690 2559 819 2632 merita3
842 2576 967 2619 necesse
991 2565 1037 2618 est
1061 2575 1117 2638 pro
1167 2558 1239 2619 tatis
1253 2558 1508 2621 inclinationem!
1512 2607 1518 2621 .
1539 2583 1555 2620 o
1584 2564 1644 2624 Sed
1668 2583 1725 2625 nce
1745 2567 1791 2626 illi
1804 2567 1931 2627 defuisse

349 2651 418 2731 ipso
441 2667 568 2731 passum
601 2667 666 2712 esse
706 2650 957 2729 Redemptorem.
993 2650 1119 2729 Alioqui
1169 2650 1208 2711 ad
1233 2650 1454 2712 declinandum
1490 2652 1667 2733 hujusmodi
1702 2657 1799 2718 scelus
1828 2659 1932 2720 idonea

349 2742 438 2807 nullo
463 2748 553 2824 pacto
579 2743 691 2804 salvari
718 2743 886 2822 potuisset:
916 2742 1013 2802 nihilo
1039 2747 1120 2802 certe
1172 2741 1338 2803 Salvatoris
1353 2743 1478 2821 alludia,
1500 2747 1629 2825 perinde
1651 2767 1688 2809 ac
1701 2751 1818 2811 caeteris
1831 2770 1933 2832 suppa

350 2836 460 2915 magis,
482 2854 575 2916 quam
594 2835 734 2899 diabolus
750 2835 829 2917 ipsc3
854 2834 892 2895 ud
913 2853 1006 2915 quem
1021 2834 1121 2915 passio
1170 2834 1468 2916 tubant‚puulopost
1482 2837 1626 2899 ullhmat.
1639 2843 1751 2915 «Quod
1762 2843 1931 2923 siparium,

351 2926 405 2994 illa
425 2930 571 3008 pertinet.
1172 2927 1225 2999 eit,
1242 2933 1334 3005 atque
1354 2927 1417 3002 alii,
1434 2934 1466 2989 et
1480 2949 1518 2990 er
1533 2950 1622 3011 mque
1640 2952 1708 2994 eum
1720 2933 1804 3013 ipsis,
1827 2936 1933 2996 divine

392 3021 469 3087 Cum
483 3022 542 3084 hoc
559 3020 794 3104 Amphilochius
809 3020 863 3100 (sie
884 3020 968 3081 euim
986 3016 1123 3080 inscribi·
1172 3019 1279 3096 gratim
1304 3019 1414 3099 opibus
1445 3022 1603 3100 praeditus,
1633 3026 1759 3106 proprie
1780 3027 1933 3088 rolrrutute

352 3112 414 3194 turi
447 3114 667 3176 concordatin
695 3112 822 3173 homilia
845 3115 877 3171 io
904 3111 1122 3172 Percurrirenr:
1174 3111 1207 3170 in
1221 3112 1307 3171 exitii
1330 3112 1511 3174 barathrum
1532 3115 1673 3196 delapsus
1693 3128 1760 3179 est:
1785 3120 1934 3199 quomodo

353 3206 410 3270 ubi
433 3207 590 3269 Christum
605 3206 722 3268 inducit
742 3205 785 3265 ita
800 3222 872 3265 erim
896 3206 978 3266 iuda
993 3205 1123 3284 loquen-
1174 3222 1327 3265 nonaum
1347 3223 1483 3267 servasse
1503 3206 1616 3269 dieitur
1636 3211 1786 3287 Christus,
1802 3215 1859 3292 qui
1872 3232 1935 3274 rou·

354 3306 438 3365 tem:
455 3321 470 3357 ιι
488 3302 597 3379 Egeta
611 3299 769 3379 quideme
785 3302 909 3377 peecata
922 3298 1048 3378 proprio
1058 3315 1126 3358 san-
1175 3302 1322 3358 seutanea
1333 3296 1516 3377 benignitati
1528 3319 1592 3362 suta
1606 3301 1647 3362 illi
1664 3305 1804 3382 praesidia
1815 3306 1935 3385 largitm

355 3393 450 3472 gutna
475 3393 617 3454 redimo;
645 3398 681 3453 tu
703 3409 778 3454 uero
799 3408 851 3453 me
873 3390 999 3471 triginta
1029 3390 1127 3453 obolis
1176 3393 1222 3449 cst
1236 3408 1243 3449 :
1259 3395 1290 3452 et
1309 3397 1462 3470 quantum
1483 3394 1523 3454 ad
1545 3396 1672 3455 carendi
1697 3398 1812 3474 pcccati
1830 3398 1935 3460 auxilia
2015 3392 2016 3423 ³

354 3486 523 3548 reuersa.»
1177 3499 1320 3544 concessa
1340 3483 1485 3563 pertinet,
1515 3485 1675 3549 homiuem
1698 3489 1858 3567 liberavit3
1883 3488 1934 3551 nisi

395 3579 447 3640 tv.
472 3579 537 3641 Hoc
558 3577 661 3657 ipsum
685 3583 716 3638 et
738 3576 836 3638 Graeci
858 3576 1043 3653 interpretes
1054 3593 1126 3636 sen-
1176 3575 1308 3655 ipsemet
1328 3577 1461 3656 propriae
1474 3583 1552 3639 ntrtu
1569 3579 1739 3642 voluntatis
1755 3582 1873 3644 malum
1885 3581 1934 3642 sihi

358 3671 455 3747 tiunt,
472 3670 732 3750 Theophylaetus‚
749 3674 780 3730 et
793 3668 978 3748 Euthymios
991 3668 1024 3727 in
1043 3686 1127 3728 com·
1177 3666 1259 3735 ultro
1283 3667 1360 3730 illud
1380 3670 1569 3733 arcesseret?
1589 3673 1627 3732 In
1640 3672 1707 3734 aliis
1728 3682 1811 3736 certe
1838 3675 1935 3755 gralia

357 3764 568 3824 mentdriisud
593 3760 733 3823 Matthaei
756 3770 849 3842 eaput
862 3759 1057 3833 vicesimum,
1073 3759 1128 3822 ubi
1178 3759 1323 3840 splendor
1348 3760 1456 3838 eluxit,
1484 3780 1555 3841 quen
1582 3770 1732 3845 perpetuo
1754 3766 1935 3829 conservarit

358 3855 500 3916 Christus
512 3855 632 3916 reuisse
648 3873 680 3915 se
694 3855 781 3929 dicit,
793 3852 864 3914 dere
885 3852 1015 3913 uniruam
1028 3869 1128 3925 sautu,
1178 3870 1241 3927 eoa,
1255 3852 1308 3932 qui
1328 3852 1461 3913 liberum
1482 3872 1575 3916 suum
1589 3856 1754 3919 arbitrium
1774 3859 1813 3920 ad
1835 3876 1935 3938 coepe

355 3946 578 4029 reduuptionem
591 3966 651 4027 pro
664 3945 804 4022 mutte¹;
820 3964 890 4026 quae
913 3947 956 4006 sic
969 3948 1129 4025 exponunt
1177 3945 1309 4005 randum
1334 3944 1379 4006 illi
1396 3946 1627 4025 qrrodammodo
1655 3950 1773 4011 socium
1795 3952 1934 4032 prestita

358 4041 415 4121 illi,
431 4043 570 4108 etmulti
583 4061 641 4128 pro
653 4041 1005 4122 omnibususurpautur.
1025 4040 1129 4101 «Nam
1178 4042 1262 4101 utut.
1286 4038 1352 4100 Hoc
1376 4038 1461 4102 enim
1478 4039 1571 4102 modo
1594 4041 1838 4127 uuiuscujusque
1863 4042 1935 4105 salus

2014 4072 2015 4101 l

392 4273 600 4328 curaremur.
613 4266 644 4332 v,
660 4265 736 4320 bom.
749 4279 791 4320 tx.
804 4261 865 4317 Οόδὲ
875 4261 922 4334 γὰρ
932 4255 1005 4315 τοῦτο
1015 4260 1123 4326 ἐσκόπει,
1175 4265 1226 4314 τῶν
1240 4260 1445 4332 στανριοσόντων,
1457 4258 1502 4314 ’καί
1515 4259 1568 4331 tiit:
1575 4263 1696 4337 σωτηρίας
1704 4262 1747 4319 ert
1758 4269 1801 4335 τῆς
1816 4266 1933 4339 μετανοίας

357 4360 395 4414 ὅτι
410 4351 445 4420 εἷς
458 4352 488 4425 ἦν
510 4353 524 4410 ό
542 4351 670 4425 ἁμαρτὼν,
689 4347 730 4402 καί
753 4348 868 4417 δεόμενος
888 4345 1049 4418 προστασίας,
1070 4343 1127 4397 ἀλλ’
1177 4341 1381 4400 dectrectaret.

358 4444 396 4500 ότι
408 4433 582 4513 ἅνόρτοτοςῆν,
594 4434 719 4506 ἄνθρωπος
732 4431 761 4485 τό
775 4436 810 4503 τῷ
825 4430 872 4501 θεῷ
886 4430 1035 4501 τιμιώτατον
1049 4430 1125 4496 ζῶον,
1213 4442 1228 4483 c
1247 4427 1362 4483 Auente.
1385 4427 1431 4480 ίίαί
1447 4426 1495 4501 ἐγὼ
1508 4430 1552 4501 μέν
1566 4449 1594 4483 σε
1607 4436 1651 4499 τῆς
1673 4431 1794 4506 ἁμαρτίας
1812 4439 1849 4506 τῷ
1861 4432 1933 4505 01„sp

357 4525 399 4582 καί
411 4525 444 4578 δι’
454 4525 482 4578 όν
494 4520 549 4575 etet
563 4523 607 4574 τοῦ
621 4519 765 4590 μονογενοῦς
775 4514 789 4567 ό
798 4512 883 4585 Πατὴρ
897 4511 1020 4585 ἐφείσατο.
1178 4509 1288 4583 ὠνοῦμαι
1303 4512 1398 4584 αίματι.
1414 4513 1443 4566 σίν
1459 4511 1485 4566 δὲ
1500 4511 1530 4585 μὶ
1540 4515 1671 4587 τριάκοντα
1681 4514 1932 4587 ἄντεμτολιῖςόόολῶν,

395 4606 463 4663 lbid.
488 4604 623 4672 Ἐννόησον
639 4602 677 4656 ότι
694 4598 734 4653 καί
754 4596 815 4669 {sulp
837 4596 925 4651 τοότοο
941 4595 1045 4668 Χριστός
1067 4594 1127 4651 ἀτί·
1214 4594 1411 4653 dTueorutt.
1431 4596 1546 4653 Τοοτέστι
1574 4599 1683 4657 πάντων.
1716 4600 1740 4657 σί
1767 4600 1814 4675 γὰρ
1841 4602 1932 4665 πόνοις,
2013 4662 2014 4675 ¹

359 4693 426 4755 θανο,
446 4690 486 4744 καί
501 4687 573 4761 ἀρκεῖ
587 4706 627 4741 σοι
640 4687 715 4739 τοῦτο
736 4680 769 4744 εἰς
784 4680 863 4749 πάσης
879 4680 994 4752 προνοίας
1005 4678 1127 4734 ότόόεσιν.
1177 4678 1278 4734 πολλοί.
2013 4704 2014 4765 p

361 4773 474 4844 ἐννόησον
498 4772 583 4827 ότοῖόν
609 4786 664 4822 τινα
688 4763 778 4820 taetros
803 4758 866 4817 εἶναι
884 4761 944 4837 γμὴ,
963 4764 991 4817 όν
1012 4762 1129 4817 τοσούτου
1215 4763 1636 4822 ectuttt..Atux.ltn,100n,
1660 4765 1819 4825 ’malm
1837 4770 1933 4841 m

361 4860 468 4932 Χριστός
487 4855 630 4931 ἐτιμήσατο,
645 4852 679 4917 όνς
695 4849 755 4924 μηδὲ
774 4852 818 4905 τοῦ
834 4847 938 4922 αἵματος
951 4845 1129 4921 paternianos
1181 4846 1242 4920 μετὰ
1267 4848 1372 4921 σαρκός,
1393 4849 1434 4903 καί
1452 4847 1492 4903 ἐντί
1519 4851 1628 4922 σωτηρίᾳ
1645 4852 1746 4906 πάντων
1765 4851 1933 4925 ότιόημήσσντιι

363 4944 459 5001 heroi.
1179 4929 1263 4989 λαότῖν
1286 4929 1330 4988 οὖν
1349 4930 1456 5000 tiriaca,
1485 4931 1529 5001 cir
1551 4939 1601 4990 τῶν
1623 4931 1735 5008 οὐρανῶν
1759 4935 1878 5010 βωιλιίσν
1897 4937 1933 5003 τῆς

400 5029 531 5083 hisrau.
564 5021 638 5093 apud
670 5019 748 5077 Plrot.
781 5015 843 5074 cod.
878 5030 981 5071 uteru.
1013 5013 1084 5087 'lipia
1105 5011 1131 5070 a
1180 5013 1461 5077 σίστεωςόντιοιδόντα.

363 5112 468 5185 νομίζω,
482 5111 520 5165 ότι
534 5107 574 5164 καί
593 5103 717 5169 ’robert
730 5101 860 5177 προδότης,
872 5097 893 5156 el
902 5097 935 5174 μὴ
952 5098 1046 5172 ταχέως
1059 5095 1132 5163 οὗτός
1218 5097 1239 5174 f
1254 5098 1337 5158 idem,
1354 5099 1395 5172 Τῷ
1405 5098 1452 5173 γὰρ
1462 5094 1534 5160 reiro
1548 5101 1648 5175 μαθόντι
1662 5102 1738 5176 ptris
1751 5105 1827 5173 δήνεσι
1839 5104 1931 5167 πόντοι,

366 5196 451 5255 terrui
462 5193 557 5268 ἐγένετο
573 5191 668 5264 δήμιος,
683 5186 828 5262 προσπεσὼν
843 5183 870 5241 di
886 5183 927 5240 τὀν
948 5180 1016 5239 ἔλεον
1031 5183 1131 5257 ᾔτησεν,
1183 5180 1250 5257 timp
1270 5181 1401 5255 όόονλίςόη,
1420 5184 1462 5241 τισί
1482 5185 1672 5260 asperrimum,
1696 5187 1739 5243 ael
1757 5183 1931 5261 ονλόξσσίσσό

365 5279 410 5338 οὖν
433 5282 462 5337 όν
486 5283 535 5335 τῶν
556 5274 687 5349 οἰκτιρμῶν
707 5277 757 5328 τῶν
779 5269 858 5340 πόσης
881 5266 1067 5344 ότιρχιομίνινν
1089 5271 1133 5336 τῆς
1182 5266 1278 5333 aetra,
1302 5267 1473 5345 προαιμιιοιὴν
1494 5268 1578 5347 ἔχοντι
1602 5269 1646 5344 ste
1665 5268 1703 5349 tp·
1719 5274 1780 5349 amp
1793 5274 1821 5330 p„
1835 5272 1931 5347 poam
2012 5326 2013 5329 Ἴ

367 5363 507 5440 οίιιονμίνης
519 5360 653 5435 όστόχησι.
672 5358 803 5431 τινιμήριον
820 5351 847 5410 tt
861 5351 886 5408 οί
898 5353 1089 5428 μντανοήσαντντ
1108 5347 1134 5408 bt
1184 5347 1270 5426 ροιτόν.

397 5565 410 5607 t
422 5561 496 5608 latit.
511 5569 547 5611 ιι,
557 5558 591 5603 u.
600 5577 629 5590 -
638 5554 653 5601 2
663 5551 785 5599 Pronum
796 5562 845 5608 erp.
857 5560 931 5596 erun
942 5554 964 5594 ct
976 5559 1022 5604 seq.
