4076 6180
15 540 42 571 in
56 528 80 571 tn

15 583 81 636 apte

15 636 63 689 qual

15 692 106 739 romane

15 753 37 785 re
50 743 105 786 solet

551 365 600 425 DE
621 361 925 433 INCARNATIONE,
949 359 1020 420 uu.
1044 360 1124 427 Xlll,
1151 357 1234 420 CAP.
1258 360 1310 419 lv.

131 525 194 599 bet,
220 526 302 605 quod
329 526 444 607 epponi
471 526 560 603 solet,
601 527 743 607 exemplo
768 525 899 585 ludima-

130 619 230 696 gistri,
245 618 300 697 qui
314 619 443 679 civitatis
457 620 632 700 cujuspiam
655 621 771 680 incolas
793 635 901 678 omnes

130 711 242 771 docere
263 712 386 787 dicitur,
412 718 442 773 et
461 732 524 792 quo
540 714 638 772 utitur
658 713 850 790 Augustinus
861 710 899 769 ad

129 802 208 863 illud
229 804 456 882 explicandum,
472 805 517 865 Et
536 813 622 865 emeat
644 823 739 864 amires
760 803 900 864 docibiles

129 894 189 955 Dei
199 892 207 927 ¹
226 914 233 955 :
249 896 323 972 sive,
348 901 383 956 ut
396 898 479 977 apud
502 898 614 958 Isaiam
638 898 751 973 legitur
765 895 788 964 ²,
814 896 898 956 riade

129 987 270 1047 Christus
284 990 418 1067 aceepit:
438 989 476 1049 Et
496 993 645 1051 traicerent
659 988 740 1071 filios
753 997 815 1049 teos
833 987 899 1050 dcc-

127 1087 172 1139 tos
181 1078 343 1142 allomr'rao.
356 1082 589 1161 Neergodoceri
603 1101 722 1158 omnes,
735 1083 764 1143 id
774 1087 896 1160 estgre·

126 1171 171 1232 tia
186 1173 483 1235 excitanteconverti
503 1176 753 1254 putetaliquisex
765 1175 897 1254 illapra-

126 1264 249 1342 phetiea
264 1267 433 1342 sententie3
445 1267 477 1327 id
487 1267 669 1329 itadeelarat
683 1267 894 1345 Augustinus:

97 1401 100 1406 .
130 1377 143 1411 a
168 1357 256 1418 Sicut
270 1376 345 1437 ergo
367 1359 486 1438 integre
500 1359 670 1439 loquimur,
695 1378 767 1421 cum
782 1360 820 1420 de
839 1359 896 1421 ali·

125 1466 191 1527 quo
211 1448 385 1510 litterarum
400 1453 546 1529 magistro
560 1453 613 1532 qui
628 1454 660 1513 in
679 1452 799 1513 civitate
814 1453 897 1513 sulus

125 1546 184 1615 est,
200 1540 353 1618 dicimus;
377 1544 490 1604 Omnes
511 1545 569 1605 iste
588 1545 638 1605 hic
652 1545 770 1605 litteras
788 1546 893 1606 siccet:

124 1649 192 1692 non
210 1635 285 1712 quia
299 1653 408 1696 omnes
421 1635 557 1711 diseuut3
575 1637 626 1697 sed
640 1637 712 1716 quia
730 1656 823 1698 nemo
837 1639 896 1698 nisi

123 1722 166 1783 ab
189 1724 242 1786 illo
257 1725 355 1796 discit,
377 1728 566 1807 quicumque
592 1729 637 1790 ibi
651 1730 767 1790 litteras
787 1730 893 1790 discit:

123 1815 170 1877 ita
183 1824 266 1878 recte
286 1819 428 1895 dicimus,
458 1823 572 1882 Omnes
592 1824 673 1882 Deris
688 1823 776 1884 docet
790 1823 896 1884 venire

122 1909 163 1968 ad
178 1909 346 1987 Christum,
372 1931 436 1973 non
456 1914 529 1993 quia
550 1933 659 1975 omnes
678 1915 826 1990 ueniunt3
844 1915 895 1976 sed

123 2002 198 2079 quin
221 2020 314 2063 neme
325 2003 416 2064 aliter
427 2006 523 2067 venit.
540 2028 555 2063 a
574 2008 719 2068 Eamdem
740 2025 897 2087 eompara-

121 2093 243 2154 tionem
254 2096 382 2173 adhibet
392 2098 425 2158 in
444 2099 523 2160 libro
538 2101 673 2161 secundo
686 2099 720 2160 de
734 2100 859 2178 Nuptiis
870 2100 891 2167 ³,

121 2185 182 2245 snb
201 2186 295 2248 finem
312 2190 418 2269 eapitis
443 2193 729 2272 vicesimi-septimi,
756 2193 794 2253 ad
817 2193 894 2254 illud

123 2278 275 2356 Apostoli,
300 2282 384 2359 quod
414 2285 507 2362 paulo
541 2292 612 2346 ante
638 2286 891 2361 commemoravi,

123 2369 178 2429 ubi
194 2370 226 2430 in
241 2390 350 2433 omnes
359 2375 403 2435 ait
416 2376 569 2437 transiisse
579 2377 829 2455 justificetionem
840 2397 894 2457 per

123 2460 291 2535 Christum,
309 2464 432 2527 sieutin
445 2486 554 2529 omnes
568 2470 690 2530 transiit
711 2457 895 2530 corrdemnal

123 2554 167 2613 tio
181 2572 239 2633 per
252 2556 348 2616 unius
369 2558 528 2634 delictum,
543 2562 631 2634 Quod
655 2561 699 2622 sie
722 2561 895 2640 intelligen-

122 2646 201 2705 dum
215 2647 333 2720 asserit,
350 2655 386 2709 ut
399 2669 491 2711 nemo
512 2652 574 2712 nisi
593 2671 648 2731 per
662 2653 819 2714 Christum
838 2655 892 2733 ju-

122 2738 265 2800 dicetur:
281 2740 360 2800 sieut
379 2743 413 2802 in
435 2743 487 2804 illa
506 2745 628 2806 civitate
649 2763 741 2807 nemo
765 2748 825 2807 nisi
839 2767 893 2827 per

121 2831 254 2892 unicum
269 2830 363 2893 istum
385 2834 639 2916 ludimagistrum
663 2838 781 2900 litteras
794 2839 891 2908 discit,

122 2923 160 2983 In
189 2922 249 2984 hoe
272 2924 368 3004 igitur
389 2929 542 3008 exemplo,
565 2931 591 2990 si
612 2928 736 2991 docendi
761 2932 893 2993 verbum

119 3034 179 3095 pro
208 3035 246 3077 ee
264 3023 416 3095 sumatur,
439 3022 522 3099 quod
548 3028 604 3097 est,
626 3024 757 3084 seientes
780 3024 890 3099 facere,

119 3107 214 3188 plane
227 3110 357 3189 tropica.
381 3113 465 3173 etad
479 3114 737 3193 Augustinianam
751 3118 892 3195 regulam

118 3202 384 3264 accommodanda
397 3204 513 3266 locutio
534 3213 591 3268 est.
606 3208 676 3268 Non
688 3208 772 3269 euim
799 3210 890 3283 docet,

118 3293 151 3354 id
168 3301 215 3354 est
227 3294 343 3371 doctos,
368 3315 403 3357 ac
416 3297 460 3357 sie
481 3300 594 3378 peritos
608 3301 784 3361 litterarum
800 3301 894 3362 efficit

116 3402 229 3446 omnes
243 3386 373 3450 elvitntis
396 3389 513 3451 incolas
540 3391 592 3453 ille
614 3412 696 3453 cirrus
715 3394 746 3453 in
772 3394 891 3456 civitate

115 3476 343 3556 ludimagister.
371 3481 430 3541 Sed
458 3483 483 3542 si
511 3490 567 3545 aut
589 3483 688 3545 docere
724 3485 809 3561 celle,
839 3492 892 3547 aut

115 3567 224 3630 [Mum
240 3570 369 3651 operire,
389 3574 520 3636 docendi
540 3595 600 3636 nox
614 3577 784 3654 significet;
806 3583 842 3639 ut
855 3579 888 3639 in

115 3661 172 3722 tali
187 3663 281 3723 modo
293 3665 442 3744 loquendi
456 3669 600 3748 usurpari
621 3671 801 3743 consuerit3
826 3672 892 3732 sine

115 3754 183 3815 ullo
197 3761 299 3835 tropa,
315 3776 388 3819 vere
402 3762 590 3840 proprieque
600 3763 689 3823 docet
703 3780 822 3834 omnes
839 3763 893 3842 qui

114 3847 203 3907 solus
229 3848 333 3925 docet,
365 3852 440 3930 quia
465 3861 592 3933 paratus
625 3855 729 3914 estad
756 3855 891 3915 scholam

115 3957 208 4000 suam
235 3958 344 4002 omnes
359 3943 531 4019 admittere,
553 3964 611 4006 nee
625 3965 644 4004 a
661 3945 822 4024 disciplina
836 3965 892 4006 sua

115 4050 308 4112 quemqnam
336 4034 509 4097 excludere.
541 4038 582 4097 Ut
606 4043 709 4097 autem
738 4055 831 4097 nemo
858 4038 891 4098 in

115 4123 172 4184 ille
191 4125 313 4185 civitate
349 4125 400 4201 sit,
423 4128 554 4206 quinon
576 4128 736 4203 doceatur,
766 4131 824 4189 hoe
847 4136 891 4190 est

116 4215 244 4276 accedat
266 4216 304 4276 ad
329 4217 486 4293 scholam3
509 4218 559 4279 vel
580 4237 648 4280 eam
677 4218 887 4299 frequentans,

115 4307 238 4368 litteras
251 4308 417 4388 percipiet:
440 4328 541 4390 neque
563 4311 623 4371 hoe
644 4310 696 4372 ille
710 4313 889 4391 promittet,

116 4399 144 4460 si
158 4417 235 4459 sano
252 4400 349 4478 eapite
364 4401 423 4461 sit:
437 4420 505 4477 nec,
527 4408 562 4462 ut
587 4403 756 4482 promittat,
772 4403 891 4465 efficere

117 4490 252 4571 poterit,
281 4510 351 4552 cum
380 4493 411 4552 id
440 4494 473 4553 in
497 4494 564 4573 ejus
587 4500 736 4574 potestate
762 4497 889 4563 nonsit,

116 4584 309 4645 industriave
333 4585 489 4663 positum3
513 4588 619 4649 sedin
643 4587 821 4647 auditorum
840 4605 892 4647 re·

116 4674 251 4748 luntate,
261 4676 312 4736 rel
325 4677 491 4750 docilitate,
507 4678 688 4757 ingeniique
702 4684 803 4757 captu.
826 4678 891 4738 tloc

117 4768 217 4846 igitur
240 4769 272 4827 in
298 4768 364 4828 istis
383 4770 640 4831 considerandum
653 4771 818 4830 discrimen
834 4775 889 4839 est,

118 4860 154 4920 in
178 4859 263 4937 quod
288 4859 428 4938 plerique
455 4862 560 4922 minus
587 4862 701 4923 intenti
724 4867 807 4933 sunt,
837 4861 891 4939 qui

117 4950 294 5011 istiusmodi
321 4953 551 5032 comparatione
571 4953 758 5032 loquendive
777 4971 890 5030 genere

118 5042 290 5124 Apostoliei
317 5043 400 5103 illius
424 5044 507 5118 dieti,
535 5063 597 5123 que
627 5047 724 5106 Deum
743 5045 787 5104 ait
812 5044 891 5104 selle

119 5153 231 5197 omnes
257 5135 400 5196 homines
421 5136 521 5203 selues
544 5136 622 5211 fieri,
643 5138 708 5196 vim
732 5136 827 5207 eludi,
854 5154 890 5197 ac

118 5228 276 5290 debilitari
288 5233 416 5308 putant;
433 5228 472 5288 de
489 5229 583 5307 paulo
604 5235 674 5308 past
693 5229 805 5289 iterum
829 5229 889 5287 dis-

118 5319 313 5400 putabimus,
324 5318 379 5380 nbi
392 5319 430 5380 de
447 5321 609 5395 Augustini
620 5326 724 5381 mente
738 5320 890 5382 nonnulla

1655 359 1715 421 649

950 524 1065 586 feceriut
1088 544 1107 584 a
1134 525 1224 586 nobis
1251 526 1402 605 exposita,
1428 542 1484 604 per
1510 524 1563 584 illa
1590 524 1714 603 quidem

948 623 1133 696 opportuna,
1151 637 1209 679 nec
1231 618 1325 697 vulgo
1348 618 1420 679 satis
1435 616 1608 694 observata,
1623 622 1714 697 atque

949 711 1083 787 cognita.

989 802 1043 862 JV.
1065 803 1130 862 Hoc
1153 800 1236 861 enim
1249 802 1448 863 desideraris
1467 800 1557 860 rachis
1570 800 1712 877 arbitror,

947 899 982 953 ut
1004 895 1073 973 quis
1097 894 1261 973 Augustini
1283 900 1395 965 certam,
1416 894 1653 973 exploratasque
1676 894 1714 954 de

947 987 1115 1065 questione
1132 1004 1239 1048 sensus
1267 986 1427 1058 exstiterit,
1443 985 1579 1057 definite,
1597 986 1623 1044 si
1647 985 1713 1047 fieri

947 1086 1057 1158 potest,
1073 1079 1270 1158 explicemus.
1295 1079 1394 1152 Quem
1414 1077 1540 1157 quidem
1562 1077 1600 1138 de
1614 1078 1714 1139 trihus

946 1171 994 1231 his
1009 1189 1108 1231 rrnrrm
1123 1175 1244 1250 oportet
1257 1170 1362 1231 luisse.
1378 1170 1458 1230 Nam
1472 1174 1527 1230 aut
1540 1171 1639 1230 Deum
1653 1170 1713 1231 sal-

947 1281 1001 1323 vos
1023 1262 1089 1322 fieri
1114 1263 1193 1323 selle
1214 1262 1343 1323 eredidit
1370 1262 1511 1322 homines
1535 1263 1711 1325 universos:

946 1367 1001 1414 urit
1026 1355 1145 1433 aliquos
1167 1353 1250 1415 nolle
1277 1354 1405 1414 omnino
1426 1354 1526 1415 salvos
1548 1372 1631 1417 esse:
1660 1362 1715 1417 aut

945 1446 1037 1508 ambo
1053 1447 1121 1521 ista,
1134 1446 1165 1506 id
1179 1451 1225 1506 est
1237 1447 1331 1507 modo
1346 1464 1457 1521 unum,
1479 1447 1572 1507 modo
1583 1446 1714 1508 alterum

946 1540 1068 1615 docuit;
1085 1540 1349 1618 quemadmodum
1372 1539 1403 1599 in
1424 1540 1471 1615 iis,
1498 1558 1568 1618 quae
1583 1540 1623 1600 ad
1644 1560 1714 1621 gra-

946 1632 1023 1692 tiam
1038 1633 1206 1711 pertineut,
1221 1631 1309 1692 aliter
1330 1650 1374 1707 se,
1397 1650 1491 1711 quam
1511 1637 1618 1712 postea
1631 1632 1713 1710 feeit,

945 1724 1059 1785 latetur
1080 1727 1144 1804 ipse
1171 1724 1312 1799 sensisse,
1341 1734 1377 1785 ut
1397 1726 1494 1804 capite
1517 1726 1715 1789 antecedente

947 1817 1013 1876 dixi
1023 1816 1045 1878 ⁸.
1062 1819 1182 1878 Horum
1196 1818 1365 1878 seeundum
1381 1835 1473 1879 nemo
1487 1818 1623 1896 prudens
1637 1837 1717 1879 asse-

946 1910 1086 1971 verabit:
1113 1928 1185 1970 eum
1210 1928 1246 1970 es
1272 1911 1381 1971 eodem
1408 1910 1593 1989 precedenti
1616 1911 1715 1990 eapite

950 2007 1077 2078 constet,
1097 2002 1239 2082 pluribus
1258 2003 1292 2061 in
1309 2003 1383 2063 locis
1399 2001 1606 2079 Augustinnm
1621 2021 1714 2081 gene·

947 2095 1046 2156 ratem
1073 2095 1216 2155 omnium
1256 2094 1480 2155 servandorum
1521 2093 1715 2155 vnlrrntatem

947 2188 1122 2247 attribuisse
1152 2188 1224 2247 ileo.
1255 2187 1396 2246 Tertium
1425 2185 1588 2264 plausibile
1618 2188 1715 2265 magis

946 2278 1079 2352 uidetur,
1104 2299 1176 2340 cum
1198 2279 1230 2339 in
1255 2279 1315 2339 hoc
1336 2280 1415 2358 ipso,
1437 2279 1475 2337 de
1496 2296 1557 2356 quo
1581 2278 1711 2356 agimus¹

945 2372 1071 2448 negotio
1089 2373 1196 2450 gratiae
1223 2371 1366 2431 sibinen
1388 2370 1569 2432 eonstiterit.
1595 2371 1654 2431 Sed
1679 2389 1715 2431 eo

946 2462 1075 2523 minime
1090 2470 1266 2533 contentus,
1282 2463 1420 2542 primum
1440 2462 1516 2523 illud
1530 2462 1642 2522 tenebo
1663 2480 1717 2542 ρο-

943 2556 1024 2627 tius3
1041 2557 1249 2633 Augustinum
1265 2557 1297 2615 in
1314 2574 1350 2616 ea
1370 2561 1519 2635 perpetuo
1540 2555 1633 2617 irrisse
1646 2574 1713 2615 sen·

943 2648 1051 2722 tentia,
1072 2648 1117 2708 uti
1130 2650 1210 2709 Deus
1225 2648 1411 2723 generalem,
1438 2654 1469 2708 et
1484 2649 1714 2710 antecedentem

944 2741 1086 2799 omnium
1109 2741 1332 2801 servandorum
1347 2740 1539 2799 voluntatem
1559 2740 1712 2817 hahuerit,

944 2832 1067 2909 qualem
1083 2833 1197 2894 scilieet
1207 2833 1305 2893 Graeci
1319 2849 1427 2892 omnes
1440 2833 1555 2905 Patres,
1568 2837 1598 2892 et
1609 2832 1711 2893 Latini

945 2925 1151 3004 antiquiores3
1179 2943 1225 2994 ac,
1252 2925 1358 3003 paucis
1383 2924 1529 3002 exeeptis,
1557 2923 1711 3003 hodieque

942 3016 1083 3077 catholici
1109 3016 1246 3097 theologi
1278 3034 1388 3077 omnes
1415 3016 1497 3090 Dee,
1526 3034 1561 3077 ae
1587 3015 1710 3080 Christo

943 3109 1097 3169 tribuunt.

983 3201 1043 3261 Sed
1056 3207 1128 3261 ante
1155 3201 1261 3261 omnia
1274 3202 1388 3281 duplex
1403 3200 1435 3260 in
1458 3203 1521 3262 Deo
1545 3201 1711 3263 voluntatis
1749 3225 1869 3283 eupraxia

943 3294 1193 3354 constituendum
1208 3300 1255 3354 est
1277 3312 1385 3373 geraus,
1410 3298 1441 3353 et
1464 3300 1631 3374 utrumque
1654 3312 1710 3355 suo
1735 3279 1780 3324 ⁰⁰⁰
1799 3278 1882 3324 ‘⁰¹⁰⁰‘

1826 3329 1846 3374 ia

942 3386 1035 3446 medo
1046 3386 1189 3461 efficacis,
1205 3392 1236 3445 ct
1249 3393 1395 3458 actuosae,
1413 3404 1483 3465 quae
1496 3387 1535 3447 ad
1548 3405 1626 3466 opus
1639 3406 1709 3448 exe·
1755 3335 1865 3438 AAAAAA

944 3479 1113 3558 quendum,
1135 3479 1238 3558 rqrrnad
1261 3480 1306 3539 rei
1329 3484 1440 3539 natura
1461 3478 1532 3551 fert,
1554 3485 1584 3539 et
1607 3481 1710 3558 preri—
1736 3442 1881 3539 'udodhh‘f''

943 3571 1055 3632 dentiee
1074 3572 1165 3647 ratio,
1187 3570 1306 3632 confert
1330 3570 1457 3651 aliquid,
1474 3580 1505 3631 et
1520 3577 1555 3632 nt
1575 3571 1629 3632 fiat
1648 3572 1711 3633 ela-

942 3662 1042 3724 borat.
1058 3664 1163 3724 Altera
1177 3670 1232 3735 est,
1256 3682 1350 3743 quam
1360 3668 1473 3724 vocant
1486 3663 1669 3739 absolutam,
1681 3671 1713 3728 et

941 3756 1126 3835 simplicem,
1142 3774 1198 3818 nec
1220 3757 1259 3816 ab
1274 3757 1371 3830 exitu,
1392 3764 1566 3836 eventuque
1587 3776 1713 3837 suspen-

942 3865 1009 3908 sam
1037 3849 1184 3909 humanae
1212 3849 1454 3924 deliberationis,
1483 3855 1519 3909 ut
1565 3851 1591 3909 si
1617 3850 1711 3912 homo

941 3939 1027 4007 velit,
1041 3941 1142 4019 reipsa
1156 3939 1224 4000 fiat:
1242 3941 1267 4000 si
1286 3940 1375 4017 nolit,
1401 3959 1465 4000 nou
1479 3940 1554 4016 fiat3
1569 3942 1623 4002 sed
1642 3961 1712 4021 quae

942 4033 1070 4092 omuino
1094 4033 1272 4110 quodvult,
1294 4032 1439 4093 effectura
1461 4038 1516 4107 est,
1542 4034 1635 4093 ctiam
1657 4054 1713 4113 per

942 4123 1041 4202 ipsam
1064 4124 1195 4184 liberam
1220 4124 1358 4184 hominis
1376 4124 1590 4203 voluntatem3
1615 4145 1711 4206 quam

942 4216 1149 4295 omnipotenti
1173 4234 1227 4276 sue
1250 4216 1365 4277 virtute
1386 4234 1582 4296 quecumque
1601 4219 1708 4293 modo,

942 4314 972 4367 et
995 4325 1223 4386 quamcumque
1245 4308 1328 4369 volet
1352 4309 1386 4369 in
1407 4314 1528 4388 partem
1547 4314 1648 4389 potest
1666 4310 1713 4370 in-

941 4398 1076 4459 flectere.
1107 4399 1210 4460 Altera
1236 4405 1368 4460 estnon
1390 4400 1542 4472 absoluta,
1566 4401 1620 4462 sed
1640 4419 1712 4461 cou-

941 4489 1058 4551 ditione
1087 4491 1222 4570 quadam
1248 4492 1423 4571 implicata3
1448 4493 1536 4571 cujus
1561 4511 1651 4572 opus,
1680 4499 1711 4555 et

940 4581 1084 4642 effectum
1098 4603 1162 4642 non
1177 4602 1214 4643 ex
1234 4583 1298 4643 sola
1319 4584 1372 4645 uei
1392 4584 1551 4645 voluntate
1577 4586 1708 4665 pendet3

1750 826 1877 880 laquiritur

1761 892 1861 931 qttaeuum

1749 931 1815 975 scau
1828 946 1878 977 vera

1753 987 1872 1038 Augustini

1756 1042 1872 1087 sententia.

936 4675 993 4747 ¹sed
1015 4693 1054 4733 ex
1076 4674 1175 4736 libera
1195 4676 1394 4736 consensione
1414 4676 1563 4741 hominis,
1585 4683 1616 4737 et
1636 4696 1709 4757 ope-

940 4767 1060 4826 ratione
1075 4787 1081 4826 :
1097 4768 1227 4846 quamsi
1248 4766 1299 4828 ille
1313 4769 1499 4846 praestiterit,
1514 4767 1568 4829 fiet
1582 4769 1611 4828 id
1627 4770 1710 4848 quod

941 4859 1021 4917 Deus
1039 4858 1138 4920 iacere
1153 4860 1276 4933 statuit;
1293 4878 1358 4919 non
1378 4859 1432 4920 fiet
1455 4865 1570 4933 autem,
1586 4860 1707 4940 siquod

941 4969 1068 5010 suarum
1081 4952 1217 5030 partium
1226 4956 1271 5011 est
1284 4952 1430 5012 adhihere
1444 4952 1495 5013 ille
1508 4952 1652 5013 noluerit.

982 5044 1019 5101 V.
1047 5044 1182 5121 Utraque
1202 5043 1267 5103 here
1287 5044 1430 5103 veluntas
1448 5046 1524 5105 adeo
1549 5048 1707 5125 perspicue
1781 5069 1833 5120 cum

941 5140 1069 5205 constat,
1088 5140 1118 5194 ct
1130 5154 1193 5194 non
1208 5136 1301 5194 modo
1316 5136 1410 5196 saeris
1423 5136 1542 5212 litteris,
1556 5145 1610 5197 arat
1621 5157 1708 5198 sane·
1741 5126 1873 5220 ,f,⁰,¹,}¹,',¹,¹,‡⁸,

941 5232 1046 5287 torum
1061 5227 1187 5287 Petrum
1201 5227 1421 5289 monimentis:
1439 5229 1492 5289 sed
1513 5231 1606 5290 etiam
1622 5249 1706 5291 com-
1739 5230 1868 5285 &virturis

941 5319 1030 5379 muni
1046 5319 1188 5379 emnium
1210 5338 1301 5380 sensu
1320 5325 1442 5397 testata,
1466 5323 1707 5403 consignataque

148 5522 159 5557 ⁴
176 5522 241 5567 loon.
254 5532 276 5573 v,
286 5519 321 5565 aa.
330 5542 356 5554 -
366 5520 418 5566 leot.
431 5529 473 5571 ur,
484 5519 520 5566 Ἀ.
531 5543 559 5556 -
569 5521 583 5565 A
595 5521 657 5565 tlene
667 5522 738 5577 ipram
751 5522 829 5576 repetit
841 5521 862 5564 ln
876 5521 906 5572 u,
917 5522 979 5574 oper.
989 5521 1041 5575 tana.
1053 5534 1073 5564 c.
1086 5531 1154 5563 cuns.
1168 5541 1193 5553 -
1206 5519 1274 5574 ⁴8⁷·
