3932 6142
463 275 514 334 DE
534 273 845 350 rnosunsrlonn,
868 273 943 334 LIB.
965 272 1033 350 vlt,
1056 272 1143 336 ΟΑΡ.
1167 275 1251 335 XIII.
1592 276 1646 337 tet

86 438 207 517 ignetur
217 436 411 516 suppositum
425 443 587 514 ueternum,
603 438 688 517 quod
698 443 746 498 est
763 455 835 516 per-

86 546 150 591 sons
170 527 225 589 dlii
251 528 317 591 Dei.
349 526 392 590 lle
416 546 548 609 persona
572 534 677 591 autem
700 528 755 590 ulii
780 528 835 589 Dei

86 621 412 702 panormitanum
434 621 587 682 Dominus
609 619 831 682 essentialiter:

86 712 185 775 etffleu
202 730 270 774 non
292 713 385 775 debet
405 712 566 794 preadieari
590 711 830 784 denominative,

86 806 144 885 quir
156 805 212 866 hoo
231 806 360 885 derogat
375 804 496 866 radiati
508 804 647 866 unionis.
664 825 680 863 r
706 803 765 865 Sed
779 801 834 882 qui

86 895 207 958 ioum
221 895 409 958 Dominarum
419 896 578 973 dixerimt,
589 914 654 958 non
667 911 832 976 personam

85 989 199 1069 dmum
214 989 273 1050 snb
282 988 434 1051 rounulo
446 989 583 1051 hominis
596 987 832 1063 intellexerunt3

85 1080 255 1161 qumpotins
263 1086 408 1143 naturam
418 1080 687 1160 ipsumallomino
697 1096 835 1159 aasump

84 1179 144 1247 tam,
156 1190 212 1234 nee
224 1171 260 1234 In
279 1171 437 1235 eommnni
451 1171 674 1234 consuetudine
687 1171 834 1251 loquendi

84 1271 135 1327 lan
153 1264 324 1341 eundeata,
351 1268 382 1325 et
399 1271 506 1327 ereata
525 1281 639 1325 vorum
663 1263 835 1344 proprietas

84 1356 222 1418 observmi
236 1356 325 1434 solet,
340 1361 378 1417 ut
389 1357 428 1417 ad
442 1356 683 1433 dialecticorum,
704 1355 754 1416 vel
769 1354 837 1434 phi·

83 1447 267 1528 losoplrornm
280 1448 432 1509 tunnam
446 1449 623 1527 exigantur.

113 1538 495 1620 Epiphaniusindaaorato
506 1561 521 1598 a
532 1539 700 1601 Dominum
711 1538 836 1618 scripsit

82 1638 323 1695 erramenostra
335 1650 460 1694 uernam
472 1631 710 1710 assumpsisse·.
725 1652 740 1689 o
754 1632 835 1709 Ergo

83 1728 110 1783 ut
129 1742 191 1785 euro
222 1724 401 1797 Manna,
435 1723 485 1785 vel
511 1722 700 1784 dominicum
728 1739 836 1803 eorpus

83 1812 166 1895 (mod
190 1833 234 1878 ex
259 1816 428 1879 Athanasio
462 1833 557 1895 supra
591 1812 740 1895 memini)
773 1814 834 1876 diei

81 1914 171 1986 potest,
185 1908 304 1989 poterit
314 1909 410 1969 etiam
426 1905 510 1968 tomo
527 1907 632 1968 venari
651 1904 831 1981 Dominr'eus,

81 1998 156 2060 tter
170 2006 350 2080 assumptas
369 2017 390 2061 a
407 1999 553 2061 Domino.
575 1997 785 2059 Nihilominus
798 1998 834 2059 in

80 2089 284 2172 losioquendi
303 2109 430 2172 genere,
445 2091 492 2152 uti
507 2095 539 2153 et
557 2091 590 2151 in
610 2090 739 2166 certeris,
757 2110 832 2170 pru-

81 2181 162 2245 dentii
170 2191 227 2262 est,
243 2184 436 2264 minimeque
449 2181 646 2259 contentiosi,
657 2182 788 2256 usitatis,
802 2190 834 2245 et

80 2275 156 2354 algo
173 2277 309 2356 reeeptia
331 2274 600 2357 appellationibus,
624 2273 667 2335 sio
682 2278 832 2354 tunquam

81 2368 207 2444 nummis,
236 2370 284 2430 uti
306 2370 423 2449 potius,
432 2385 526 2448 quam
539 2365 702 2444 obsoletas,
711 2373 742 2428 et
751 2367 834 2429 inso-

79 2457 161 2522 unu
174 2463 331 2542 meque.

97 4982 231 5045 abira.
248 4987 440 5058 Aneormdtld
458 4984 837 5064 Ὀθενόπδιῆςὴμῶνσορκδς

66 5062 174 5124 &Mas
202 5068 331 5145 όΚόριος
360 5069 436 5127 trini
463 5072 508 5144 als
531 5073 625 5147 adpre,
647 5073 689 5127 ml
710 5072 837 5147 ἄνθρωπος

97 5191 239 5293 edisses.
260 5234 291 5289 'Il
308 5236 397 5292 λοιπόν
413 5234 503 5311 χλεύης
525 5236 590 5301 &aar
604 5236 719 5313 λέγομεν,
741 5238 763 5295 εἰ
776 5232 834 5293 Ir'
814 5260 837 5311 ῳ

67 5310 125 5369 bur
134 5318 150 5372 t
160 5319 254 5392 λόγος,
264 5324 348 5394 τοῦτῳ
356 5320 416 5393 πρὸς
424 5321 559 5394 popano
567 5321 706 5395 ὣςόργάνῳ
719 5323 835 5397 nimau

1098 663 1287 749 CAPUT
1314 668 1438 751 XIII.

885 979 929 1042 De
951 978 1100 1041 uenandis
1124 978 1198 1042 aliis
1223 978 1361 1063 loquendi
1381 980 1586 1061 formidini.
1609 983 1653 1045 na

923 1079 1030 1153 ὀργάνου
1042 1080 1070 1133 et
1083 1072 1281 1133 instrumenti
1298 1072 1454 1135 voeabula:
1473 1092 1531 1155 quo
1547 1074 1655 1137 Patres

923 1163 1022 1244 ule'qui
1029 1172 1170 1226 naturam
1180 1163 1295 1227 cirion
1308 1164 1468 1227 numanum
1478 1165 1652 1246 affecerunt.

923 1259 953 1317 ἢ.
979 1256 1042 1331 Ono
1065 1275 1151 1318 sensu
1174 1254 1233 1319 atii
1253 1255 1461 1337 repudiarunt.
1492 1261 1522 1321 3.
1550 1259 1656 1321 Rectus

923 1347 1009 1409 iltius
1032 1349 1092 1409 erit
1116 1367 1193 1424 usus,
1218 1349 1248 1410 si
1267 1350 1496 1411 instrumentum
1515 1353 1656 1430 conjunc·

924 1448 1006 1516 tum,
1033 1459 1091 1501 aon
1117 1448 1288 1521 separatum
1314 1441 1515 1521 intelliqotur.
1544 1444 1658 1506 Ariani

926 1531 1017 1611 impie
1035 1531 1115 1593 illud
1137 1532 1337 1613 interpretati.
1357 1532 1402 1595 De
1420 1552 1510 1595 manu
1530 1533 1656 1598 dominis

923 1626 1116 1684 instrumento
1134 1624 1271 1685 naturali
1289 1632 1318 1685 et
1337 1624 1489 1707 conjuncto
1508 1626 1655 1707 puiades·-

924 1714 1019 1775 rimus
1038 1714 1207 1777 Aristotelis
1227 1715 1323 1777 loeus:
1341 1717 1396 1797 qui
1413 1715 1455 1778 aet
1470 1718 1653 1799 sapientiam,

923 1813 951 1866 et
969 1805 1094 1868 Verbum
1112 1805 1324 1869 illustrandum
1341 1813 1480 1889 pertinet,
1496 1812 1527 1871 4.
1542 1809 1588 1871 ne
1600 1830 1655 1873 usu

925 1897 1091 1959 istiusmodi
1112 1899 1264 1962 nominum
1283 1899 1372 1961 utilia
1391 1900 1509 1976 cautio;
1527 1905 1604 1982 quoe'
1617 1922 1655 1965 ea

923 1988 1088 2052 Athanasio
1113 1990 1206 2052 lucem
1226 1992 1349 2073 occipit.
1367 1993 1398 2053 5.
1421 1992 1464 2054 De
1482 1993 1611 2071 outitus,
1627 2003 1654 2057 et

925 2080 1091 2143 indumenti
1108 2082 1321 2164 appellatura
1341 2089 1368 2145 et
1384 2103 1451 2164 quae
1464 2083 1553 2166 hujus
1567 2087 1653 2148 utiti-

925 2181 997 2235 tates
1008 2173 1079 2234 sint.
1099 2173 1202 2236 Prima
1217 2183 1270 2251 est,
1286 2183 1321 2237 ut
1334 2174 1421 2237 nulla
1433 2176 1481 2236 sui
1492 2181 1652 2242 mutatione
1687 2174 1691 2181 ’

922 2268 1113 2328 incarnatum
1147 2266 1271 2329 Verbum
1295 2267 1489 2348 sipnifiaetur.
1517 2271 1549 2330 6.
1575 2270 1652 2333 Item

923 2364 957 2417 ut
971 2356 1115 2419 diuinitas
1136 2357 1200 2438 s‘psa
1215 2358 1363 2440 passionis
1374 2377 1480 2439 erpere
1498 2360 1650 2444 intelliga-

923 2454 985 2512 tur.
1016 2453 1046 2511 7.
1078 2450 1153 2513 Tum
1176 2459 1300 2513 naturas
1322 2469 1378 2513 esse
1402 2450 1568 2532 ds'stinetas,
1593 2474 1651 2518 amr

921 2550 1175 2625 eutempersonas.
1191 2545 1221 2606 8.
1237 2543 1347 2625 Sponsi
1361 2543 1534 2607 uocabulum
1546 2566 1565 2608 a
1577 2546 1649 2612 Gre-

920 2635 1003 2715 porte
1015 2637 1099 2716 Papa
1110 2635 1310 2717 abjudicatum
1318 2637 1356 2697 ab
1365 2635 1526 2699 diuinitate
1535 2637 1650 2701 Christi

921 2725 1132 2789 humanitatem
1146 2733 1319 2802 assumente,
1339 2727 1377 2788 ab
1394 2729 1559 2810 Anpustino
1582 2750 1651 2794 uere

922 2816 1097 2881 adhibitum.

922 3002 948 3062 Ι.
971 3002 1116 3083 Sequitur
1139 3001 1229 3064 nobis
1252 3002 1436 3065 excutienda
1456 3004 1624 3068 hominis'
1616 3026 1649 3068 sn
1675 3043 1705 3089 0,
1710 3043 1821 3090 ΜΗ,

882 3094 1012 3170 Christo,
1027 3096 1088 3157 alia
1110 3095 1333 3173 denominatio,
1355 3096 1466 3175 enquid
1486 3100 1602 3175 ὀργάνων,
1617 3099 1650 3162 id
1673 3098 1821 3198 ‘mmm‘

882 3191 928 3247 est
952 3186 1180 3249 instrumentum
1206 3188 1354 3268 appellari
1380 3187 1501 3250 debem
1527 3192 1571 3252 De
1590 3192 1651 3254 lroo

882 3278 967 3339 enim
978 3285 1086 3341 eontra
1094 3278 1269 3341 Nestorium
1279 3285 1433 3341 uertatum
1445 3286 1492 3342 est
1505 3299 1524 3342 a
1537 3282 1649 3344 Getho-

882 3369 956 3431 lieis.
987 3371 1205 3433 Athanasius'
1197 3390 1231 3432 rn
1257 3371 1338 3432 libro
1364 3370 1399 3432 da
1423 3371 1648 3451 Inoas-natione,

882 3461 1031 3527 adversus
1046 3463 1182 3524 Gentiles
1194 3461 1342 3542 probans,
1360 3463 1445 3523 hand
1465 3465 1648 3543 absentium,

883 3553 1109 3633 indignumque
1131 3555 1195 3615 [teo
1216 3553 1326 3627 videri,
1353 3555 1391 3631 si,
1415 3556 1507 3616 utin
1529 3559 1648 3620 mundo

883 3644 974 3722 inest,
998 3646 1041 3707 sio
1057 3647 1092 3706 in
1109 3645 1177 3725 ejus
1194 3645 1299 3726 aliqua
1319 3652 1408 3727 parte
1425 3648 1568 3727 resideat,
1591 3651 1649 3712 ho·

883 3737 968 3798 mine
976 3737 1117 3800 videlieet
1128 3756 1135 3799 ε
1147 3738 1252 3815 aditu
1267 3739 1426 3801 hominem
1435 3740 1542 3820 istum,
1555 3761 1650 3822 quem

882 3830 1060 3910 assumpsit,
1078 3851 1094 3890 a
1111 3831 1352 3893 instrumentum
1365 3850 1431 3893 esse
1443 3852 1451 3909 ;
1466 3834 1499 3895 in
1513 3853 1576 3914 quo
1590 3836 1651 3897 nisi

883 3928 972 3997 esset,
988 3940 1025 3983 eo
1046 3923 1093 3986 uti
1115 3941 1180 3984 non
1198 3920 1330 4002 possetl.
1347 3942 1363 3981 n
1381 3926 1420 3984 Et
1432 3932 1501 4005 post
1521 3926 1649 4007 aliqua:

889 4014 1048 4090 «Partem,
1063 4014 1116 4091 ait,
1132 4015 1268 4094 aliquem
1284 4015 1423 4076 universi
1436 4018 1565 4079 assumit
1578 4019 1650 4098 sibi,

884 4107 1034 4185 tanquam
1056 4105 1310 4182 instrumentum,
1339 4106 1513 4169 humanum
1536 4110 1653 4172 sollium

886 4215 1007 4278 eorpus,
1022 4198 1112 4278 eique
1125 4199 1273 4260 incubat:
1296 4203 1332 4258 ut
1351 4199 1514 4278 quoniam·
1523 4202 1557 4262 in
1574 4202 1650 4263 uni·

886 4306 975 4352 verso
988 4308 1077 4353 nosse
1090 4291 1196 4371 ipsum
1210 4309 1274 4353 non
1293 4297 1469 4371 potuerant,
1488 4294 1597 4357 saltem
1617 4295 1652 4356 in

889 4388 974 4462 parte
986 4383 1090 4462 aliqua
1103 4401 1168 4444 non
1179 4383 1361 4462 ignorarent
1370 4392 1394 4445 ⁶.
1408 4404 1424 4442 a

925 4475 1077 4537 Eusebius
1099 4475 1296 4537 Caesariensis
1316 4476 1351 4536 in
1377 4476 1457 4537 libro
1484 4482 1593 4557 quarto
1616 4478 1652 4540 de

886 4560 1137 4629 Demorrstratione
1145 4566 1650 4650 Eumeneticu:uVoeabat,iuquit,

885 4666 916 4720 et
934 4659 1063 4721 sanabm
1082 4658 1201 4720 atinum
1220 4677 1276 4738 per
1294 4660 1548 4736 instrumentum,
1569 4664 1653 4741 quod

886 4770 950 4833 proe
962 4770 995 4815 se
1008 4750 1139 4826 terebat,
1148 4749 1321 4813 humanam
1333 4751 1475 4815 videlieet
1486 4764 1631 4816 naturam
1643 4775 1652 4832 ;

885 4984 900 5043 ό
913 4986 1002 5060 λόγος
1018 4985 1040 5042 sl
1052 4986 1096 5062 pir
1106 4985 1154 5061 rip
1167 4984 1213 5043 οὒκ
1225 4984 1256 5059 ἦν
1273 4984 1297 5043 Is
1312 4984 1391 5063 αὐτῷ,
1400 4987 1456 5045 etet
1470 4991 1608 5065 χρήσασθαι
1622 4993 1653 5047 dr

885 5070 985 5138 ἐδυνήθη
999 5069 1090 5142 τούτῳ.

920 5169 935 5210 0
953 5152 1024 5210 thid.
1043 5125 1125 5227 tt'tpoe
1137 5172 1182 5209 του
1196 5155 1256 5209 ὅλου
1269 5155 1389 5230 λαμόόνιι
1403 5154 1483 5230 losada
1497 5156 1602 5231 ὄργανον
1621 5157 1651 5212 τό

884 5235 1034 5309 ἀνθρώπινον
1049 5242 1133 5309 σῶμα,
1147 5234 1316 5294 mitridatem
1329 5236 1549 5313 αὗτῷόνψέκιιδὴ
1571 5239 1596 5295 Is
1616 5246 1653 5314 τῷ

884 5319 937 5391 ὅλῳ
952 5318 1025 5374 αὐτὸν
1041 5318 1087 5373 οὔκ
1104 5319 1256 5392 ἠδυνήθησαν
1269 5329 1372 5396 γνῶναι,
1382 5323 1427 5376 κᾶν
1444 5319 1469 5374 ir
1484 5327 1521 5394 τῷ
1536 5323 1603 5396 piper
1617 5320 1651 5395 μὴ

883 5399 959 5473 &seori
944 5403 1036 5471 ήσωσιν
1048 5399 1132 5458 atsto.
