3932 6142
141 338 987 489 THEOLOGICORUM
1050 325 1619 483 DOGMATUM

417 702 503 808 DE
567 697 1119 807 INCARNATIONE
1190 690 1392 799 VERBI

565 972 827 1055 LIBER
905 969 1188 1056 NONUS

467 1232 502 1289 ΙΝ
522 1233 591 1300 Quo
612 1232 656 1288 DE
676 1231 883 1289 venantiae
902 1229 1041 1287 euersa!
1061 1224 1275 1283 olssnettuu.

937 1705 1078 1766 Alterum
1092 1708 1148 1775 est,
1164 1659 1332 1762 voluntitis
1346 1698 1556 1774 nomine,tam
1568 1696 1666 1757 heere·

815 1820 819 1827 ·
894 1800 970 1860 tieos
987 1797 1326 1873 Monotheletas,quam
1337 1789 1665 1852 Catholicosadversus

894 1892 1008 1952 horum
1023 1888 1169 1950 haeresim
1179 1882 1565 1965 disputantes,nonsoiam
1575 1882 1665 1942 intei-

208 2017 240 2097 (ζ
249 2017 322 2097 ΑΡ
334 2015 367 2097 υ
378 2018 412 2096 Τ
471 2017 610 2097 psslM
619 2017 652 2096 U
660 2018 708 2098 Μ·
893 1983 1002 2044 lenisse
1010 1980 1130 2042 volendi
1140 1980 1305 2052 actionem,
1314 1977 1366 2037 sed
1373 1976 1467 2037 etiam
1474 1973 1662 2050 facultatem,

895 2082 926 2135 et
940 2083 1040 2153 δύναμιν
1062 2093 1069 2131 :
1091 2072 1123 2132 id
1151 2069 1235 2150 quod
1260 2069 1358 2149 eapite
1387 2071 1497 2147 quarto
1525 2065 1663 2145 ejusdem

893 2165 966 2226 libri
989 2165 1236 2225 demonstratum
1258 2168 1303 2220 est
1323 2160 1478 2235 universe,
1494 2162 1526 2218 et
1543 2158 1577 2216 in
1595 2156 1662 2236 ipso

894 2274 1008 2338 genere
1019 2256 1161 2330 actionis,
1177 2253 1235 2313 sub
1247 2252 1462 2331 quovoluntas
1473 2249 1659 2310 continetur:

97 2344 131 2405 lie
152 2344 298 2405 autumate
320 2341 456 2425 praedam
485 2341 561 2401 olibi
586 2340 669 2403 dicia
689 2340 843 2423 repetendo
893 2356 924 2411 et
937 2350 997 2410 hoc
1010 2348 1093 2407 idem
1110 2352 1215 2424 postea
1235 2344 1393 2424 speciatim
1414 2343 1452 2404 de
1474 2342 1531 2402 iata
1545 2340 1659 2402 confir·

125 2437 372 2517 peretriapaotar.
389 2439 419 2496 i.
440 2433 634 2510 Voluntatem,
647 2434 709 2494 aive
724 2433 842 2494 volitio—
892 2441 1057 2502 mabimus.

127 2547 183 2589 aem
192 2527 231 2588 ab
244 2536 350 2609 ἐνεργείᾳ
363 2526 507 2600 ἀιὶεενηίς
521 2533 622 2586 oetam
635 2545 692 2605 pro
704 2524 844 2607 facultate
933 2532 974 2591 11.
997 2532 1151 2592 Praeterea
1165 2529 1330 2589 nominum
1343 2526 1502 2587 diversitas
1522 2524 1659 2587 animad-

122 2620 187 2700 ipec,
214 2639 301 2701 qaam
323 2638 384 2699 pro
409 2619 524 2679 actione
547 2618 635 2677 aemi:
649 2619 680 2679 ἓ.
702 2618 785 2692 Ouid
804 2618 843 2679 at
892 2624 1041 2686 vertenda
1060 2627 1116 2697 est,
1130 2621 1242 2699 quibua
1263 2639 1297 2681 ea
1312 2619 1361 2679 vel
1379 2617 1506 2679 facultas
1521 2616 1657 2687 volendi,

126 2721 224 2789 tanae,
239 2720 265 2772 ei
281 2721 408 2792 iniicere·
425 2714 455 2772 3·
469 2708 676 2771 Devvltmlate
691 2711 841 2787 naturali,
892 2716 943 2777 vel
964 2716 1043 2776 aetio
1067 2734 1086 2775 a
1109 2714 1221 2774 Graecis
1242 2711 1434 2791 exprimitur.
1449 2710 1530 2769 Sunt
1555 2714 1661 2769 antem

126 2805 178 2865 tt've
189 2816 287 2885 φυσικῇ,
301 2812 330 2864 et
347 2810 508 2882 ὓποστατικῇ,
523 2801 582 2860 θῑύθ
598 2814 720 2883 properti.
740 2801 768 2862 5.
791 2802 844 2863 Vo·
892 2809 959 2868 haett
981 2808 1044 2868 fere
1072 2826 1080 2865 ζ
1106 2813 1212 2879 θέλησις,
1223 2813 1326 2882 θέλημα,
1356 2811 1479 2881 βούλησις,
1511 2805 1542 2861 ei
1570 2810 1659 2881 βουλὴ.

128 2896 259 2958 Iaatatem
274 2895 356 2955 oliae
368 2893 499 2974 spectari
511 2898 545 2952 at
559 2893 846 2970 estratora,aiiaeet
894 2899 984 2966 Quod
998 2903 1190 2978 postremum
1204 2893 1400 2968 vocabulum,
1416 2910 1489 2952 cum
1501 2893 1595 2971 vulgo
1604 2911 1661 2972 pro

127 2997 164 3046 eat
176 2987 279 3048 iibere.
290 2990 321 3049 6.
337 2986 495 3047 Actionem
505 2984 589 3044 series
598 2983 627 3044 in
641 2983 734 3045 libero
744 2984 845 3046 coion·
892 2989 1010 3052 canalio
1025 2993 1177 3063 sumatur,
1192 2982 1420 3064 nonnunquam
1427 2984 1598 3063 simplicem
1609 3003 1662 3044 ro·

128 3079 190 3139 tutia
202 3079 372 3156 operatione
386 3075 550 3137 aummctim
560 3076 751 3155 proponitur.
762 3076 846 3140 nne
893 3081 1059 3155 luntatem,
1073 3081 1136 3139 aive
1156 3078 1329 3139 vetitionem
1352 3077 1507 3154 ‹lesignat3
1530 3094 1660 3155 praeser-

129 3168 236 3231 cereo·
253 3169 352 3230 libero
372 3168 521 3229 nolentata
534 3165 710 3247 disputandi
728 3167 846 3237 aditio:
893 3174 951 3234 tim
971 3173 1053 3253 apud
1078 3170 1241 3250 cyrillum.
1266 3168 1360 3248 Cujus
1381 3169 1558 3248 exemplum
1578 3187 1663 3231 nunc

128 3260 254 3322 etearde
267 3260 401 3322 libertate
418 3260 846 3342 univeraeioseqaentiiaaopi
895 3282 996 3326 unum
1024 3262 1157 3323 occurrit
1185 3279 1224 3321 ex
1250 3259 1330 3320 libro
1364 3257 1400 3320 de
1432 3258 1662 3323 Incornotiooe:

128 3361 264 3433 oporteat.
898 3357 1008 3416 «Deus
1022 3355 1118 3426 enim,
1140 3352 1253 3431 inquit,
1269 3369 1312 3423 ee,
1327 3350 1496 3427 voluntate,
1512 3352 1662 3431 quidquid

893 3447 997 3507 risum
1010 3451 1068 3521 est,
1083 3445 1197 3505 faciens
1207 3453 1231 3503 ⁶.
1248 3465 1263 3500 a

14 3533 81 3628 ,¹23⁸
130 3535 185 3596 Etsi
197 3537 233 3598 de
245 3535 406 3597 voluntate
426 3536 537 3595 Christi
558 3534 697 3611 Domini,
714 3554 776 3614 qua
789 3535 845 3596 auh
936 3538 1026 3605 Quod
1040 3537 1080 3597 ad
1103 3541 1230 3596 caeteras
1248 3552 1339 3595 voces
1351 3534 1472 3609 attinet,
1486 3533 1662 3596 observabis
1703 3565 1822 3610 mmm

14 3644 81 3682 nar.
98 3628 208 3688 actonis
220 3646 334 3707 genere
361 3628 548 3701 continetur,
563 3646 628 3687 non
651 3645 749 3707 paura
763 3628 858 3702 dini-⁴
894 3631 1049 3692 ioannem
1061 3628 1678 3705 Damascenumintertornaetpotiaav·
1710 3619 1792 3726 ,gfff

100 3735 157 3778 mua
169 3719 199 3779 in
210 3720 368 3799 superiore
377 3719 477 3793 libr03
493 3720 654 3798 complura
671 3724 777 3779 tamen
791 3738 845 3780 ex·
895 3722 1061 3782 discrimen
1074 3719 1157 3780 istud
1169 3736 1347 3796 agnoscere,
1361 3723 1397 3777 ut
1410 3726 1504 3794 θέλησις
1520 3718 1559 3777 sit
1571 3737 1663 3798 appe-
1748 3691 1807 3786 aar

99 3808 221 3886 plicando
241 3816 362 3872 restant
382 3810 470 3870 iatius
493 3811 618 3890 propria
641 3810 761 3887 formae,
775 3829 845 3889 quae
894 3812 980 3873 tendi
1000 3811 1127 3872 facultas
1149 3811 1233 3890 ipsa3
1247 3818 1359 3890 βούλησις
1380 3809 1484 3888 hujuS,
1502 3815 1556 3870 aut
1580 3810 1663 3871 iliius
1693 3797 1817 3867 maaca.

99 3904 242 3978 epu-aina
257 3901 415 3964 huielibro
430 3905 578 3962 mandare
591 3902 846 3964 decrevimue.Ac
896 3903 1053 3984 appetitio.
1067 3903 1118 3964 Sic
1131 3903 1216 3962 enim
1236 3901 1329 3961 ambo
1352 3901 1411 3961 iate
1430 3900 1548 3962 definit.
1569 3923 1581 3959 c
1599 3902 1660 3977 Eat,

14 4004 76 4052 reu.
99 3993 217 4067 primam
229 4013 267 4056 ex
279 3996 329 4068 iis,
345 4012 416 4072 quaa
427 3994 462 4053 in
483 3994 666 4072 exponenda
676 4000 793 4074 ἐνεργείᾳ,
808 3995 846 4056 de
895 3994 1007 4076 inquit,
1023 4002 1117 4074 θέλημα
1130 3994 1284 4074 appetitus
1292 3992 1461 4064 rationalis,
1473 3998 1505 4052 et
1512 3993 1613 4053 vitalia
1625 4013 1664 4054 ex

99 4083 236 4147 voluntate
260 4087 361 4147 obiter
389 4086 503 4163 injecta
529 4090 612 4159 sunt,
629 4085 773 4163 qtiaedem
797 4086 848 4147 hie
895 4088 933 4148 iis
947 4087 1029 4162 solis,
1045 4105 1115 4165 qum
1128 4085 1282 4145 natiuaiia
1303 4090 1385 4154 sant,
1401 4085 1664 4164 ponderatione

100 4180 260 4240 summatim
280 4177 382 4239 notari
407 4182 538 4255 oportet,
553 4195 590 4238 ac
611 4178 674 4237 sire
693 4178 791 4257 repeti
809 4196 849 4238 ex
895 4188 991 4255 θέλησις
1004 4178 1143 4239 estidem
1157 4176 1317 4250 naturalia,
1334 4176 1531 4237 etrationalia
1544 4177 1663 4256 appeti·

101 4271 279 4332 antecedente
302 4271 394 4345 libro,
411 4271 474 4330 sire
494 4270 596 4347 adjici,
611 4287 681 4348 quae
705 4270 743 4329 ad
765 4269 847 4331 inse·
896 4276 967 4346 tua3
996 4276 1090 4349 atque
1112 4269 1264 4342 omnium,
1292 4286 1363 4347 quae
1391 4273 1534 4328 naturam
1551 4269 1663 4328 consti-

102 4363 245 4437 qnentium
257 4363 473 4423 tractationem
482 4361 653 4422 necessaria
669 4360 826 4422 videntur.
897 4368 1000 4436 tuunt,
1021 4361 1153 4439 simplex
1162 4361 1207 4420 ris
1223 4366 1253 4420 et
1271 4359 1409 4420 facilitas.
1436 4359 1593 4438 Siquidem
1611 4378 1663 4420 eo-

133 4452 259 4524 Quorum
273 4453 411 4533 primum
425 4453 675 4513 illudessedebet
687 4472 694 4528 ;
707 4453 848 4532 quamvis
896 4470 979 4523 rum,
995 4470 1066 4532 qua
1088 4452 1225 4532 expertia
1249 4457 1322 4511 sunt
1343 4451 1481 4527 rationis,
1501 4451 1661 4529 appetitio,

102 4540 121 4599 ai
137 4545 261 4624 proprie,
289 4546 479 4625 praecisaque
507 4544 676 4623 loquimur,
693 4553 800 4621 θέλησις,
816 4544 847 4604 id
897 4563 968 4606 eum
992 4562 1055 4603 non
1071 4545 1109 4604 sit
1122 4542 1292 4620 rationalis,
1303 4551 1398 4619 (ιέλησις
1409 4560 1474 4602 non
1488 4541 1610 4603 dicitur.
1626 4544 1667 4605 At
1761 4617 1766 4625 1

102 4638 139 4691 et
149 4635 282 4709 rotantur,
295 4636 360 4697 sire
374 4637 459 4716 quod
472 4636 506 4695 in
527 4635 637 4695 scholis
659 4636 845 4714 percrebuit,
898 4644 1012 4715 βούλησις
1025 4640 1071 4695 est
1084 4642 1166 4696 certa
1180 4634 1330 4697 naturalis
1338 4632 1490 4702 voluutas,
1501 4634 1564 4695 sive
1574 4641 1667 4695 natu-

104 4723 196 4798 coiitio,
212 4727 439 4806 speciesaliqua
462 4727 501 4787 sit
512 4717 642 4808 iaep'ptag,
664 4726 787 4786 {litterae
800 4714 847 4787 tass
897 4726 981 4802 ralis,
1004 4733 1035 4787 et
1058 4727 1216 4787 rationalis
1242 4725 1387 4805 appetitio
1409 4725 1455 4784 rei
1482 4725 1663 4805 cujuspiam.

104 4818 388 4891 menaheaexusu,
401 4818 603 4896 institutoque
617 4824 849 4891 veterumeum
898 4820 983 4879 Inest
996 4820 1080 4879 enim
1091 4817 1227 4878 hominis
1240 4816 1352 4878 animae
1364 4815 1492 4878 facultas
1505 4817 1669 4896 appetendi
1745 4805 1753 4819 ’

104 4904 135 4965 de
151 4917 271 4991 utraque
293 4916 404 4971 eontra
429 4909 655 4971 Monotheletas
677 4910 846 4990 disputant,
899 4909 1070 4971 secundum
1090 4909 1253 4971 rationem.
1272 4910 1352 4968 Cum
1368 4908 1464 4985 igitur
1486 4910 1669 4970 naturaliter

104 5002 170 5074 quod
183 5002 214 5062 in
229 5004 327 5082 capite
340 5001 450 5081 quinto
464 5000 536 5061 iibri
549 5002 714 5079 superioris
728 5002 849 5081 copiose
899 5008 1003 5061 motus
1016 4999 1109 5061 inerit
1128 5000 1180 5061 hio
1204 5000 1364 5061 rationalis
1376 5002 1528 5080 appetitus
1543 5002 1582 5062 ad
1601 5020 1669 5063 rem

105 5087 257 5154 denaus.
900 5093 1054 5171 aliquam,
1083 5092 1196 5154 dieitur
1219 5101 1342 5172 βούλησις.
1362 5094 1416 5153 Est
1430 5093 1517 5155 enim
1540 5101 1665 5171 βούλησις.

134 5283 268 5337 octaua.
294 5283 368 5354 apud
393 5283 524 5352 Euiitym·
554 5284 676 5357 Panopl.
709 5284 750 5338 iii.
774 5283 846 5338 Xiii.
902 5284 962 5344 Θεὸς
974 5284 1022 5355 γὰρ
1036 5284 1163 5357 ὑπάρχεις,
1178 5286 1255 5357 βουλῇ
1269 5286 1298 5338 τὸ
1310 5287 1397 5338 δοκοῦν
1411 5290 1499 5355 accipe.
