3956 6158
294 341 354 401 582
803 342 1128 408 rnaoLoctcoattltt
1154 345 1374 410 DDGMATUM

297 526 357 567 mos
368 507 550 589 palmorum,
572 512 784 589 «sacrificari,
795 513 850 587 ait,
863 513 1020 574 Christum
1030 514 1064 574 in
1153 513 1325 594 Cyprianus
1335 532 1409 577 vero
1431 513 1586 576 mediisin
1605 513 1682 574 locis
1702 512 1789 574 idem
1804 512 1876 575 illud
1906 515 1976 570 br*-

296 602 444 682 antitypis
456 622 513 683 pro
527 604 618 666 nobis
635 606 784 685 symbolis
798 608 1029 669 immolatum«.
1045 634 1058 661 ι
1115 604 1269 668 inculcat:
1286 626 1324 669 ex
1343 609 1455 688 quihus
1472 607 1591 686 aliquot
1611 605 1774 667 attulimus
1786 607 1878 685 capite

296 694 375 756 Vide
400 697 590 758 Germanum
621 700 997 780 constantinopolitanum
1031 702 1064 762 in
1115 698 1323 763 duodecimo&
1333 702 1448 762 Praeter
1459 700 1596 780 qnaealia
1610 700 1879 760 commemoranda

295 785 376 846 libro
390 786 425 848 de
446 790 698 870 Contemplatioue
718 812 817 853 rerum
841 793 1064 854 Ecclesrbstiro·
1117 791 1548 855 suntzmarimeexlihrode
1561 793 1687 873 Lepsia:
1701 792 1737 853 in
1752 811 1814 871 quo
1828 810 1880 854 sc-

296 878 393 941 rum¹.
415 880 477 941 Sed
498 884 626 944 modum
638 885 765 945 excedet
786 887 886 946 oratio
901 892 1023 959 nostra,
1039 888 1065 948 si
1115 884 1185 962 pius
1199 885 1230 945 id
1243 904 1360 947 nomen
1372 888 1484 965 repetit
1499 907 1506 947 ε
1524 885 1699 966 praesertim
1716 883 1775 945 ubi
1788 884 1878 946 histo

297 972 477 1033 Graecorum
499 975 641 1037 omnium
664 977 792 1038 Petrum
815 997 958 1040 acerrare
980 981 1066 1040 testi-
1115 977 1196 1036 riam
1222 977 1308 1039 illam
1335 979 1429 1050 refert
1460 979 1592 1059 puellae,
1619 996 1689 1056 quae
1718 977 1880 1056 gentilibus

297 1065 402 1126 monia
415 1085 555 1145 pergam,
568 1086 638 1147 quae
659 1069 732 1129 novi
747 1071 935 1132 Testamenti
954 1072 1067 1133 sacriti-
1116 1069 1270 1130 sacrificiis
1283 1072 1321 1131 ab
1335 1073 1456 1159 nutrice
1470 1070 1603 1145 initiata,
1613 1075 1720 1149 postea
1733 1069 1774 1130 ad
1787 1070 1881 1131 Eccle-

299 1156 383 1216 cium
415 1158 568 1237 peculiare
600 1159 774 1234 designant.
810 1164 849 1222 Et
877 1171 923 1225 cst
952 1164 1067 1225 Latinis
1117 1160 1195 1221 siam
1208 1162 1339 1225 adducta
1349 1170 1411 1225 est:
1427 1185 1442 1222 u
1457 1163 1654 1242 ignoratione
1663 1161 1762 1240 igitur
1775 1161 1880 1242 obrep-

297 1248 426 1309 testibus
440 1250 672 1312 danduslocus:
688 1272 823 1331 quorum
833 1274 871 1316 er
884 1258 1066 1335 tantaccpia
1118 1259 1186 1315 tum
1197 1260 1253 1329 cst,
1266 1254 1395 1336 inquit³,
1411 1261 1447 1316 ut
1460 1254 1702 1317 sacrificantibus
1713 1253 1880 1316 nobiseam

299 1347 399 1401 certos
408 1341 531 1420 eligam,
546 1344 688 1422 pluribus
702 1351 756 1406 ant
765 1347 895 1427 omium,
912 1355 966 1410 aut
981 1350 1013 1410 in
1025 1351 1069 1413 al·
1117 1364 1222 1408 secum
1236 1354 1335 1411 mater
1347 1348 1485 1411 inferret.
1496 1375 1510 1404 a
1529 1349 1587 1410 Hic
1600 1347 1774 1409 sacrificare
1786 1352 1880 1423 vocat,

300 1434 517 1498 terumloenm
530 1437 641 1522 dilatis.
1117 1440 1230 1501 chriso
1264 1459 1375 1522 corpus
1409 1448 1440 1503 et
1472 1443 1658 1520 sanguinem
1693 1458 1879 1501 consecrare.

1119 1532 1195 1593 ltem
1212 1553 1219 1593 :
1239 1535 1306 1594 uEt
1319 1535 1410 1610 alius,
1425 1535 1480 1614 qui
1498 1541 1529 1595 et
1550 1535 1617 1612 ipse
1636 1533 1823 1609 maculatus,
1837 1552 1880 1593 sa-

1119 1623 1232 1684 crificio
1252 1644 1271 1686 a
1294 1626 1449 1687 sacerdote
1484 1626 1651 1703 celebrato,
1670 1631 1796 1705 partem
1817 1644 1881 1687 curn

1119 1716 1236 1777 caeteris
1248 1736 1341 1778 ausus
1359 1726 1404 1779 est
1417 1718 1549 1780 latenter
1568 1719 1707 1797 accipere
1725 1738 1732 1778 :
1749 1725 1882 1780 sendum

1123 1809 1244 1869 Domini
1256 1810 1357 1883 edere,
1374 1817 1404 1872 et
1419 1817 1607 1873 contrectare
1620 1830 1685 1872 non
1700 1811 1845 1891 potuita

491 1851 702 1941 CAPUT
755 1854 880 1944 XIV·
1160 1901 1247 1962 Idem
1260 1902 1883 1985 inepistolaurodCornelium,qnaenon

1120 1997 1185 2054 tam
1199 1992 1357 2074 Cypriani,
1374 2013 1469 2074 quam
1492 1996 1588 2056 totins
1607 2001 1654 2056 est
1672 1995 1826 2057 Africanae
1838 2014 1883 2077 sy·

1120 2084 1212 2160 nodi3
1239 2086 1271 2146 in
1298 2105 1360 2166 qua
1375 2088 1539 2148 certiorem
1564 2089 1747 2149 Cornelium
1776 2090 1884 2169 Papam

306 2172 482 2234 Latinorum
501 2172 618 2254 aliquot
633 2173 761 2235 Petrum
788 2177 959 2240 testimoniis
974 2188 1069 2242 osteu-
1121 2176 1247 2253 iaciunt,
1269 2178 1439 2241 decrevisse
1453 2198 1485 2241 se
1498 2180 1594 2260 lapsis
1607 2181 1844 2260 poenitentibus,
1857 2188 1885 2243 et

345 2265 428 2326 ditur
451 2285 507 2327 esse
529 2266 680 2348 puulrcre
701 2267 850 2348 quoddam
880 2270 911 2331 iu
938 2272 1072 2336 Ecclesia
1122 2268 1161 2329 ad
1175 2271 1343 2332 Ecclesiam
1356 2272 1457 2334 redire
1471 2272 1684 2352 cupientibus,
1699 2278 1884 2336 communio

344 2357 576 2439 sacrificiumfl‘n
585 2379 643 2442 quo
657 2358 771 2423 Christi
785 2381 901 2444 eorpus,
915 2374 943 2427 et
952 2371 1073 2448 sanquis
1122 2381 1196 2425 nem
1219 2372 1441 2443 repraesentare
1466 2366 1506 2426 ob
1533 2366 1753 2428 imminentem
1778 2387 1886 2429 noram

345 2450 481 2532 offertur.
1123 2457 1343 2535 persecutionis
1365 2458 1550 2536 procellam
1568 2483 1582 2512 ι
1600 2460 1671 2519 Νοιι
1684 2461 1827 2539 poenitet,
1841 2464 1885 2522 in·

1123 2551 1201 2628 quit,
1227 2567 1337 2629 pacem
1365 2551 1546 2612 concessisse
1574 2556 1639 2612 tarn
1659 2551 1804 2614 fortibus.
1827 2555 1885 2615 lma

153 2659 252 2704 nutam
346 2637 369 2697 l.
391 2638 704 2717 Latinorumprimus
717 2639 1074 2719 insutiragiummittcn·
1124 2642 1316 2722 episcopatus
1336 2644 1434 2703 nostri
1457 2645 1557 2703 honor
1578 2644 1727 2722 grandis,
1743 2653 1776 2707 et
1794 2646 1885 2725 gloria

133 2715 245 2812 iffflffflss
255 2723 280 2759 ‘¹
305 2730 363 2792 dus
387 2736 433 2792 est
453 2731 680 2792 Tertullianus:
693 2734 747 2811 qui
762 2733 962 2795 Eucharistiae
976 2754 1074 2796 sacra·
1123 2740 1179 2807 cst,
1189 2735 1427 2819 pacem4dedissc
1445 2737 1634 2815 martyribus
1651 2757 1659 2796 :
1674 2742 1709 2797 ut
1721 2740 1886 2799 sacerdotes

133 2821 272 2922 &mo
306 2831 448 2885 mentum
473 2842 538 2885 non
565 2825 670 2885 minus
693 2825 877 2887 sacrificium
905 2846 969 2888 esse
996 2830 1073 2889 dnm
1123 2828 1178 2906 qui
1192 2827 1339 2888 sacrificia
1351 2828 1406 2888 Dei
1418 2828 1556 2906 qnotidie
1565 2828 1885 2907 celebramus,hostias

273 2904 280 2921 ’
305 2923 512 2994 consecratur,
539 2924 570 2978 et
591 2917 730 2993 offertur,
746 2920 861 2995 asserit,
877 2926 912 2981 nt
934 2920 968 2980 in
991 2921 1073 2983 calce
1124 2922 1197 2992 Deo,
1213 2926 1243 2981 et
1256 2920 1396 2981 victimas
1406 2938 1658 3000 praeparemus.»

306 3011 376 3071 libri
390 3012 427 3072 de
449 3010 601 3072 Oratione.
617 3010 662 3071 lbi
686 3012 770 3072 cuim
794 3012 831 3073 de
849 3012 1020 3089 stationum,
1041 3014 1073 3076 id
1164 3014 1205 3073 ll.
1242 3014 1307 3074 Hoc
1338 3013 1439 3090 ipsum
1473 3012 1659 3076 sacrificium
1694 3017 1834 3095 designat
1858 3025 1885 3080 et
1911 3040 1977 3093 naq

306 3110 352 3165 cst
373 3103 641 3185 remi-jejuniorum
661 3103 770 3164 diebus
789 3123 896 3183 agens,
918 3114 973 3184 p'er
995 3125 1073 3186 qnos
1124 3106 1309 3168 Arelatensis
1332 3104 1431 3185 prima
1452 3106 1604 3184 synodus,
1626 3127 1711 3170 anno
1738 3112 1884 3174 celebrata
1923 3098 1977 3203 ἐξ*

305 3197 450 3259 nonnulli
470 3196 617 3258 sacrificio
638 3196 795 3269 interesse,
817 3203 858 3273 et,
875 3200 959 3278 quod
980 3199 1014 3260 in
1036 3219 1072 3262 ec
1123 3199 1238 3259 Christi
1251 3200 1320 3271 314,
1333 3198 1408 3258 dum
1426 3216 1545 3258 canone
1560 3218 1603 3260 νιν
1630 3202 1672 3261 ita
1686 3205 1798 3266 sancit.
1817 3207 1884 3265 «De

305 3290 502 3363 offerebatur,
524 3290 655 3368 corpori,
670 3308 706 3351 ac
720 3291 863 3365 sangnini
873 3292 995 3352 Domini
1005 3312 1073 3373 par-
1122 3290 1327 3364 Diaconibns,
1354 3308 1432 3369 qnos
1458 3292 1660 3368 cognovimus
1686 3296 1794 3358 multis
1818 3298 1884 3359 loeis

303 3385 430 3464 ticipsre
450 3385 602 3445 ducebant
624 3382 780 3461 religioni,
796 3402 832 3444 eo
851 3385 935 3464 quod
949 3392 1072 3464 accepto
1122 3383 1244 3457 offerre,
1274 3384 1390 3463 placuit
1415 3382 1543 3443 minime
1570 3383 1636 3445 fieri
1662 3386 1787 3450 debere.
1802 3412 1817 3448 c
1835 3391 1885 3450 llic

304 3483 495 3539 sacramento
522 3476 705 3537 solvendum
730 3475 881 3555 putabant
908 3495 973 3538 esse
992 3478 1072 3557 jeju·
1122 3475 1233 3537 offerre
1253 3481 1299 3536 est
1308 3479 1452 3552 προσφέρειν
1476 3492 1513 3535 eo
1538 3493 1650 3555 sensu,
1676 3497 1770 3559 quem
1794 3500 1884 3543 canon

303 3573 403 3632 nium.
423 3591 439 3627 c
453 3569 601 3630 Similiter
615 3573 646 3628 et
659 3568 697 3630 de
708 3568 877 3628 stationum
887 3569 1006 3641 diebus,
1015 3572 1068 3647 ait,
1122 3568 1266 3629 Nicaenus
1279 3584 1360 3628 xrrrr
1372 3567 1517 3646 exprimit
1530 3585 1655 3647 supraa
1673 3572 1766 3634 nobis
1780 3576 1885 3636 adduc»

303 3682 368 3723 non
381 3661 533 3742 putabant
550 3661 688 3739 plerique
711 3659 932 3722 sacrificiorum
956 3664 1069 3725 oratic·
1122 3666 1183 3736 tns;
1197 3677 1262 3720 non
1275 3661 1328 3738 qui
1343 3658 1417 3719 alias
1427 3676 1447 3717 a
1460 3657 1549 3719 nobis
1557 3662 1717 3738 expositus
1730 3665 1802 3743 esd,
1809 3672 1843 3727 ut
1851 3668 1885 3727 stt
1975 3692 1976 3741 l

302 3754 395 3815 nibus
407 3752 696 3824 interveniendum
714 3752 797 3831 quod
820 3753 910 3812 statio
924 3754 1071 3817 solvenda
1122 3751 1621 3833 simplexeshibitiosacramenti3
1636 3757 1772 3834 qualisa
1793 3759 1885 3820 diaco

302 3848 342 3907 sit
364 3851 488 3925 accepto
509 3863 639 3925 corpore
659 3844 793 3906 Domini.
817 3846 899 3924 Ergo
922 3847 1069 3911 devotum
1122 3846 1171 3907 nis
1183 3845 1277 3907 etiam
1291 3852 1439 3923 usurpata
1449 3849 1504 3904 cst.
1520 3845 1644 3907 Rursus
1652 3848 1688 3908 in
1702 3867 1881 3913 eanoncxr.

302 3941 366 4002 Deo
375 3939 558 4018 obsequium
566 3937 757 3998 Eucharistiae
767 3937 960 3999 resolvitlan
970 3942 1070 4019 magis
1122 3939 1163 4000 Ut
1199 3936 1363 4018 peregrino
1404 3936 1547 4015 episcopo
1580 3937 1665 4000 locus
1699 3942 1883 4006 sacrificandi

302 4034 366 4094 Dec
379 4031 516 4108 obligati
531 4033 641 4092 Nonne
651 4031 817 4091 solemnior
826 4030 884 4091 erit
898 4033 988 4093 statio
1003 4039 1067 4109 tua,
1122 4031 1224 4092 detur.

302 4127 328 4186 si
350 4127 390 4186 ad
415 4143 500 4186 aram
528 4124 584 4185 Dei
611 4122 754 4183 steteris?
783 4124 914 4203 Accepto
942 4143 1070 4205 corpore
1161 4123 1291 4202 Optatus
1316 4120 1514 4184 Milcvitanus
1540 4124 1574 4184 in
1587 4126 1669 4187 calos
1696 4127 1769 4189 libri
1796 4128 1880 4200 tertii,
1927 4152 1952 4207 c,¹

302 4219 436 4288 Domini,
458 4223 490 4278 et
502 4222 669 4285 reservato,
691 4221 859 4295 utrumqne
874 4216 995 4278 salvum
1012 4225 1068 4294 cst,
1120 4216 1238 4277 illustre
1263 4214 1353 4276 nohis
1375 4214 1513 4293 ejusdem
1525 4217 1572 4276 rei
1594 4218 1807 4281 testimonium
1819 4238 1882 4299 sup

303 4318 334 4371 et
347 4310 541 4390 participatio
556 4308 706 4382 sacrificii,
727 4313 756 4368 et
772 4308 910 4368 executio
925 4309 1028 4371 officii.
1051 4333 1066 4369 n
1121 4309 1248 4388 peditat,
1263 4324 1334 4368 cum
1348 4308 1578 4369 Donatistarum
1597 4310 1882 4375 calumniamrefcl·
1972 4350 1974 4375 t

302 4405 463 4466 Manifesta
484 4402 667 4463 sacrificium
688 4406 778 4461 vocat
796 4400 986 4462 oblationem
1007 4405 1070 4464 Eu·
1121 4402 1167 4476 lit,
1182 4402 1237 4480 qni
1252 4400 1347 4480 perid
1360 4405 1563 4480 tempusque
1573 4403 1686 4464 Paulus
1698 4411 1729 4466 et
1740 4407 1881 4468 Macarius

302 4498 470 4569 charistiae,
500 4494 827 4574 consecrationemque
840 4516 848 4569 3
877 4494 964 4573 cnjus
991 4494 1072 4559 finnt
1121 4494 1178 4554 riri
1194 4491 1355 4554 clarissimi
1365 4493 1404 4553 ab
1420 4492 1608 4572 Imperatore
1621 4497 1788 4559 Constante
1804 4498 1881 4560 missi

302 4588 466 4653 Christiani
478 4588 651 4668 participes.
1122 4586 1245 4647 suntad
1268 4585 1440 4647 nonaustas
1459 4585 1498 4645 ad
1518 4586 1669 4648 unitatem
1688 4591 1879 4665 revocandos,
1973 4582 1974 4613 ³

340 4676 432 4745 Elin
454 4682 534 4742 libro
559 4679 693 4741 secundo
716 4678 750 4740 de
777 4678 871 4741 Cultu
890 4678 1071 4760 semr‘ucrum
1122 4681 1206 4759 quod
1220 4697 1302 4739 anno
1313 4677 1427 4738 Christi
1441 4679 1501 4739 348
1510 4684 1634 4757 gestum
1642 4688 1699 4758 est,
1714 4683 1791 4745 illud
1805 4680 1881 4743 mma

301 4777 399 4856 eapite
425 4792 466 4837 ru.
489 4772 616 4835 «Vobis
643 4778 749 4833 autern
775 4772 862 4832 nulla
883 4774 1070 4852 procedendi
1123 4770 1581 4850 divulgarunt,venturcsillos,
1597 4774 1800 4852 ntprofanam
1811 4780 1881 4837 ima·

301 4888 405 4943 causa,
421 4868 533 4948 inquit,
550 4884 615 4926 non
626 4864 748 4939 tetrica;
771 4871 827 4949 aut
839 4864 1001 4925 imbecillis
1014 4866 1069 4926 ali-
1120 4866 1225 4944 ginem
1254 4866 1288 4926 in
1314 4863 1404 4924 altari
1427 4870 1567 4944 tempore
1593 4866 1734 4928 sacrificii
1763 4868 1879 4947 publice

302 4963 421 5042 qnisex
433 4958 581 5021 iratribus
602 4956 773 5017 visitandus
784 4977 793 5031 ;
809 4963 863 5018 out
881 4957 1069 5021 sacrificium
1119 4963 1338 5038 proponerent.
1355 4957 1400 5017 Ex
1422 4974 1485 5036 quo
1510 4955 1662 5021 invidiam
1684 4959 1769 5021 illam
1790 4960 1880 5021 Dona·

302 5054 442 5131 offertur,
457 5057 513 5113 aut
526 5053 580 5113 Dei
592 5050 723 5112 verbnm
737 5049 1012 5113 administratur.»
1119 5052 1196 5113 tistea
1224 5050 1426 5115 condtarunt.
1452 5054 1604 5128 unquam
1624 5051 1663 5113 ad
1682 5051 1879 5113 idololatriam
1972 5044 1973 5073 ³

302 5251 346 5315 τοῦ
360 5257 496 5330 προσιέναι,
509 5256 542 5328 μὴ
552 5255 718 5328 ὑπομένοντας
730 5253 787 5308 ἰδεῖν
802 5254 923 5324 τοσαύτην
933 5256 1022 5324 κηλῖδα
1035 5261 1072 5329 τῷ
1157 5272 1179 5311 ct
1197 5255 1285 5310 Anna.
1298 5255 1379 5310 Crisa.
1400 5253 1489 5307 stetu
1503 5252 1585 5327 γὰρέν
1599 5253 1733 5318 ἀντιτύποις
1743 5254 1874 5327 ὖπὶρὴμὸν

303 5342 416 5415 ἀμιάντῳ
425 5340 587 5412 θυσιαστηρίῳ
601 5338 833 5411 παρεφεδρεόουσαν·
1120 5339 1253 5411 cupidiore
1266 5336 1474 5428 ἱεροθυωνμενσς.

331 5518 341 5563 l
356 5516 415 5563 'lom
427 5516 466 5563 llll
479 5516 535 5563 aut.
548 5518 591 5563 ΡΡ.
610 5514 713 5573 -ἳςθ,
724 5518 774 5562 -8
785 5516 849 5573 cypr.
862 5516 888 5562 de
899 5516 950 5571 rap.
962 5514 1012 5561 --t
1022 5516 1046 5561 ln
1056 5516 1125 5561 Dtatr.
1137 5515 1163 5560 de
1177 5517 1284 5563 Patalete
1294 5524 1391 5566 mmm.
1401 5523 1450 5574 erp.
1461 5525 1472 5561 r
1485 5519 1507 5560 u
1518 5524 1565 5571 uer
1671 5568 1673 5571 ¹
