4076 6180
594 330 644 391 DE
663 328 967 404 INCARNATIONE,
989 328 1064 390 LIB.
1085 328 1168 409 XIII,
1190 331 1274 393 (ιιι).
1296 333 1338 392 X.
1684 334 1744 395 685

157 494 262 573 aliqua
275 493 430 574 imquitas,
446 514 462 552 ι
484 498 545 555 ete.
569 493 702 555 Proinde
721 492 927 574 reprobantur
1017 496 1096 569 Quid
1110 497 1193 576 quod
1207 494 1294 556 illam
1308 494 1446 574 Apostoli
1468 495 1665 573 senteutiam,
1683 496 1745 569 Qut

157 589 241 663 ideo,
257 592 289 648 et
306 588 346 647 ad
359 593 509 648 aternam
526 587 760 648 damnationem
775 586 926 647 ordinari·
976 587 1147 649 oultomues
1160 587 1287 648 homiues
1299 586 1391 648 sulcos
1404 585 1483 667 fieri,
1504 592 1636 667 utroque
1650 590 1744 649 modo

157 686 223 753 tur,
239 679 312 759 quib
325 679 357 739 in
372 684 484 741 caterua
506 697 561 741 sata
576 678 760 759 prescientia
782 676 928 739 carissime
976 681 1175 759 probabiliter
1187 680 1318 759 intelligi
1335 697 1423 760 posse
1436 680 1553 741 ibidem
1577 680 1693 757 asserit,
1709 687 1746 741 ut

157 770 305 851 previdit
321 770 470 849 suturam,
486 779 522 833 ut
542 772 619 834 illud
634 772 795 850 eilgerent‚
812 778 839 830 et
862 766 928 830 nol-
978 778 1076 834 etvox
1091 792 1187 834 carnes
1208 774 1248 835 ad
1265 773 1372 834 omnia
1386 772 1549 833 hominum
1565 790 1677 849 genera
1692 791 1742 834 re·

160 862 218 925 lent
232 861 273 924 ad
293 865 387 925 Deum
401 864 540 926 converti.
563 863 769 938 Quamobrem
791 863 837 923 uti
851 879 928 941 praa·
977 864 1105 941 feratur,
1121 884 1186 926 non
1201 866 1241 927 ad
1250 865 1388 944 singulos
1404 885 1411 926 ι
1426 871 1458 926 ιι
1485 866 1523 926 de
1542 865 1697 934 omnilms,
1710 883 1746 926 ac

160 956 240 1018 visio
253 957 489 1037 aepraescientia
503 957 559 1018 Dei
579 975 645 1017 non
658 956 808 1018 antecedit
821 972 928 1035 repro·
978 957 1107 1036 singulis
1120 957 1282 1038 capiatur?
1300 959 1401 1019 altem
1416 957 1495 1018 alius
1507 957 1599 1035 dieat,
1609 957 1711 1036 inquit
1721 956 1744 1030 ¹,

160 1049 276 1111 borum
304 1049 485 1129 nequitiam,
505 1056 536 1110 et
557 1050 764 1110 voluntariam
789 1050 823 1108 in
845 1047 929 1108 malo
979 1054 1011 1110 et
1024 1049 1337 1125 sentiat‚sicutetiam
1350 1050 1564 1130 aquibusdam
1577 1050 1747 1129 majoribus

161 1141 439 1222 perseverantiam:
456 1142 509 1203 sed
528 1160 597 1204 eam
610 1143 750 1221 sequitur
761 1160 769 1214 3
780 1140 929 1220 qoemad-
980 1141 1108 1218 dictum,
1123 1146 1155 1204 et
1165 1160 1289 1204 sensum
1303 1143 1458 1224 reperitur
1475 1143 1746 1222 :Apostoluscum

162 1234 295 1296 modum
305 1234 435 1296 scientia
447 1238 480 1295 et
493 1235 627 1314 cognitio
641 1234 755 1296 futurae
768 1233 824 1309 rei,
838 1233 931 1311 hujus
980 1234 1123 1313 superius
1137 1236 1219 1296 orari
1227 1235 1367 1313 jussisset
1381 1253 1438 1315 pro
1457 1235 1601 1296 omnibus
1613 1234 1749 1294 homini·

119 1400 122 1405 p
164 1332 212 1388 est
237 1326 398 1389 existentia
424 1326 533 1388 saltem
558 1327 683 1406 cognita
703 1326 854 1405 posterior
871 1324 932 1385 :sie
981 1324 1051 1399 bus,
1067 1344 1124 1405 pro
1137 1325 1272 1405 regibus,
1298 1330 1329 1388 ct
1348 1327 1408 1403 liis,
1424 1328 1476 1405 qui
1500 1328 1535 1386 in
1559 1326 1749 1387 sublimitate

160 1418 328 1497 judicium,
344 1437 406 1498 quo
420 1419 490 1479 illos
516 1418 555 1478 ob
569 1436 638 1480 eam
650 1435 774 1479 causam
784 1418 932 1478 damnare
981 1421 1064 1493 sunt,
1080 1418 1211 1498 postilla
1225 1419 1332 1480 omnia
1349 1418 1532 1498 generaliter
1551 1419 1590 1479 de
1603 1421 1747 1480 raniverso

165 1511 393 1592 statuit3quam
404 1511 705 1591 praedestinationem
719 1512 758 1573 ad
772 1510 932 1571 interitum
981 1528 1095 1588 genere
1119 1510 1258 1572 humano
1280 1511 1440 1589 subjunxit
1460 1511 1535 1592 :qui
1563 1510 1629 1571 ιιιιίι
1655 1530 1750 1573 omues

166 1603 330 1684 Remigius
343 1603 492 1684 appellat;
510 1604 710 1682 quaeratione
723 1603 874 1684 posterior
888 1608 935 1664 est
982 1600 1111 1662 domines
1137 1602 1229 1663 salvos
1255 1602 1333 1684 fieri.
1364 1604 1443 1676 Quid
1469 1603 1563 1665 habet
1588 1604 1671 1677 mali,
1695 1610 1751 1665 aut

165 1696 370 1777 prescientia,
386 1695 527 1757 eamdem
553 1696 639 1757 illam
666 1697 884 1758 obfirmantem
900 1715 933 1758 se
982 1693 1111 1772 pericrdi
1125 1695 1219 1755 etiam
1233 1695 1293 1755 ista
1306 1693 1533 1774 intelligentia?
1547 1697 1653 1775 Neque
1665 1697 1750 1757 euim

165 1790 202 1850 in
226 1792 349 1867 peccato
373 1787 547 1849 libertatem
574 1789 717 1868 subsequi
743 1789 845 1849 debet.
865 1790 934 1849 Non
983 1786 1037 1864 qui
1054 1786 1095 1847 ita
1123 1787 1227 1863 sentit,
1242 1793 1331 1866 putat
1352 1788 1505 1848 voluntati
1527 1788 1592 1861 Dei,
1608 1789 1661 1867 qui
1684 1789 1751 1849 vult

165 1886 269 1961 potest
281 1879 504 1955 autemlibera‚
519 1886 550 1940 et
571 1880 605 1941 in
625 1880 755 1941 arbitrio
774 1881 871 1959 posita
885 1881 935 1942 vel
984 1895 1092 1938 omnes
1102 1878 1245 1940 homines
1255 1879 1354 1940 salvos
1363 1880 1442 1952 fieri,
1450 1880 1586 1960 aliquem
1596 1880 1747 1950 resistere.

166 1973 255 2053 fingi,
271 1973 936 2055 eogitariquevoluntatisobstinatioiuvivis
985 1974 1015 2030 et
1028 1971 1191 2048 contraire,
1207 1978 1314 2032 utnon
1328 1971 1562 2052 possitimplere
1571 1974 1655 2052 quod
1663 1974 1748 2036 velit:

166 2065 476 2141 adhuehominibus;
497 2082 575 2145 quos
595 2065 717 2129 uiatores
733 2074 933 2146 nuncupaut3
984 2068 1015 2123 et
1029 2062 1121 2124 ambo
1140 2062 1209 2136 sibi,
1235 2070 1266 2125 ιι
1291 2065 1348 2126 iste
1373 2065 1525 2140 videlicet,
1542 2071 1573 2126 et
1595 2066 1658 2142 ille,
1682 2067 1751 2129 licet

167 2159 195 2218 si
209 2159 346 2234 alterius,
362 2162 393 2220 et
406 2160 569 2220 contrariae
578 2158 684 2238 partis,
700 2158 760 2219 hoc
777 2164 822 2219 est
831 2176 935 2238 perse·
985 2155 1105 2216 diversa
1118 2157 1295 2235 sentientes,
1307 2157 1450 2231 fideliter,
1461 2164 1553 2237 atque
1563 2159 1752 2221 unanimiter

166 2251 315 2313 versutiae
329 2250 415 2311 nulla
430 2251 469 2311 sit
482 2250 591 2311 iisdem
610 2251 772 2328 eligendae,
793 2250 934 2311 obtinen-
985 2248 1182 2321 concordent,
1198 2250 1281 2329 quod
1291 2248 1429 2329 quolibet
1443 2250 1536 2310 modo
1545 2250 1658 2312 dixerit
1672 2254 1753 2332 lipo-

166 2343 424 2422 deequelacultas‚
433 2362 503 2422 quae
517 2348 584 2403 tum
594 2343 729 2404 maxime
738 2342 824 2404 nulla
836 2360 937 2405 cense-
985 2338 1081 2399 stolus
1093 2340 1132 2400 de
1145 2341 1221 2409 Deo,
1238 2340 1292 2420 qui
1305 2341 1369 2402 uult
1391 2360 1487 2402 omnes
1507 2341 1635 2403 domines
1659 2344 1754 2406 sulcos

166 2441 312 2511 tumeam
324 2437 403 2497 Deus
415 2435 555 2497 absolute
569 2435 932 2496 nullamessedeerevit.»
985 2428 1066 2509 fieri,
1086 2435 1192 2492 tamen
1214 2433 1320 2494 nullus
1346 2433 1521 2507 hominum,
1538 2436 1597 2495 nisi
1617 2436 1751 2514 gratuita

210 2529 294 2589 VIII.
319 2530 440 2588 Rursus
459 2527 494 2587 in
513 2528 591 2588 libro
612 2526 649 2588 dc
668 2526 791 2588 tenenda
816 2528 937 2589 ueritate
987 2521 1053 2598 ejus
1077 2524 1286 2586 misericordia
1306 2525 1457 2603 salvetur3
1472 2527 1577 2588 nullus
1593 2528 1652 2588 nisi
1669 2528 1753 2606 justo

167 2621 349 2701 Smipturcq
361 2621 416 2699 qui
429 2620 454 2697 ej
460 2619 568 2681 uadem
576 2620 792 2699 Lugdunensis
801 2618 937 2681 ecclesiae
987 2613 1053 2691 ejus
1061 2613 1178 2692 judicio
1191 2617 1292 2696 perire
1306 2618 1512 2697 permittatur.
1528 2620 1615 2680 Certe
1627 2620 1704 2681 illud
1719 2621 1752 2680 in

166 2713 297 2773 nomine
310 2718 356 2773 est
368 2710 546 2790 inscriptus,
559 2711 720 2790 complura
733 2712 800 2773 loca
813 2711 937 2786 suntin
986 2705 1044 2768 hac
1062 2709 1233 2787 questione
1248 2710 1446 2771 manifestum
1462 2719 1519 2787 est,
1535 2712 1618 2791 quod
1633 2713 1753 2773 etiamsi

167 2804 283 2884 quibus
297 2805 336 2866 de
344 2803 561 2883 reprobatione
574 2822 630 2883 par
644 2809 675 2864 et
691 2803 798 2864 similis
812 2810 936 2865 senten-
986 2800 1183 2876 generaliter,
1199 2807 1230 2861 et
1251 2800 1462 2864 indifferenter
1477 2821 1585 2865 omnes
1610 2805 1753 2865 homines

168 2897 213 2956 tiu
225 2896 413 2958 continetur.
429 2896 470 2956 Ut
492 2914 565 2957 cum
582 2895 885 2975 predestinationem
898 2895 937 2955 ud
987 2891 1067 2950 Deus
1076 2891 1144 2952 vult
1156 2892 1256 2953 salvos
1268 2893 1347 2967 fieri,
1363 2894 1396 2953 iu
1409 2894 1542 2956 aliorum
1565 2901 1670 2957 tamen
1684 2915 1753 2958 cor·

167 2988 356 3069 supplicium
374 3009 385 3046 ι
401 3006 466 3050 non
480 3006 545 3049 esse
565 2988 746 3063 uiolentam,
767 2987 842 3065 oit¹‚
864 2989 938 3066 quia
986 2982 1077 3043 dibus
1091 2983 1282 3063 benignitate
1296 2986 1586 3049 misericordiaesuaa
1600 2989 1665 3068 ipse
1677 3008 1755 3070 ope·

166 3081 293 3142 nullum
307 3080 463 3160 compellit
486 3085 524 3141 ut
536 3079 637 3141 malus
661 3081 710 3155 ιιι,
731 3089 762 3141 ιι
775 3080 859 3141 aliud
873 3096 937 3141 esse
986 3079 1074 3135 ratur
1089 3077 1231 3138 eamdem
1248 3076 1364 3138 bonam
1383 3078 1575 3141 voluntatem
1602 3100 1702 3158 suam,
1718 3086 1755 3142 ut

167 3191 236 3234 non
244 3174 339 3253 possit
353 3193 361 3234 :
377 3191 436 3234 nec
454 3173 613 3253 injustam,
629 3190 699 3252 quae
713 3173 782 3233 illos
801 3179 938 3234 tautum-
988 3174 1018 3227 at
1029 3167 1087 3245 ipsi
1100 3169 1211 3230 salvari
1224 3169 1330 3246 velint,
1346 3176 1439 3250 atque
1454 3172 1612 3234 salventur
1628 3194 1635 3235 :
1649 3181 1706 3236 eto.
1718 3177 1754 3236 ln

167 3265 274 3339 modo,
290 3265 342 3345 qui
356 3265 493 3326 scovitio
507 3265 540 3325 in
553 3264 645 3325 malis
660 3265 932 3344 perseveraverint,
987 3259 1119 3321 aliorum
1138 3266 1243 3323 autem
1279 3263 1423 3324 cordibus
1448 3266 1609 3329 severitate
1632 3267 1707 3346 justi
1725 3273 1756 3329 et

168 3357 270 3437 punit,
288 3364 343 3419 etc.
362 3359 427 3418 Hoc
440 3374 576 3436 namque
590 3375 665 3435 erga
677 3356 820 3418 homines
834 3358 939 3418 dirius
987 3353 1097 3413 occulti
1107 3353 1217 3431 J'udicii
1231 3354 1290 3426 ιιιι,
1305 3373 1370 3416 non
1385 3362 1530 3436 operatur
1543 3358 1624 3420 hane
1638 3359 1755 3421 saluta·

168 3449 410 3530 praedestinatio,
440 3450 525 3528 quod
552 3454 584 3510 et
610 3449 714 3510 divina
744 3448 939 3526 praescientia
987 3462 1053 3505 rem
1063 3444 1266 3522 voluntatem,
1281 3447 1334 3508 sed
1346 3448 1474 3509 dimittit
1485 3467 1537 3510 eos
1546 3468 1603 3511 suo
1614 3451 1753 3527 arbitrio;

167 3541 245 3621 agit.
261 3541 417 3603 Praeseivit
430 3541 515 3602 enim
529 3543 609 3602 Deus
623 3540 850 3602 malosluturos
863 3561 870 3601 :
885 3541 938 3602 sed
988 3543 1023 3597 ut
1054 3537 1127 3615 quia
1161 3540 1331 3600 noluerunt
1356 3541 1492 3618 eredere,
1517 3542 1600 3621 justa
1635 3544 1754 3607 ultione

168 3634 240 3712 ipsa
260 3652 316 3696 sua
330 3634 524 3714 praescientia
542 3652 606 3694 non
629 3651 682 3694 eos
707 3633 858 3712 compulit
870 3633 939 3693 lieri
987 3630 1213 3693 damnentur.»
1232 3632 1388 3693 Nimirum
1403 3635 1754 3713 Lugdunensisecelesie

168 3726 280 3788 malos.
305 3726 536 3788 Praedestinavit
559 3725 644 3804 justo
666 3725 783 3805 judicio
802 3742 859 3787 suo
873 3742 936 3799 ecs,
987 3722 1164 3800 generalem
1177 3741 1271 3803 penes
1285 3726 1384 3785 Deum
1407 3725 1520 3788 latetur
1533 3731 1599 3790 esse
1615 3731 1756 3793 volunta·

169 3819 273 3899 quiin
286 3820 375 3881 malis
389 3819 663 3900 perseveraverint,
679 3818 864 3897 puniendos.
877 3818 939 3879 Nee
986 3819 1062 3885 tem,
1090 3832 1153 3895 qua
1184 3816 1252 3878 vult
1276 3834 1384 3879 omnes
1406 3819 1506 3881 salvos
1529 3820 1597 3882 ficri
1611 3841 1618 3883 :
1633 3824 1756 3885 tametsi

167 3919 277 3973 tamen
299 3914 408 3974 eadem
438 3910 707 3993 predestinatione
726 3929 782 3971 sua
805 3915 841 3970 ut
865 3909 939 3971 mali
988 3923 1053 3967 non
1067 3924 1374 3988 ergaomnesparem
1387 3910 1756 3978 habeat:sednonnuNos

170 4011 284 4079 essent,
296 4005 346 4065 vel
357 4005 390 4066 in
411 4004 501 4066 malis
516 4008 760 4083 perseverarent,
776 4003 888 4080 coegit.
902 4002 940 4061 Et
988 3998 1100 4078 majori
1114 3998 1215 4060 studio
1225 4006 1257 4061 ιι
1266 4020 1372 4064 amore
1388 4005 1622 4083 complectatur,
1643 4008 1756 4088 quibus

168 4097 240 4159 haeo
253 4102 298 4159 est
310 4097 395 4178 apud
417 4096 506 4158 illum
521 4096 659 4175 aequitas,
676 4101 711 4155 ut
734 4095 789 4176 qui
802 4094 940 4156 volentes
990 4096 1116 4167 certam,
1134 4097 1165 4153 et
1184 4091 1308 4154 mmam
1326 4097 1543 4174 perseverandi
1562 4098 1755 4161 voluntatem

169 4190 372 4270 perstiterunt
382 4189 416 4250 in
441 4189 543 4264 mulis,
558 4187 700 4249 nolentes
723 4187 893 4267 puniantur
906 4187 940 4247 in
990 4182 1106 4244 auxilio
1121 4183 1226 4258 gratie
1243 4184 1396 4248 uberioris
1409 4188 1534 4269 aspirat.

169 4281 371 4361 suppliciis.»
390 4283 473 4341 Tum
495 4279 643 4360 reprobos
668 4279 743 4339 istos
762 4278 807 4339 ita
820 4280 940 4340 decreto
1029 4277 1087 4336 tx.
1111 4277 1288 4350 Quinetiam
1312 4279 1422 4340 eodem
1436 4279 1489 4342 illo
1502 4280 1537 4342 in
1554 4281 1623 4343 loco
1636 4299 1755 4345 memo·

170 4375 228 4435 liei
237 4374 468 4454 predestinatos
479 4390 543 4433 esse
555 4372 594 4433 ad
609 4371 782 4444 interitum,
806 4381 841 4432 ut
850 4371 942 4432 nihil·
989 4368 1123 4430 randum
1138 4370 1285 4450 quiddam
1298 4371 1337 4432 de
1349 4371 1410 4432 illis
1432 4372 1610 4435 infidelibus
1629 4376 1754 4453 tradit⁸‚

171 4465 298 4527 ominus
311 4465 345 4526 in
354 4484 464 4527 eorum
473 4464 602 4525 arbitrio
616 4463 847 4542 sitetpotestate
857 4462 941 4524 aliud
994 4481 1010 4517 ι
1020 4460 1059 4520 ad
1072 4480 1150 4540 quos
1176 4463 1281 4524 nullus
1304 4481 1443 4542 unquam
1458 4465 1640 4544 predicator
1652 4486 1757 4529 acces·

171 4574 250 4633 esse,
265 4573 361 4636 quam
373 4555 455 4634 quod
479 4559 562 4630 sunt,
577 4559 609 4614 ct
622 4552 662 4614 ad
682 4552 813 4613 salutem
831 4571 938 4632 perve-
990 4553 1039 4628 sit,
1068 4555 1184 4634 quique
1210 4555 1335 4616 nullum
1369 4574 1510 4635 unquam
1533 4558 1663 4620 verbum
1700 4560 1756 4621 Dei

170 4649 253 4722 nire,
281 4648 428 4727 precatam
446 4646 481 4707 in
504 4644 705 4725 sequentibus
731 4645 858 4724 exponit
872 4645 938 4705 sic:
990 4647 1166 4721 audierunt,
1180 4648 1235 4726 qui
1249 4649 1357 4727 utique
1383 4648 1563 4711 nullatenus
1588 4657 1758 4730 potuerunt

177 4740 349 4820 uSeipsum
359 4757 433 4819 ergo
446 4740 541 4800 homo
562 4742 680 4811 mutet;
703 4736 849 4816 scipsum,
866 4736 942 4797 dum
990 4739 1113 4800 eredere
1126 4739 1166 4813 ei,
1177 4757 1271 4818 quem
1278 4757 1343 4800 non
1353 4739 1529 4817 audierunt,
1538 4761 1640 4822 nsque
1649 4744 1758 4806 audire

171 4839 298 4912 tempus
311 4837 366 4910 est,
383 4832 517 4911 corrigat
530 4836 561 4890 et
574 4828 730 4904 emendet,
746 4828 820 4907 quia
839 4828 940 4887 omni·
990 4832 1057 4893 sine
1071 4831 1270 4911 praedicante,
1286 4847 1343 4893 nec
1355 4832 1589 4912 predicatorem
1608 4836 1755 4916 recipere,

172 4928 344 5005 potentem,
368 4929 461 5003 atque
487 4927 637 4983 eternam
660 4919 897 5001 prescientiam,
911 4926 942 4981 et
991 4923 1158 5003 quinullus
1172 4923 1211 4984 ad
1226 4941 1278 4985 eos
1290 4923 1404 4985 missus
1424 4931 1479 4986 est.
1495 4945 1511 4983 ι
1529 4926 1593 4987 Ηιι
1604 4945 1679 4988 uero
1692 4946 1757 4989 uon

171 5016 477 5098 praedestinationem
497 5020 617 5075 mutare
634 5012 683 5074 vel
707 5013 865 5074 destrucre
877 5030 942 5073 uon
990 5021 1155 5096 propterea
1166 5015 1307 5076 damnari
1318 5016 1372 5093 ιιι,
1387 5016 1534 5097 quianon
1548 5019 1756 5083 eredidemnt.

172 5109 267 5170 valet.
280 5129 296 5167 ι
310 5109 440 5169 Frustra
459 5113 565 5169 autern
587 5106 767 5167 hortaretur
779 5103 939 5184 reprobos.
995 5107 1183 5186 «Numquid
1196 5112 1227 5168 et
1244 5107 1320 5169 tales
1333 5112 1497 5188 propterca
1514 5109 1756 5189 damnabuntur,

172 5206 210 5262 nt
223 5218 256 5262 se
282 5206 440 5262 mutarent
462 5205 494 5262 et
515 5199 549 5259 in
562 5198 645 5260 bono
658 5197 942 5278 perseverarent,si
990 5199 1103 5278 iuquit,
1119 5198 1269 5279 quianon
1283 5199 1581 5281 crediderunt‚quod
1597 5222 1759 5284 nunquam

172 5295 233 5355 hoc
246 5293 315 5355 illos
329 5295 410 5355 Deus
419 5292 519 5355 tacere
532 5291 640 5353 nollet.
991 5288 1101 5350 audire
1114 5287 1304 5370 potuerunt?
1319 5290 1356 5351 Et
1369 5294 1474 5351 tamen
1487 5291 1618 5354 omnino
1632 5294 1759 5356 demna·

202 5498 213 5540 1
226 5494 286 5543 lon.
295 5495 332 5551 iv,
344 5509 391 5553 liar.
405 5495 424 5543 ll
435 5491 492 5543 nttt.
503 5514 530 5530 ...
542 5494 557 5539 ι
569 5492 624 5542 ibid.
638 5513 662 5529 -
678 5493 693 5538 a
707 5490 760 5539 ibid.
