3936 6152
482 291 532 352 DE
552 288 850 361 montanarium,
873 289 947 349 tte.
970 290 1024 368 XI,
1051 294 1134 355 cle.
1158 292 1241 353 Xlll.
1594 280 1650 340 ter

82 459 115 518 de
125 457 232 537 triplici
245 458 377 538 loquens
387 458 497 520 Christi
509 453 834 530 conditione,tctidem
883 455 1050 534 quopiam:
1067 458 1167 538 qualis
1186 455 1369 537 Agathoclea
1388 452 1481 512 hrtsse
1497 446 1651 529 proditur.

82 549 116 610 ab
127 550 215 627 Magis
228 551 401 629 significata
413 550 617 612 muneribus:
635 564 709 609 cum
729 544 833 626 tripli·
883 547 1060 609 Destinatus
1068 556 1114 610 est
1135 569 1190 611 rex
1210 546 1396 624 statueret
1419 550 1454 604 ut
1473 559 1529 602 rex
1543 537 1654 599 Sicilia

83 660 147 717 cem,
159 643 294 722 iaqumu,
310 642 450 716 indolem,
466 644 498 704 id
518 647 567 704 est
580 647 706 713 statum,
722 646 752 700 et
764 657 834 699 eon·
884 638 933 714 sit,
951 641 984 700 in
999 647 1119 722 sceptro
1134 661 1170 703 ac
1184 643 1370 710 diademate,
1387 638 1542 717 plenoque
1555 629 1654 692 domi·

84 735 218 797 ditionem
245 736 494 815 predestinatam
520 755 540 797 a
563 737 652 797 Patre
677 734 751 793 dicit
771 749 836 792 esse
884 737 973 807 natu,
1002 740 1033 794 et
1052 741 1222 814 potestate:
1251 734 1306 813 qui
1333 732 1378 791 sic
1397 727 1546 807 loquitur,
1574 721 1655 783 nihil

84 827 201 899 Christo,
231 830 427 890 tantumdem
455 830 509 904 ait,
537 847 574 890 ac
601 828 627 888 si
664 825 836 887 destinatum
884 823 968 884 aliud
981 825 1166 906 intelligitur
1183 827 1273 901 velle,
1298 823 1437 895 disthor,
1458 818 1654 896 designatum

83 919 199 998 simplici
213 938 286 982 vore
306 921 441 983 dixisset.
461 922 565 1000 ltaque
585 920 681 981 futilis
696 925 742 980 est
765 918 836 977 Ori-
885 934 950 977 esse
971 930 1087 997 regem,
1103 926 1133 979 et
1157 919 1195 979 ad
1211 917 1417 998 principatum
1432 930 1497 973 esse
1521 909 1656 970 destina·

83 1012 159 1091 genis
170 1012 406 1091 animadversio,
420 1016 474 1094 qui
493 1016 577 1077 inter
597 1013 785 1088 destructum,
806 1017 851 1072 et·
886 1014 954 1069 tum
961 1016 996 1069 ut
1003 1010 1042 1070 sit
1055 1028 1180 1091 compos
1194 1010 1360 1089 insignium
1375 1007 1512 1072 illorum,
1525 1004 1656 1082 potestu-

82 1101 306 1184 predestinotum
333 1106 415 1167 hanc
445 1107 587 1186 agnoscit
613 1105 836 1179 differentiam,
885 1102 986 1180 iisque
1000 1104 1104 1181 regiae.
1254 1105 1258 1115 '

84 1195 155 1274 quod
171 1215 186 1253 o
200 1195 371 1258 destinatur
383 1198 436 1259 ille
450 1201 504 1278 qui
523 1205 579 1273 est;
601 1198 838 1277 predestinatus
927 1195 979 1254 Vl.
997 1195 1140 1274 Ejusdem
1154 1201 1227 1255 sunt
1241 1194 1367 1268 teucris,
1387 1196 1418 1251 et
1441 1194 1585 1253 ἀκολουθίας
1606 1200 1653 1243 se·
1703 1203 1815 1300 quonaone

84 1286 187 1365 illequi
206 1307 272 1349 non
293 1295 350 1351 est.
369 1312 385 1347 u
410 1291 503 1369 Atqui
523 1289 669 1352 destinare
689 1290 836 1368 aliquem,
888 1288 1025 1364 quentia,
1054 1286 1209 1348 secundnm
1233 1287 1376 1368 spiritura
1412 1275 1656 1361 sanctificationis
1688 1268 1824 1366 ,fffflss

84 1379 204 1459 exempli
228 1400 331 1455 eausa,
356 1380 520 1457 Cerealem,
547 1382 675 1461 perinde
702 1401 738 1443 ac
762 1400 840 1461 pror-
888 1380 1143 1440 reresurrectioue
1160 1387 1361 1439 mortuorum:
1375 1392 1488 1453 nempe
1503 1367 1658 1451 predesti-
1682 1375 1829 1466 ffifrt·

84 1469 225 1543 destinare,
240 1474 394 1550 futrrrum,
411 1480 442 1535 et
453 1476 536 1554 quod
545 1476 686 1537 nondum
700 1482 757 1551 est,
776 1493 839 1536 res·
889 1478 982 1531 natus
1002 1478 1058 1538 est,
1072 1478 1106 1532 ut
1115 1476 1194 1532 esset
1215 1472 1308 1531 Filius
1323 1469 1386 1538 Dei,
1399 1463 1657 1547 quatenusviriu-
1692 1476 1820 1575 ggquprirta

84 1564 157 1643 picit.
889 1568 964 1633 tem,
974 1582 1010 1623 ac
1022 1564 1214 1625 divinitatem
1225 1564 1387 1634 obtineret,
1404 1567 1433 1620 et
1446 1557 1529 1637 quod
1539 1553 1660 1616 virtutis
1734 1534 1767 1585 ‘¹⁸

117 1656 152 1715 V.
175 1655 314 1717 Christus
332 1657 438 1736 igitur,
465 1679 504 1720 ex
529 1661 582 1721 illa
606 1660 838 1735 significatione,
891 1655 984 1733 hujus
1008 1658 1198 1736 precipuum
1220 1656 1377 1731 effectum,
1398 1650 1599 1719 etiudicium‚
1613 1664 1660 1706 ar·

56 1747 244 1824 decimatus,
272 1749 323 1809 vel
353 1751 590 1830 predestinatus,
635 1753 747 1814 dicitur
786 1752 844 1814 Dei
891 1754 1138 1827 gumeutumque
1159 1748 1229 1824 fuit,
1250 1749 1315 1808 vim
1339 1741 1600 1814 communicandi,
1625 1757 1660 1798 ae

16 1836 20 1865 ³
86 1839 176 1919 filim
188 1858 260 1919 quse
274 1840 391 1903 locutio
406 1861 470 1904 non
484 1845 643 1906 decretum
664 1846 754 1906 dere
776 1845 842 1923 jam
892 1839 1051 1900 derivandi
1066 1841 1099 1899 in
1127 1841 1268 1901 homines
1288 1840 1421 1918 Spiritus
1438 1836 1545 1897 saneti.
1570 1832 1661 1893 Nulla

85 1930 163 2005 heta,
176 1936 207 1992 ei
220 1932 382 2009 existente,
399 1937 534 2014 atque'ad
543 1937 659 2015 aliquid
668 1937 742 1997 novi
755 1953 841 1997 com·
893 1933 1007 2011 quippe
1028 1950 1077 1991 res
1091 1933 1281 1994 diuinitatem
1293 1933 1401 1993 Christi
1416 1929 1581 1991 declaravit
1594 1942 1661 1986 rna-

85 2029 181 2102 parata
192 2024 402 2101 demonstrat;
420 2028 473 2088 sed
484 2028 667 2100 taciendam,
681 2034 712 2089 et
731 2030 770 2089 ad
784 2029 843 2089 hoc
893 2024 952 2102 gis,
979 2029 1010 2084 et
1036 2025 1274 2100 commendavit,
1299 2042 1394 2103 quam
1419 2023 1487 2096 ista,
1516 2020 1601 2100 quod
1627 2019 1661 2078 in

86 2116 188 2194 ipsum,
203 2117 290 2195 quod
303 2117 525 2193 significatione
539 2139 595 2180 sua
613 2121 761 2196 continet,
777 2138 845 2200 per·
894 2116 1035 2176 homiues
1061 2117 1210 2195 Spiritum
1237 2123 1377 2177 sanetum
1406 2114 1556 2176 effuderit.
1588 2112 1662 2171 Ideo

87 2207 251 2269 ducendam
264 2208 391 2270 indicat.
406 2210 456 2271 Sic
468 2210 634 2292 desiperem
650 2211 764 2287 Consul,
780 2231 845 2273 non
894 2209 976 2287 apud
995 2210 1146 2269 ioannem
1165 2209 1303 2288 praedicit
1317 2204 1504 2288 Apostolis⁸‚
1525 2212 1593 2265 tum
1612 2204 1664 2264 de·

88 2300 134 2377 qui
152 2300 254 2379 reipsa
266 2300 461 2361 consulatum
473 2304 563 2381 gerit,
581 2305 633 2363 sed
648 2305 703 2383 qui
722 2304 845 2365 futurus
895 2318 983 2359 mum
997 2300 1204 2361 intellecturos
1216 2302 1368 2376 homines,
1384 2298 1556 2378 eujusmodi
1571 2298 1619 2369 sit,
1633 2302 1665 2356 et

89 2395 136 2462 eet,
149 2391 284 2452 dicitur:
301 2411 358 2472 pro
372 2411 434 2472 quo
448 2392 625 2455 destinatum
640 2396 717 2456 dixit
739 2398 847 2457 Sueto·
895 2393 1159 2471 quemadmodum
1177 2413 1196 2453 a
1220 2395 1282 2454 Deo
1301 2395 1341 2454 sit
1358 2393 1480 2463 missus,
1503 2407 1573 2452 cum
1595 2394 1664 2469 post

89 2482 181 2545 nius'.
199 2484 298 2545 Porro
313 2485 391 2545 duas
406 2485 519 2547 Christi
532 2488 763 2549 naturasilloia
778 2489 846 2550 loco
896 2491 1028 2545 mortem
1047 2503 1145 2560 suam,
1162 2492 1192 2545 et
1214 2486 1399 2565 passionem,
1419 2502 1474 2564 per
1495 2502 1527 2544 se
1547 2500 1665 2560 suoque

89 2574 213 2636 declarat
238 2575 414 2655 Apostolus,
441 2577 624 2655 humanam,
652 2586 744 2659 atque
767 2579 845 2640 divi·
894 2578 1032 2651 nomine,
1046 2584 1078 2638 et
1090 2577 1278 2653 interventu,
1292 2576 1515 2639 communicari
1524 2574 1666 2635 fidelibus

89 2684 164 2730 nam.
186 2668 329 2729 Priorem
344 2668 411 2729 haec
433 2671 611 2744 ostendunt,
629 2671 688 2747 Oai
700 2672 847 2751 fortusse
895 2670 1171 2730 animadverterint
1222 2671 1372 2749 Spiritum
1421 2675 1572 2730 sanctum.
1623 2666 1666 2728 Et

87 2760 183 2820 senine
198 2759 300 2821 David
312 2762 470 2821 mudum
489 2781 617 2823 curnem.
644 2764 847 2826 Posteriorem
895 2782 961 2823 curn
988 2762 1109 2835 uenerit,
1137 2763 1249 2840 inquit,
1266 2761 1328 2834 r'tle,
1344 2771 1446 2841 orqeet
1473 2758 1613 2820 mundum
1629 2761 1666 2820 de

88 2851 227 2913 exhibent
250 2853 422 2930 sequentia,
463 2853 525 2927 Oui
560 2853 784 2934 predestinatus
806 2865 849 2918 est
892 2862 1024 2935 peccato,
1043 2859 1071 2914 et
1085 2852 1120 2914 de
1126 2855 1263 2931 justitio,
1287 2864 1314 2914 et
1335 2852 1370 2914 de
1374 2852 1508 2932 judicic,
1540 2850 1575 2912 de
1596 2871 1664 2932 pec-

88 2942 178 3005 Filius
200 2944 261 3005 lter'
281 2943 314 3004 in
352 2949 472 3018 virtute,
498 2947 588 3024 quasi
610 2948 734 3023 diceret,
764 2949 848 3009 idem
896 2955 961 3007 ceto
988 2944 1117 3026 quidem.
1148 2946 1220 3026 quio
1242 2963 1300 3005 nco
1322 2943 1510 3005 crediderunt
1533 2945 1567 3004 in
1593 2964 1664 3006 me:

88 3035 142 3111 ille,
156 3036 208 3116 qui
225 3041 381 3115 quatenus
395 3036 489 3097 homo
504 3044 580 3112 erat,
596 3043 713 3111 ortum,
737 3045 768 3099 et
789 3041 849 3101 ini-
896 3036 1066 3120 dejeratitio
1092 3056 1176 3109 vero,
1206 3037 1279 3117 quin
1300 3035 1341 3098 ud
1362 3036 1482 3098 Putrem
1499 3035 1581 3113 oudo,
1604 3043 1663 3099 etc.

88 3130 157 3188 dam
174 3127 293 3208 accepit
312 3146 351 3189 ex
371 3129 495 3189 Doridis
523 3131 652 3207 samiae,
678 3133 849 3194 secundum
899 3132 973 3191 Hace
986 3135 1091 3190 autem
1105 3128 1238 3206 Spiritus
1250 3129 1349 3190 sancti
1363 3130 1467 3189 missio
1482 3136 1512 3190 et
1530 3129 1663 3204 largitio,

88 3222 244 3300 potiorem,
267 3221 575 3301 prestantioremque
591 3223 639 3283 sui
654 3228 785 3302 partam,
801 3225 850 3285 Fi·
899 3240 960 3301 qua
974 3222 1143 3282 sanctitatis
1156 3229 1187 3282 et
1205 3222 1332 3300 justitiae
1347 3228 1504 3300 compotes
1526 3221 1596 3281 facti
1617 3240 1667 3282 su·

88 3312 193 3375 liusest
205 3314 272 3390 Dei,
294 3318 325 3373 at
337 3313 375 3373 ad
390 3313 450 3373 hoe
479 3314 716 3393 predestinatus
736 3322 793 3377 ast.
810 3318 850 3377 Ut
898 3333 980 3385 mus,
997 3321 1146 3393 tanquam
1156 3312 1274 3375 [ructus
1288 3314 1415 3393 quidam
1434 3313 1667 3374 resurrectionis

90 3405 166 3466 euim
181 3406 278 3467 homo
292 3411 470 3485 assumptus
484 3414 529 3466 est
542 3426 561 3467 a
576 3409 648 3481 Deo,
664 3408 707 3469 sie
721 3416 852 3471 utassu-
899 3407 1072 3468 abeodem
1097 3407 1244 3484 Apostolo
1275 3406 1483 3478 constituitur,
1511 3424 1583 3466 cum
1610 3405 1664 3467 ait.

88 3505 226 3572 meretur,
243 3517 283 3559 ex
306 3497 393 3558 omni
412 3499 585 3559 eternitate
615 3500 796 3573 destinatus,
820 3507 851 3563 et
900 3498 1076 3560 decurrerit
1094 3505 1218 3577 propter
1233 3496 1483 3577 justificationem
1511 3496 1665 3558 nostrorn‘.

89 3588 241 3651 ordinatus
254 3594 311 3661 est,
337 3594 372 3648 ut
393 3589 477 3650 idem
496 3590 632 3652 hominis
643 3592 727 3653 filius
746 3612 783 3654 ac
795 3593 849 3655 Dei
899 3592 1013 3653 idcireo
1027 3591 1135 3652 iesum
1149 3589 1307 3650 Christum
1327 3590 1379 3650 ille
1393 3589 1447 3665 ait,
1469 3591 1669 3669 praedestina·

88 3680 178 3743 tieret.
195 3684 243 3743 lta
256 3681 357 3753 δύναμις
370 3682 433 3741 sive
448 3681 552 3758 vinus,
569 3690 623 3743 aut
633 3685 777 3762 potenteis,
793 3704 850 3765 pro
902 3691 967 3744 tum
980 3682 1083 3757 luisse,
1098 3682 1145 3742 uti
1160 3682 1213 3742 ltei
1227 3688 1306 3742 esset
1318 3682 1412 3759 filius,
1426 3690 1456 3744 et
1470 3683 1504 3743 in
1524 3683 1577 3743 illa
1593 3702 1669 3763 opu-

88 3770 237 3835 dirinr'tute
255 3773 410 3847 sumitur;
427 3778 463 3832 ut
475 3774 550 3835 alibi
574 3776 707 3853 passim;
725 3784 760 3837 ut
777 3795 850 3838 cum
899 3775 996 3837 lentie
1004 3773 1137 3846 virtutis,
1157 3792 1193 3833 ac
1207 3776 1364 3853 potestatis
1378 3781 1467 3851 esset,
1483 3782 1518 3836 ut
1533 3775 1667 3836 sanctifi-

89 3865 194 3926 Paulus
214 3866 298 3927 idem
324 3864 482 3925 Christum
494 3871 583 3927 vocat
597 3866 654 3928 Dei
666 3868 804 3929 virtutem
817 3869 848 3944 ²3
900 3872 1022 3930 cautem
1035 3866 1185 3945 Spiritum
1199 3872 1268 3945 post
1283 3868 1537 3929 resurrectionem
1551 3868 1584 3927 in
1598 3886 1670 3928 suos

90 3956 239 4019 ctidem⁸.
255 3956 326 4018 Non
348 3956 405 4017 etsi
424 3957 595 4035 crucifixus
612 3967 664 4035 est,
688 3961 850 4039 inquitas
899 3959 1089 4019 immitteret.
1108 3955 1272 4019 Secundum
1292 3957 1444 4038 Spiritum
1460 3958 1669 4040 mortificatio-

90 4050 268 4126 infimitate,
283 4048 332 4110 sed
347 4047 418 4109 uicit
432 4067 469 4109 ee
484 4049 589 4109 uirtute
600 4049 668 4111 Dei.
687 4052 849 4113 Proedesti-
900 4050 948 4109 nis
962 4050 1075 4129 inquit,
1094 4049 1143 4110 vel
1155 4057 1301 4129 ἁγιωσύνης,
1323 4051 1354 4110 id
1376 4056 1422 4110 est
1432 4052 1606 4127 eunrtr'tutir,
1635 4057 1671 4112 ut

89 4148 175 4203 nattis
199 4147 246 4203 est
269 4141 364 4217 igitur
388 4141 477 4201 Jesus
494 4141 544 4201 ille
572 4141 720 4215 Christus,
736 4144 800 4205 siva
812 4163 851 4205 ex
901 4142 1015 4202 habent
1026 4141 1124 4202 Graeci
1132 4140 1260 4217 codices,
1275 4161 1313 4202 ea
1326 4144 1533 4203 resurrectione
1541 4153 1669 4204 urertno·

90 4242 200 4296 eterno
214 4235 384 4296 destinatus
397 4233 437 4294 ad
451 4233 520 4309 hoe,
536 4239 572 4294 ut
586 4241 665 4295 esset
680 4235 774 4297 Filius
785 4238 848 4310 Dei,
902 4253 969 4294 rum
982 4233 1050 4295 lesu
1064 4231 1179 4294 Christi
1192 4232 1315 4294 Domini
1325 4234 1428 4295 nostri.

90 4324 312 4386 communicata
324 4325 385 4402 ipsi
397 4325 512 4384 virtute
527 4325 590 4399 illa,
606 4325 665 4387 hoc
686 4334 730 4388 est
743 4328 853 4389 divini·
942 4327 1007 4387 Hoc
1046 4326 1138 4403 longe
1177 4327 1400 4405 congruentius
1430 4327 1509 4387 mihi
1535 4328 1668 4406 videtur,

90 4424 158 4495 tata,
178 4425 210 4480 et
224 4418 266 4493 ri,
285 4417 511 4496 stridentiaque
534 4426 654 4479 naturae
677 4419 760 4479 illius
780 4439 852 4499 pro·
902 4436 997 4496 quam
1024 4418 1108 4496 quod
1133 4417 1287 4497 plerisque
1314 4419 1414 4498 placet
1438 4420 1669 4499 interpretibus,

91 4510 164 4588 pria.
180 4511 247 4571 Nec
260 4510 349 4569 aliter
362 4510 394 4570 S.
423 4508 558 4570 Thomas
576 4510 610 4570 in
632 4513 854 4572 commentario
904 4510 1062 4571 Christum
1081 4509 1323 4589 predestinatam
1339 4510 1396 4571 Dei
1418 4510 1519 4591 fitium
1546 4512 1606 4571 dici
1631 4512 1670 4573 ah

90 4602 354 4664 adillumlocum.
374 4622 389 4660 a
411 4601 648 4663 Praedestinatus
661 4609 717 4678 est,
741 4604 853 4683 inquit,
904 4602 1061 4679 apostolo,
1091 4619 1129 4662 er
1156 4598 1364 4663 resurrectione
1390 4610 1582 4677 mertuorum,
1612 4604 1672 4665 hoc

90 4700 123 4754 ut
142 4695 181 4756 sit
200 4695 271 4755 talis
298 4693 391 4767 filius,
420 4699 455 4753 ut
479 4693 592 4754 haheat
612 4694 775 4773 equalem,
792 4697 854 4756 imo
904 4699 961 4770 est,
976 4700 1012 4753 ut
1036 4701 1105 4773 post
1131 4694 1390 4755 resurrectionem
1409 4713 1497 4756 suam
1518 4695 1572 4756 Dei
1593 4702 1672 4758 esset

91 4787 230 4847 eamdem
238 4786 468 4846 virtutemcum
480 4786 541 4845 Deo
556 4787 679 4848 Patre.»
692 4787 855 4848 Nuuenim
906 4787 1012 4860 Filius,
1038 4787 1303 4866 quemadmodum
1328 4786 1493 4848 anselmus
1518 4789 1669 4866 exposuit,

92 4877 253 4957 adoptivus
270 4878 365 4940 Filius
389 4883 434 4938 est
462 4882 497 4937 ut
511 4879 632 4940 caeteri:
654 4880 708 4959 qui
730 4881 855 4960 plenam
905 4878 1017 4957 aliique
1027 4877 1211 4956 complures,
1226 4883 1259 4937 ut
1273 4877 1347 4938 dixi.
1364 4880 1487 4940 Etenim
1507 4887 1672 4960 postquam

92 4968 172 5031 illam
190 4971 383 5032 divinitatem
397 4976 428 5032 et
448 4970 595 5030 vimutem
609 4989 674 5031 non
687 4972 853 5051 accipiunt,
905 4970 1074 5031 resurrexit
1087 4988 1105 5029 a
1119 4969 1250 5029 mortuis
1265 4970 1414 5046 Christus,
1430 4972 1580 5050 peculiari
1593 4991 1670 5052 qua·

92 5079 145 5123 uec
160 5063 189 5123 in
204 5062 375 5124 vr'rtuteiilii
388 5067 472 5137 sunt,
487 5061 583 5121 sedin
597 5062 810 5139 similitudine,
826 5068 858 5124 ct
906 5062 979 5123 dam
997 5062 1116 5123 ratione
1132 5060 1227 5122 Filius
1250 5061 1307 5121 Dei
1318 5079 1395 5137 esse,
1420 5063 1543 5141 dicique
1566 5066 1670 5143 caepit,

93 5154 322 5215 adumbratione
341 5153 466 5213 virtutis
481 5152 574 5213 illius.
589 5155 856 5227 Quemadmodum
907 5160 942 5213 ut
955 5172 993 5213 ex
1008 5152 1127 5214 Psalmo
1141 5153 1277 5215 secundo
1292 5153 1394 5233 colligi
1409 5156 1545 5230 videtur,
1561 5158 1615 5217 ubi
1629 5157 1673 5218 ita

93 5246 117 5305 si
129 5247 197 5326 quis
206 5246 285 5308 dicat
298 5247 337 5308 de
346 5245 470 5321 humili,
487 5251 519 5305 et
538 5244 664 5324 abjectae
672 5245 858 5307 conditionis
907 5245 1039 5325 legitur:
1058 5244 1151 5306 Filius
1164 5264 1245 5307 meru
1257 5264 1285 5307 es
1299 5254 1332 5307 tu
1349 5264 1360 5307 .·
1372 5266 1423 5328 epo
1431 5245 1515 5310 hodie
1527 5249 1618 5328 penui
1632 5257 1668 5310 te.

120 5452 132 5489 ι
145 5450 203 5491 suet
213 5450 287 5493 tam.
302 5462 351 5506 cap.
365 5462 413 5494 mr
426 5458 448 5494 at
459 5452 486 5494 tn
495 5452 565 5504 cette
579 5461 676 5505 capro.
690 5471 717 5482 -
727 5448 762 5492 tt
777 5451 825 5494 Cor.
839 5448 898 5499 nil.
911 5471 937 5482 -
950 5448 984 5495 ³1
998 5451 1047 5495 Cer.
1060 5460 1107 5499 nu,
1121 5449 1142 5494 t.
1157 5472 1184 5482 -
1196 5452 1276 5496 man.
1291 5460 1334 5501 nl,
1347 5454 1368 5494 e.
1385 5468 1410 5480 -
1420 5453 1433 5491 tt
1443 5450 1502 5495 Rem.
1512 5462 1542 5503 ιν,
1555 5450 1590 5493 ht.
