4076 6180
325 296 385 371 6⁴2
829 296 1155 383 rppomermppu
1181 298 1397 381 notuerint

326 455 405 521 cello
418 456 560 525 homines
580 455 723 537 liberare,
740 458 765 522 sl
776 458 835 545 tpsl
857 459 963 541 veltet,
981 465 1012 541 et
1033 458 1092 541 niti
1143 460 1276 537 Herode,
1290 467 1322 524 ot
1341 460 1454 526 iudeis
1467 459 1580 543 impiis)
1595 477 1661 523 non
1680 464 1716 522 ut
1732 475 1919 539 agnoseere-

326 548 478 611 voluntati
504 548 587 611 ihtes
609 548 767 622 resistant3
790 550 895 635 aperte
922 550 1091 631 signifieat,
1142 556 1205 627 tur,
1226 549 1280 614 sed
1302 557 1337 614 ut
1357 550 1549 615 occideretur
1572 571 1580 614 c
1600 551 1675 631 quia
1696 550 1836 612 mundus
1860 566 1917 628 per

327 639 404 701 velle
418 658 526 701 omnes
547 659 611 702 esse
634 642 732 702 salvos
756 643 866 718 Deum,
882 648 1034 725 quantum
1049 655 1094 719 est
1143 659 1217 703 cnm
1231 642 1328 704 lactus
1341 648 1398 715 est,
1410 643 1669 704 etmunduseum
1681 660 1743 703 non
1754 640 1915 718 coguovit.

325 730 360 790 in
382 731 447 810 ipso
465 750 521 792 :ae
544 733 569 792 si
590 734 645 812 qui
666 733 745 793 forte
770 740 909 812 pereant,
925 753 989 794 non
1010 732 1093 813 quod
1143 735 1298 795 Omunde
1310 734 1472 795 immunde
1489 756 1497 794 ι
1513 734 1664 815 reuitqm
1677 740 1708 795 te
1721 732 1871 807 redimat,
1888 737 1920 791 ct

326 822 378 883 ille
391 823 533 901 voluerit,
547 825 600 885 sed
614 825 698 904 qrroel
709 825 760 887 isti
774 826 958 902 recusarint,
975 827 1009 885 iu
1024 843 1093 887 eam
1143 826 1289 903 turbaris,
1304 833 1334 887 et
1351 826 1436 887 hunc
1457 833 1491 887 tu
1515 826 1564 887 ris
1584 826 1725 905 perdere,
1739 823 1870 904 quando
1890 829 1920 883 te

326 913 531 977 calamitatem
559 917 713 991 incidisse,
741 919 831 995 Certe
859 918 1018 998 reprobos,
1042 916 1096 996 qui
1144 917 1293 997 disposuit
1305 918 1446 980 liberare.
1470 918 1690 980 Oludaeorum
1708 923 1791 977 terra
1804 913 1919 994 impia,

326 1006 457 1086 sibiipsis
467 1007 596 1084 inimici,
610 1015 641 1070 et
652 1010 799 1071 adversus
815 1012 912 1070 Deum
928 1016 1093 1070 contuma-
1145 1028 1209 1069 non
1230 1011 1374 1090 congruis
1396 1011 1484 1071 cralo.
1505 1011 1627 1071 Caelum
1646 1011 1860 1080 demonstrat,
1885 1011 1922 1066 nt

326 1117 388 1175 ecs,
403 1119 438 1161 ac
451 1101 618 1162 refractarii
630 1102 846 1177 fuerunt,ideo
859 1103 1099 1181 absaluteputat
1145 1102 1291 1163 adoretur
1307 1122 1314 1163 ι
1330 1109 1366 1163 tu
1402 1103 1505 1183 patris,
1526 1109 1561 1179 ut
1581 1102 1685 1179 inians
1701 1107 1843 1165 necetur.
1865 1098 1921 1173 lllc

327 1192 734 1272 excidisse,quodinritanti,
743 1195 1098 1273 etservarevolcutigra-
1146 1193 1202 1253 tihi
1216 1195 1379 1267 annuntiat
1419 1214 1492 1271 eum
1505 1195 1666 1275 hominem
1679 1193 1850 1272 suscepisse
1864 1209 1920 1271 pre

327 1286 572 1347 tiaerestiterunt.
589 1288 734 1360 Quamvis
752 1289 837 1349 enirn
853 1288 1025 1349 salvosessc
1043 1305 1096 1347 eu·
1145 1291 1176 1346 te
1193 1306 1200 1347 :
1217 1291 1248 1346 et
1260 1294 1294 1348 tu
1307 1287 1354 1349 vis
1368 1288 1496 1366 perdere
1511 1305 1584 1351 eum
1598 1287 1652 1367 qui
1666 1286 1752 1361 verrit
1764 1284 1922 1359 redimere

327 1377 929 1458 piat,nonidtamcnabsolutefrerivult,
947 1379 1097 1440 sedadhi-

326 1464 569 1535 hitaconditione
579 1473 647 1550 hac,
656 1473 826 1534 dummodo
837 1492 894 1554 pro
906 1472 990 1535 virili
1001 1471 1099 1551 etipsi

327 1564 478 1639 nitantur,
494 1584 529 1625 ac
553 1564 646 1626 fidem
672 1567 840 1646 suscipiant
863 1587 870 1625 ;
902 1586 916 1623 u
931 1566 972 1625 Ut
993 1582 1100 1644 quem-

328 1657 496 1718 admodum
519 1677 573 1737 per
594 1677 694 1718 unum
716 1658 887 1735 hominem,
904 1657 958 1736 qui
980 1658 1099 1736 primus

308 1749 425 1811 ‘faetus
444 1746 519 1822 est¹,
549 1749 581 1810 id
605 1757 649 1811 cst
665 1750 776 1822 Adam,
805 1767 890 1811 mors
913 1749 1042 1813 intravit
1066 1749 1098 1808 in

327 1860 427 1922 genus
439 1842 626 1917 humanum,
637 1843 709 1922 quia
723 1841 877 1903 consensit
892 1841 1016 1902 mulieri
1034 1859 1098 1901 suae

328 1935 461 1996 seductae
479 1935 645 2012 adiabclo,
659 1941 694 1995 ut
713 1941 900 2017 praeceptum
923 1933 976 1995 Dei
996 1940 1098 1993 trans-

328 2028 532 2107 grederentur
556 2046 562 2087 :
583 2027 626 2088 sic
647 2045 703 2106 per
726 2045 825 2087 unum
849 2026 1020 2099 hominem,
1047 2023 1100 2104 qui

329 2120 423 2180 etiam
437 2121 517 2181 Deus
536 2124 591 2192 est,
608 2119 663 2179 hei
687 2119 779 2192 fitius,
795 2119 814 2179 J
817 2135 904 2179 esum
930 2117 1098 2187 Christum,

329 2212 436 2273 deletis
450 2211 595 2273 omnibus
608 2212 739 2291 peccatis
749 2211 924 2291 praeteritis,
942 2210 1101 2270 eredentes

329 2305 363 2365 iu
377 2322 451 2365 enm
462 2322 570 2365 ornnes
584 2305 617 2365 iu
632 2310 782 2364 aeternam
792 2303 889 2363 vitam
900 2302 1100 2380 ingrederen-

330 2403 426 2468 tur,u
459 2403 495 2457 ut
521 2396 639 2456 ibidem
666 2413 740 2456 mor
763 2394 956 2474 Augustinus
983 2393 1098 2454 scribit.

331 2489 410 2549 Nam
422 2505 516 2549 nemo
528 2488 582 2567 qui
595 2488 653 2548 ista
667 2488 760 2564 leget,
779 2487 874 2563 aliud,
890 2486 916 2546 si
939 2504 1043 2562 santis,
1067 2504 1100 2546 ae

330 2580 451 2641 sobrius
462 2587 518 2657 est,
535 2598 642 2641 sectam
656 2580 822 2659 reputabit,
835 2578 894 2639 nisi
908 2578 1101 2639 voluntatem

331 2669 416 2730 illam
440 2669 495 2731 Dei
521 2668 664 2729 homines
690 2667 822 2729 liberare
849 2667 992 2741 volentia,
1010 2667 1044 2727 irr
1065 2666 1102 2726 iis

331 2763 403 2822 solis
416 2762 560 2823 ellectum
574 2760 709 2839 {habere
725 2760 779 2839 qui
796 2760 830 2819 in
854 2760 927 2835 fidet,
943 2778 1040 2838 eaque
1055 2758 1101 2818 vi-

331 2854 443 2915 delieet
469 2854 595 2917 caritate
621 2854 758 2914 animata
786 2858 985 2931 perseverant
1012 2871 1019 2910 :
1050 2870 1103 2911 cos

331 2965 416 3020 vere,
434 2947 488 3031 (pri
506 2946 634 3023 volenti,
649 2951 680 3006 et
694 2943 840 3023 aspiranti
862 2945 923 3004 [teo
942 2948 1099 3018 resistunt,

331 3040 411 3101 velle
423 3038 548 3118 quidem
569 3056 692 3100 servaro
711 3039 810 3098 licum
828 3055 836 3097 ι
853 3037 906 3096 scd
919 3037 1020 3118 reipsa
1037 3054 1102 3096 non

332 3131 475 3208 hberarc,
502 3132 576 3211 quia
602 3130 760 3205 beneficae,
784 3148 820 3191 ae
840 3128 983 3190 salvifice
1005 3128 1103 3208 ipsius

332 3223 484 3284 voluntati
498 3222 626 3302 obsequi
641 3223 819 3283 noluerunt.

373 3317 432 3377 ΙΙΙ.
455 3318 576 3377 Rursus
598 3314 629 3375 in
647 3315 844 3376 enarratione
859 3311 977 3374 Psalmi
996 3329 1101 3375 carru.

337 3431 352 3468 a
378 3409 486 3485 indas,
516 3407 650 3488 inquu’,
679 3406 810 3468 traditor
836 3407 963 3486 punitus
991 3411 1049 3487 est,
1074 3411 1105 3466 et

333 3500 470 3563 Christus
483 3500 647 3562 crucifixus
659 3504 715 3561 est.
732 3499 792 3561 Sed
811 3517 868 3559 nos
886 3499 1020 3559 redemit
1032 3517 1103 3559 san-

333 3595 427 3674 guine
452 3613 529 3670 suc,
556 3600 587 3654 et
614 3591 705 3672 punit
727 3592 817 3652 illum
845 3590 1007 3671 depretia
1035 3610 1102 3651 suo.

334 3686 465 3766 Projeeit
483 3687 567 3747 enim
591 3683 727 3765 pretium
750 3684 882 3764 argenti,
898 3703 960 3763 quo
988 3683 1027 3743 ab
1051 3682 1105 3751 illa

333 3779 486 3840 Dominus
498 3778 642 3839 venditus
656 3782 733 3852 crat,
749 3796 805 3838 nee
824 3776 953 3856 agnovit
969 3775 1105 3870 pretium

333 3891 395 3952 quo
410 3872 505 3950 ipsea
522 3870 658 3930 Domino
681 3869 861 3947 redemptus
882 3872 966 3943 erat3
990 3867 1106 3927 factrrm

333 3970 379 4026 est
400 3964 459 4024 hoc
481 3962 514 4023 in
541 3962 633 4023 luda.
650 3983 665 4019 u
695 3963 801 4041 ltaque
826 3961 925 4040 pretio
947 3959 1106 4036 sanguinis

335 4056 449 4119 Christi
475 4055 654 4135 redemptas
682 4061 728 4115 est
753 4052 860 4125 iudas,
890 4072 956 4113 non
979 4053 1106 4147 <paridem

334 4150 436 4230 reipsa
452 4169 460 4208 ι
476 4148 529 4208 scd
548 4154 702 4227 quantum
724 4146 758 4206 in
772 4145 976 4225 redemptoris
998 4145 1107 4206 volun·

336 4247 397 4304 tate
424 4240 493 4301 fuit.
521 4240 637 4300 Eodem
666 4244 782 4318 spectat
807 4238 891 4318 qnod
913 4237 950 4298 de
977 4237 1107 4315 ludaico¹

337 4334 452 4421 populo
479 4332 552 4393 alibi
579 4331 770 4409 Augustinus
797 4330 882 4391 idem
913 4336 1066 4390 memorat
1097 4347 1104 4389 ι

341 4449 357 4485 u
371 4426 479 4506 Populi
494 4429 784 4503 autemsperncntcs
793 4427 920 4503 propter
929 4422 1106 4503 snperbiam

339 4537 428 4580 suam
442 4517 648 4579 humilitatem
663 4515 961 4590 Dei,oruci1ixerunt
978 4515 1107 4576 salvato-

338 4631 407 4674 rem
421 4629 513 4673 suum
526 4631 534 4685 3
550 4617 582 4671 et
593 4610 733 4671 fecerunt
747 4609 961 4669 damnatorem
972 4625 1075 4667 snum.
1090 4629 1102 4666 o

380 4706 459 4765 Item
472 4703 506 4762 in
519 4698 599 4762 lihrc
613 4700 747 4762 secundo
761 4698 796 4760 de
808 4699 948 4781 Symbola
965 4697 1006 4759 ed
1020 4698 1107 4761 Cote-

1147 1384 1187 1439 te.
1204 1401 1219 1437 a
1237 1380 1372 1441 Venerat
1385 1399 1458 1463 ergo
1473 1381 1622 1456 Christus,
1637 1385 1673 1443 nt
1685 1383 1840 1459 quantum
1855 1383 1923 1441 arat

1147 1470 1274 1551 inipso,
1295 1473 1447 1552 populum
1466 1474 1632 1549 redimeret
1651 1470 1834 1545 universum
1853 1491 1862 1533 :
1881 1475 1923 1530 ta·

1148 1565 1238 1641 mctsi
1257 1556 1347 1645 eulpa
1373 1585 1429 1626 sua
1449 1584 1514 1626 non
1534 1583 1644 1633 omnes
1668 1565 1769 1645 reipsa
1790 1564 1857 1641 sint
1877 1581 1922 1623 re

1147 1656 1276 1736 dempti.
1294 1659 1364 1719 ldeo
1382 1658 1415 1718 in
1430 1676 1576 1737 supremo
1584 1656 1701 1741 judicio
1714 1656 1848 1725 uulnera
1864 1655 1922 1716 iltis

1148 1766 1204 1809 sua
1222 1749 1509 1811 demonstraturum
1529 1768 1595 1810 csse
1617 1750 1795 1823 Dominum,
1814 1753 1922 1828 postea

1149 1840 1232 1919 dicit,
1244 1841 1323 1902 etita
1329 1860 1382 1904 eos
1390 1839 1626 1915 allocuturum³z
1639 1840 1921 1919 ‹rEcechominem

1152 1951 1245 2013 quem
1269 1934 1463 2013 crucifixistis
1497 1953 1504 1995 ;
1540 1952 1610 1995 θθθθ
1632 1935 1743 2006 Deum,
1768 1940 1798 1993 et
1815 1931 1923 1993 horni-

1152 2043 1236 2095 nem,
1254 2027 1287 2086 in
1301 2045 1395 2113 quem
1409 2027 1533 2088 credere
1546 2027 1701 2089 noluistis.
1715 2025 1836 2087 Videtis
1856 2023 1925 2087 rul-

1150 2136 1237 2193 nera,
1254 2138 1324 2197 qnae
1346 2119 1498 2181 indixistis
1517 2120 1704 2198 :agnoscitis
1724 2117 1815 2195 latus,
1841 2116 1925 2197 quod

1152 2211 1325 2297 pupugistis
1343 2232 1350 2271 :
1366 2212 1516 2291 quoniam
1530 2218 1561 2273 ct
1581 2231 1637 2293 per
1658 2229 1725 2291 ros,
1745 2216 1776 2271 ct
1795 2216 1925 2291 prepter

1150 2321 1206 2362 vos
1222 2309 1365 2383 apertum
1379 2310 1443 2378 est3
1458 2323 1514 2365 nec
1525 2310 1630 2364 tamen
1645 2304 1759 2367 intrare
1768 2302 1922 2365 voluistis.

1152 2395 1211 2468 Qui
1225 2413 1289 2455 nou
1305 2398 1376 2456 estis
1389 2396 1543 2479 redempti
1556 2396 1654 2474 pretio
1670 2396 1732 2459 mei
1748 2395 1922 2474 sauguinis,

1151 2476 1216 2547 riou
1230 2486 1301 2547 estis
1315 2488 1378 2548 mei
1394 2507 1400 2547 :
1416 2486 1593 2551 Disceditee
1613 2507 1656 2549 ore
1671 2487 1704 2547 ic
1724 2487 1817 2567 ipoea
1837 2495 1925 2547 ceter-

1152 2576 1240 2638 orum*
1254 2585 1311 2639 etc.
1325 2578 1450 2640 festinet
1463 2579 1688 2661 uuusquisque,
1704 2598 1776 2639 cum
1789 2578 1880 2654 vivit,
1891 2583 1925 2639 nt

1151 2670 1235 2730 vivat
1251 2690 1258 2731 ε
1275 2679 1389 2749 currat,
1405 2677 1440 2732 ut
1452 2672 1518 2749 ejus
1533 2672 1666 2751 pretioso
1681 2671 1834 2751 sanguine
1848 2670 1925 2732 redi·

1153 2768 1256 2823 mntur
1273 2783 1280 2823 :
1297 2783 1337 2824 ne
1358 2782 1430 2827 cum
1442 2783 1516 2825 —norr
1540 2764 1634 2825 luerit
1656 2764 1801 2827 inventus
1812 2763 1847 2827 iu
1862 2782 1923 2823 nn·

1153 2873 1239 2915 mero
1253 2855 1498 2935 redemptorum,
1514 2858 1549 2916 in
1562 2874 1695 2916 numero
1715 2863 1842 2917 maneat
1854 2874 1925 2935 per·

1152 2947 1300 3007 diturum.
1331 2948 1387 3019 Hie,
1413 2949 1489 3021 (turn
1517 2948 1644 3024 vivitur,
1660 2947 1769 3009 melior
1792 2948 1924 3027 eligatur

1152 3037 1246 3098 loeus.
1264 3039 1321 3099 Ηὶθ
1344 3046 1389 3101 θεῖ
1407 3045 1531 3121 tempus
1543 3040 1655 3101 fidei.»
1674 3041 1745 3101 llaec
1760 3037 1923 3119 Arrgustini

1151 3131 1330 3193 testimonia
1343 3132 1512 3207 declarant,
1527 3132 1702 3211 redemptos
1722 3132 1837 3193 Christi
1853 3150 1922 3193 san-

1153 3224 1247 3299 guine
1272 3224 1353 3284 solos
1375 3224 1444 3284 illos
1467 3243 1552 3301 esse,
1578 3224 1633 3304 qui
1655 3223 1788 3285 salutem
1813 3241 1923 3287 conse·

1154 3320 1295 3394 quuntur
1312 3316 1370 3379 :ad
1384 3334 1493 3379 ornnes
1511 3336 1585 3378 raro
1604 3316 1814 3393 redimendos,
1829 3334 1923 3395 quan

1153 3412 1221 3489 tum
1242 3407 1275 3468 in
1298 3407 1365 3487 ipso
1390 3408 1457 3484 luit,
1472 3415 1502 3469 ct
1524 3409 1614 3469 illum
1634 3408 1813 3482 venisseut
1833 3426 1923 3471 snum

1153 3500 1266 3561 fudisse
1279 3500 1474 3580 sanguinem.

1195 3593 1282 3667 erocl
1310 3593 1370 3653 nisi
1402 3611 1512 3654 omnes
1534 3592 1652 3655 salvare
1677 3594 1826 3657 voluisset
1848 3593 1945 3654 :sed'

1155 3687 1302 3763 quosdam
1326 3685 1465 3753 absolute.
1491 3685 1530 3746 ab
1558 3686 1667 3763 salute,
1684 3693 1715 3747 et
1735 3686 1848 3755 merito
1861 3704 1922 3747 sua

1154 3776 1304 3857 passionis
1324 3778 1521 3852 exclusisset3
1538 3796 1603 3839 non
1621 3778 1679 3839 hoc
1694 3778 1728 3841 iu
1742 3779 1880 3859 optione,
1894 3784 1923 3839 et

1153 3869 1313 3939 voluntate
1334 3870 1483 3949 cujusque
1510 3870 1700 3949 rehnqneret
1722 3870 1920 3949 Augustinus,

1155 3967 1191 4021 ut
1202 3961 1239 4022 de
1254 3978 1386 4042 numero
1407 3962 1642 4041 redemptorum
1665 3968 1765 4038 esset;
1784 3962 1873 4047 quasi
1890 3961 1922 4023 iu

1155 4072 1302 4131 suspenso
1325 4071 1391 4135 rem
1411 4053 1549 4129 haberet,
1564 4059 1595 4114 et
1617 4055 1801 4117 alterutram
1813 4061 1921 4115 sorum

1155 4147 1298 4226 potestati
1332 4147 1523 4227 permitteret
1567 4147 1660 4207 etiam
1703 4166 1835 4224 eornm,
1869 4145 1921 4227 qui

1154 4238 1277 4317 ignavia
1306 4256 1364 4315 sua
1387 4239 1420 4297 in
1449 4256 1581 4299 numero
1603 4246 1768 4300 manerent
1792 4239 1920 4323 perdite

1155 4348 1237 4393 rurn.
1273 4331 1360 4391 ldcm
1383 4330 1417 4390 in
1444 4331 1572 4410 epistula
1594 4331 1851 4412 qrrinquagesipra
1867 4331 1921 4393 suh

1156 4421 1264 4499 finem,
1280 4422 1318 4483 de
1333 4427 1458 4502 peceato
1472 4423 1506 4482 in
1532 4422 1684 4502 Spiritum
1706 4431 1848 4487 sanctum
1867 4424 1922 4484 dia

1156 4531 1279 4590 serens;
1296 4514 1380 4594 quod
1394 4513 1528 4590 fiscalem,
1545 4520 1581 4574 ut
1597 4520 1719 4591 vocant,
1742 4516 1921 4597 iarpoeuitea·

1157 4605 1231 4666 tiam
1259 4623 1324 4667 esse
1350 4607 1473 4681 statuit;
1501 4605 1663 4668 manifeste
1688 4607 1831 4688 reprobis
1857 4606 1921 4673 dari

1156 4698 1303 4759 divinitus
1328 4697 1549 4778 gratiamque
1571 4698 1598 4758 si
1621 4699 1667 4760 uti
1694 4700 1805 4781 velint,
1818 4698 1919 4762 saliari

339 4796 502 4869 choraeam,
525 4794 623 4872 eapite
646 4794 755 4873 quinto
780 4791 988 4852 disertissimis
1007 4791 1108 4852 verbis
1156 4789 1287 4870 possint,
1306 4789 1349 4850 ita
1370 4790 1589 4851 demonstrat:
1616 4791 1726 4867 ollnic
1748 4811 1823 4875 ergo
1845 4792 1921 4855 douo

339 4890 532 4950 voluntatem
549 4884 636 4946 illam
653 4885 708 4946 Dei
731 4883 918 4960 generalem,
933 4888 965 4944 et
982 4887 1108 4944 antece·
1158 4882 1266 4957 gratiae
1278 4883 1333 4943 Dei
1344 4883 1532 4963 quicumque
1550 4883 1708 4960 restiterit,
1725 4891 1757 4945 et
1772 4902 1918 4971 repugna·

341 4982 466 5042 dentem
484 4978 625 5059 explieat,
650 4996 709 5056 qua
736 4978 753 5038 J
758 4977 862 5037 rrdaeos
889 4976 983 5055 ipsos,
1009 4974 1041 5034 id
1064 4981 1109 5036 est
1157 4974 1247 5048 verit,
1264 4974 1314 5035 rel
1327 4992 1453 5055 quoquo
1466 4975 1560 5035 modo
1573 4974 1669 5036 fuerit
1681 4975 1815 5055 alienus
1831 4993 1920 5056 usque

342 5073 493 5152 populum
508 5087 742 5148 omnem,aqno
752 5070 895 5148 rejectus,
908 5065 1109 5128 eteruciiixus
1158 5065 1192 5125 in
1205 5065 1299 5125 finem
1314 5065 1407 5144 hujus
1422 5066 1601 5146 temporalis
1612 5067 1695 5145 vitae,
1712 5086 1778 5130 non
1789 5069 1918 5147 remitte-

342 5171 398 5238 cst,
423 5163 576 5224 redimere
597 5160 706 5234 rolrrit,
732 5161 788 5221 etsi
807 5177 915 5225 revera
936 5177 1002 5219 non
1020 5158 1108 5219 reele-
1159 5164 1210 5218 tur
1224 5158 1251 5218 ei
1267 5177 1370 5238 neque
1383 5159 1416 5218 in
1429 5159 1488 5220 hoo
1500 5159 1625 5237 sarculo,
1639 5179 1741 5239 neque
1759 5160 1793 5221 in
1810 5161 1918 5233 turno,

342 5254 445 5315 merit.
477 5275 492 5311 u
520 5253 566 5314 Ad
593 5253 662 5325 hoe,
691 5252 802 5332 inqiut,
830 5250 1028 5331 qrreerebatur
1053 5248 1109 5329 (ab
1139 5257 1216 5323 ete.
1234 5251 1387 5324 eramdiu
1401 5270 1475 5314 vcro
1487 5250 1539 5312 hic
1551 5251 1639 5330 vivit,
1660 5270 1746 5329 eum,
1760 5253 1841 5314 sieut
1852 5252 1917 5312 dicit

371 5458 381 5502 t
395 5457 455 5501 Reate
469 5467 490 5503 v.
503 5454 537 5499 tt.
547 5476 574 5487 -
587 5453 602 5496 2
616 5453 672 5508 Aug.
684 5452 710 5496 ta
723 5454 783 5498 Ptol.
794 5461 870 5498 txrrrt.
885 5474 912 5486 -
925 5451 1002 5497 3Eod.
1017 5452 1056 5497 ttt.
1066 5463 1114 5509 cap.
1126 5462 1174 5498 vui.
1185 5470 1212 5488 «-
1224 5450 1306 5499 tuae.
1319 5465 1368 5507 xre,
1380 5453 1415 5501 lla
