3990 6130
285 272 345 335 stt
800 273 1125 337 THEOLOGIGORUM
1145 270 1364 335 DOGMATUH

284 453 356 515 qua
379 435 418 498 de
440 436 562 499 Christo
584 438 806 519 predicantur,
828 441 915 502 varia
937 458 1053 521 genera
1142 443 1265 502 Rursus
1284 440 1318 501 in
1343 439 1550 521 Cmsistatioae
1576 432 1816 496 anathematismi
1835 448 1864 495 u

284 545 478 610 percenseas,
494 547 595 593 uuum
605 530 684 592 illud
701 532 840 613 exponit.
864 554 876 590 ι
902 533 991 607 Quod
1003 534 1051 594 di·
1101 533 1271 613 Cyrillieni,
1289 554 1304 593 α
1318 533 1450 596 Paulum
1462 531 1556 593 reiert
1568 528 1612 606 id,
1628 526 1712 606 quod
1726 542 1864 606 assump-

284 619 437 685 visionem
460 620 556 692 illam,
579 641 650 703 qua
671 631 775 686 mente
806 625 853 702 iit,
877 630 909 687 et
935 626 1052 705 cogim-
1100 631 1169 701 tum
1192 630 1239 687 est
1260 644 1279 686 a
1300 627 1366 687 Deo
1379 624 1494 700 Verbo,
1513 621 1646 683 formam
1663 618 1746 681 sarri
1763 619 1863 679 nomi·

284 711 381 787 bone,
397 714 548 794 sequitur.
564 716 643 776 Nam
661 716 688 776 si
700 716 820 779 ratione
834 734 968 798 separes,
984 736 1051 798 quia
1101 736 1199 781 nasse.
1213 719 1331 781 Verum
1344 718 1494 798 quoniam
1507 715 1675 794 assumptio
1691 711 1864 773 unitionem

283 805 386 884 reipsa
405 805 622 886 inseparabilia
642 815 725 886 sunt,
749 828 862 890 nempe
885 829 1053 873 mmema
1101 811 1269 885 antecedit,
1296 813 1335 873 de
1359 810 1568 892 assumptione
1600 824 1674 868 vero
1707 805 1865 884 disputans

284 897 400 973 Verbo,
416 899 528 961 dicitur
550 898 707 984 (Christusl
728 908 760 964 et
773 920 890 980 servus,
914 908 946 964 et
964 904 1051 981 igna-
1100 905 1209 966 beatus
1228 905 1351 980 Paulus,
1375 903 1510 965 {ormam
1530 901 1611 962 servi
1628 897 1796 978 appellavit
1818 916 1864 959 as·

285 1008 340 1051 rus
356 1010 364 1051 ι
380 992 495 1072 quippe
505 1010 612 1068 servos,
626 1000 657 1056 et
666 994 837 1070 ignorantis
845 1002 1050 1074 eratnaturae,
1101 1004 1259 1077 sumptam
1283 1003 1447 1071 natiuam3
1469 1013 1534 1057 non
1552 994 1619 1073 hm
1636 992 1740 1053 locum
1759 988 1863 1067 hahet,

284 1101 320 1145 ac
333 1083 393 1145 nisi
404 1101 477 1146 cum
485 1086 548 1147 Deo
559 1086 663 1147 Verbo
673 1104 744 1149 caro
754 1087 949 1167 jungeretur,
965 1107 1053 1151 serra
1100 1090 1242 1152 unitione
1253 1089 1343 1164 facta,
1358 1088 1513 1151 servitutis
1525 1084 1721 1148 vocabulum.
1743 1083 1864 1144 Etenim

284 1181 373 1249 esset,
396 1181 428 1237 et
447 1176 566 1255 ignara.
593 1179 708 1240 Verum
731 1187 859 1259 propter
871 1181 1055 1243 unitionem
1100 1182 1127 1242 si
1140 1183 1180 1242 ad
1193 1200 1245 1243 eos
1258 1182 1395 1244 scribens
1412 1179 1577 1262 Apostolus
1590 1176 1644 1258 qui
1659 1177 1694 1237 in
1708 1174 1865 1236 Christum

284 1268 522 1348 hypostaticam,
538 1287 683 1349 quacum
696 1272 759 1333 Deo
773 1272 985 1352 copulabatur,
1000 1292 1054 1336 ne·
1100 1274 1306 1350 crediderant,
1326 1276 1370 1336 ita
1387 1275 1511 1335 locubss
1528 1277 1593 1345 est3
1607 1269 1714 1350 ltaque
1721 1268 1792 1348 jam
1809 1284 1866 1328 που

285 1378 347 1440 que
359 1379 447 1423 serva
456 1367 532 1437 erat,
549 1380 651 1441 neque
664 1364 826 1442 ignorabat
835 1374 887 1426 ί.»
904 1366 945 1427 At
958 1366 1052 1446 paulo
1100 1385 1129 1427 es
1149 1384 1260 1437 servm,
1281 1364 1332 1427 sed
1350 1364 1472 1448 fitius’:
1493 1371 1524 1427 et
1543 1363 1693 1425 Dominus
1705 1359 1865 1438 alloquens

284 1458 357 1514 aute
383 1453 422 1514 de
441 1453 543 1515 verbis
568 1455 631 1515 illis
657 1457 795 1535 Apostoli
816 1475 923 1535 agens,
955 1458 1051 1531 Ουτοι
1101 1457 1296 1538 decipulas,
1318 1458 1386 1521 Jam
1410 1477 1458 1520 uos
1479 1475 1538 1518 non
1562 1455 1658 1517 dicam
1681 1468 1791 1527 εααοοα,
1819 1449 1868 1511 sai

284 1554 380 1606 auton
396 1544 523 1627 saby'ecta
535 1548 650 1624 nterim
664 1548 712 1608 illi
726 1548 822 1609 omnio
833 1547 856 1623 ¹,
871 1553 940 1610 tans
953 1558 982 1611 et
991 1550 1053 1629 ι’ρσα
1100 1551 1224 1610 amicos:
1234 1550 1334 1612 multo
1343 1551 1441 1629 magis
1450 1549 1598 1630 primitia
1606 1551 1727 1608 naturas
1740 1548 1864 1619 nostra,

286 1635 384 1697 Filius
397 1637 545 1718 subjectas
564 1639 625 1699 crit
641 1639 679 1716 α’,
704 1645 757 1721 ραι·
770 1641 895 1720 subjecit
912 1640 973 1701 sibi
989 1661 1052 1703 om·
1100 1656 1157 1722 per
1183 1660 1277 1721 quem
1304 1649 1335 1703 et
1360 1660 1418 1703 nos
1445 1639 1621 1720 adoptionis
1647 1637 1779 1717 gratam
1802 1650 1867 1696 ms·

284 1746 338 1790 οιο
357 1751 364 1791 ι
389 1730 448 1791 Ubi
472 1732 614 1792 Gnaeum
629 1732 762 1793 verbum
784 1738 830 1794 est
849 1741 1050 1814 θαοταγηοεται,
1100 1735 1232 1810 animm,
1246 1734 1286 1794 ab
1301 1735 1383 1799 servi
1397 1733 1582 1813 cognomina
1595 1735 1688 1791 erunt
1699 1729 1867 1789 immunes.
1988 1744 1989 1779 ι

284 1824 1050 1906 negatJoanncsDamascenustiliumtaossyacscta,
1102 1826 1200 1887 Deum
1221 1826 1325 1906 itaque
1346 1826 1533 1887 confitemur
1557 1825 1643 1885 iham
1668 1821 1763 1882 etiam
1788 1820 1869 1881 servi

284 1913 317 1975 id
331 1913 407 1989 est',
419 1913 582 1996 subactam
598 1916 640 1976 iri
649 1934 790 1997 ραοοοσες
807 1925 875 1979 tum
889 1936 951 1997 qua
969 1920 1053 1980 Deus
1102 1935 1166 1980 asse
1178 1918 1322 1994 formam,
1339 1922 1466 1998 propter
1479 1934 1560 1991 eam,
1574 1932 1644 1995 quse
1659 1913 1813 1991 cumipse
1825 1917 1872 1973 est

284 2011 342 2082 ast,
364 2011 433 2067 tum
452 2013 575 2086 quaest
595 2008 700 2070 homo.
728 2010 807 2070 Nam
832 2017 870 2070 ut
897 2012 978 2071 Deus
991 2018 1049 2084 est,
1102 2010 1264 2090 copulata,
1293 2011 1349 2071 Dei
1375 2010 1508 2071 formam
1519 2018 1584 2070 1»
1615 2005 1703 2080 Quod
1730 2022 1769 2065 ex
1792 2004 1871 2065 lsaia
1988 2010 1989 2013 ’

285 2099 368 2161 Patri
380 2099 573 2179 estaequslis,
591 2105 623 2161 et
630 2119 695 2162 non
704 2101 860 2180 subjectus
874 2122 882 2163 ι
898 2108 1052 2182 quatenus
1102 2103 1224 2181 probat,
1240 2103 1296 2182 qui
1304 2104 1451 2164 eumdem
1462 2100 1628 2181 parvulum
1641 2102 1729 2161 vocat
1743 2096 1872 2159 Emma-

283 2209 358 2251 πετο
372 2196 418 2251 οε1
431 2192 538 2268 homo,
559 2209 624 2253 non
638 2198 739 2272 potest
753 2194 863 2272 subjici
879 2213 887 2254 ε
903 2194 1053 2272 quoniam
1100 2196 1227 2269 nostem,
1258 2199 1289 2255 et
1316 2194 1411 2256 Deum
1436 2190 1576 2272 fortem⁸.
1603 2198 1646 2269 Aa
1667 2188 1873 2249 nihilominus

284 2299 445 2362 nunqrmm
470 2283 536 2360 ejus
546 2283 699 2345 voluntati
711 2286 908 2347 contradixit.
925 2287 987 2347 Ubi
998 2305 1053 2347 vo·
1101 2288 1192 2348 illum
1203 2287 1307 2365 ipsum
1315 2286 1506 2366 Prophetam
1517 2284 1671 2357 observat,
1697 2280 1875 2359 «assumpti

284 2374 431 2435 cahulum
443 2381 622 2437 1τοτάοοεοοαι
635 2394 672 2437 eo
686 2377 798 2457 accipit
812 2395 915 2453 sensu,
929 2396 992 2457 quo
1011 2379 1051 2438 si·
1102 2375 1686 2458 naturampcstunitiouemappellasse
1699 2370 1871 2433 servum‘.»
1988 2366 1989 2411 3

284 2465 460 2545 guilioamr,
475 2484 514 2527 ex
526 2465 647 2544 rebelli,
668 2472 699 2528 et
719 2468 896 2529 refractario
909 2470 949 2529 ad
963 2470 1052 2531 obse·
1102 2471 1146 2531 lle
1157 2488 1220 2549 quo
1233 2470 1321 2530 Isaioe
1333 2470 1401 2530 loco
1415 2486 1543 2548 agemus
1553 2472 1669 2548 postea,
1681 2464 1822 2525 utetiam
1834 2464 1875 2524 de

284 2557 395 2636 quium
419 2557 513 2636 adigi,
536 2563 568 2618 et
592 2557 741 2637 subjungi
761 2558 859 2621 alteri.
882 2562 989 2639 ltaque
1015 2561 1053 2622 de
1101 2562 1170 2623 loco
1186 2562 1244 2621 isto
1258 2561 1454 2621 Theodoreti.

284 2649 403 2711 Christo
425 2649 568 2729 usurpari
591 2650 631 2710 ab
644 2650 792 2729 Apostolo
814 2653 875 2712 ists
897 2653 995 2713 credit
1014 2672 1053 2714 ex
1143 2653 1403 2714 VIlI.ExLatinis
1411 2647 1876 2727 Faustinus⁸,eum,quipassus
1988 2648 1989 2723 ζ

284 2759 416 2822 persona
429 2742 551 2820 generis
570 2742 712 2815 humani,
728 2743 812 2822 quod
826 2744 932 2804 divino
946 2762 979 2805 sc
991 2744 1051 2805 im·
1102 2750 1161 2821 est,
1180 2763 1215 2805 ac
1228 2743 1323 2805 morti
1334 2744 1505 2803 destinatus
1519 2759 1539 2803 a
1553 2742 1655 2815 Patre,
1670 2756 1774 2820 nsque
1787 2737 1878 2819 adop·

284 2834 371 2913 perio
398 2834 603 2912 subtraxerat,
630 2840 662 2896 et
689 2852 709 2896 a
732 2835 852 2896 Christo
874 2836 1053 2898 restitutum
1102 2838 1197 2898 tivum
1219 2854 1284 2896 esse
1302 2835 1417 2917 filiam,
1440 2851 1542 2914 neque
1562 2841 1731 2895 meatorum
1753 2830 1875 2892 asserit.

285 2932 341 2988 est.
1103 2930 1199 2989 Porro
1211 2946 1277 2989 uon
1291 2945 1357 2989 esse
1371 2933 1547 2988 ercamram
1561 2942 1600 2987 ax
1613 2943 1651 2986 eo
1664 2923 1787 3003 probat,
1803 2923 1879 3002 quia
1988 2936 1989 2951 ¹

324 3018 394 3079 Vll.
416 3019 629 3080 Theodoretus
649 3020 682 3079 in
701 3019 823 3097 dialogo
837 3020 973 3080 secundo
994 3021 1053 3081 sub
1101 3040 1166 3081 non
1189 3026 1236 3082 cst
1260 3038 1378 3081 servus.
1402 3040 1417 3077 α
1445 3019 1563 3091 Omnis,
1591 3018 1704 3097 inquit,
1732 3020 1880 3076 creatum
1988 3010 1989 3017 '

284 3110 381 3171 Ιίυουι
394 3110 476 3171 iuter
490 3111 551 3170 alia
567 3115 710 3171 velerum
729 3111 918 3187 testimonia,
942 3113 1054 3189 quibus
1101 3113 1207 3174 servili
1221 3111 1397 3173 conditione
1411 3114 1565 3172 censetur.
1582 3109 1617 3170 Si
1632 3108 1772 3169 Christus
1788 3124 1878 3167 araa-
1988 3182 1989 3185 γ

285 3209 412 3263 naturas
422 3201 532 3262 Christi
543 3202 621 3263 duas
632 3201 699 3263 sine
708 3203 772 3263 ulla
780 3201 959 3264 confusione
974 3205 1054 3263 iuter
1101 3210 1173 3265 tura
1201 3211 1255 3275 est,
1285 3220 1393 3264 servus
1413 3208 1478 3262 est:
1504 3200 1661 3281 quomodo
1683 3196 1821 3260 redemit
1840 3197 1880 3258 ad

284 3312 317 3355 se
340 3293 520 3373 conjunctas
545 3293 707 3374 approbat,
733 3294 945 3374 Apollinarem
968 3296 1052 3371 citat,
1101 3297 1287 3372 libertatem,
1303 3313 1376 3356 oum
1393 3312 1499 3356 servus
1513 3291 1793 3371 nullojurepossit
1807 3309 1881 3352 eon-
1988 3344 1989 3349 ,

285 3404 377 3466 quem
404 3386 527 3459 scribit,
551 3407 567 3445 α
592 3387 712 3466 Oorpus
740 3386 853 3448 Christi
878 3388 1053 3455 nominasse
1102 3386 1560 3450 terrclibertatem‘lEttamen
1573 3384 1729 3445 Abraham
1743 3386 1882 3444 utcom·
1988 3396 1989 3477 γ

285 3480 407 3556 stolam,
423 3484 454 3540 et
472 3484 657 3553 creaturam,
673 3482 704 3539 ct
716 3479 961 3540 instrumentum
974 3500 981 3541 :
996 3498 1055 3541 nec
1104 3480 1265 3541 mandarat
1296 3478 1521 3554 dilectionem,
1552 3493 1647 3555 quam
1673 3473 1811 3535 habebat
1840 3473 1882 3535 ad
1988 3480 1989 3555 l

285 3591 350 3634 non
367 3588 493 3632 vocasse
512 3589 654 3632 servum:
679 3571 764 3650 quod
786 3571 892 3632 nulus
911 3577 1054 3632 nostrum
1104 3574 1214 3648 Deum,
1229 3571 1406 3651 proprium,
1431 3575 1463 3631 ct
1480 3584 1591 3629 verum
1613 3566 1828 3645 unigenitum,
1850 3570 1882 3626 et
1988 3564 1989 3619 4

285 3669 379 3724 antea
403 3680 496 3723 ausus
520 3668 586 3723 erat
608 3662 721 3722 dicere.
746 3663 824 3722 ltem
843 3681 953 3741 corpus
977 3663 1055 3724 illud
1104 3663 1337 3725 dilectissimum
1345 3662 1457 3738 filium,
1467 3660 1578 3721 obtulit
1586 3658 1878 3719 inholocaustumn

285 3754 400 3815 dixisse
431 3769 576 3813 consessu
608 3752 648 3811 ad
679 3752 838 3813 dexmram
867 3756 1055 3815 honoratum
1106 3754 1291 3829 Quoinlooo
1301 3772 1375 3814 sanc
1384 3754 1548 3814 Faustinus
1556 3748 1883 3812 nonVerbumsolum
1988 3800 1989 3825 ,

285 3845 380 3905 tuisse
394 3862 402 3905 ε
416 3842 559 3904 tumulis
573 3844 714 3923 quoedm
738 3862 913 3923 usurpasse,
933 3864 1003 3925 qua
1016 3845 1056 3905 ab
1104 3847 1270 3925 iutelligit:
1285 3845 1337 3906 sed
1347 3845 1509 3906 hominem
1518 3844 1621 3925 ipsum
1634 3842 1725 3903 alteo
1738 3856 1885 3921 essump-
1988 3890 1989 3925 3

286 3935 577 4016 Apollinaristerum
590 3941 670 3997 secta
682 3935 866 4015 rejiciuntur
875 3934 896 3999 ί.
913 3962 927 3992 ο
1105 3944 1185 4014 tum,
1197 3943 1228 3997 et
1240 3938 1274 3997 in
1285 3939 1347 3999 Deo
1356 3936 1585 3997 subsistentem.
1601 3932 1763 4015 Sispuidem
1778 3933 1887 3994 uomi-

323 4117 468 4171 aDttnsc.
480 4115 498 4170 Ι.
514 4115 559 4179 lv,
570 4130 595 4170 ο.
610 4130 667 4171 111.
683 4112 720 4167 Tt
732 4115 759 4168 a
773 4114 865 4183 διὰτὴυ
879 4114 934 4169 κατ’
948 4113 1056 4169 ἐπίνοιαν
1104 4119 1148 4183 τῆς
1164 4113 1273 4176 ἒνώσεως
1292 4113 1404 4186 ηλῆψις,
1423 4113 1478 4185 περὶ
1499 4110 1526 4166 δὲ
1545 4113 1590 4179 τῆς
1607 4110 1704 4183 λήψεως
1723 4108 1737 4163 ό
1759 4112 1886 4184 μακάριος
1988 4084 1989 4107 ³

286 4201 410 4271 διαίρεσιν.
438 4197 478 4251 tta
506 4198 554 4270 γὰρ
580 4201 612 4269 τῇ
637 4195 731 4270 ἐπινοίᾳ
757 4199 840 4270 διέλης
859 4197 892 4252 τὰ
912 4197 1057 4271 ιῇἀληθείᾳ
1104 4198 1276 4268 διαλεγόμενος
1286 4196 1384 4257 Παῦλος
1397 4194 1492 4267 μορφὴν
1507 4195 1595 4248 δούλου
1609 4191 1653 4260 als
1667 4191 1803 4263 ληφθεῖσαν
1819 4213 1884 4267 προ-
1988 4200 1989 4211 ’

286 4281 424 4357 ἅχώριστα,
443 4282 513 4355 ᾔτοι
531 4280 576 4348 τὴν
595 4281 673 4352 σύρκα
693 4279 719 4334 ἐκ
739 4284 783 4335 τοῦ
800 4282 888 4353 λόγου,
903 4282 1003 4353 λέγεται
1016 4280 1058 4333 καὶ
1104 4282 1236 4351 σηγόρευσε
1250 4279 1330 4351 ρόσιν,
1346 4278 1424 4332 oasa
1441 4278 1526 4351 χώραν
1545 4275 1607 4349 ἔχει,
1622 4278 1666 4343 τῆς
1683 4273 1796 4337 ἕνώσετος
1811 4296 1886 4349 γενο·

285 4360 381 4430 δούλας,
396 4364 436 4418 κα1
449 4364 556 4436 ἀγνοῶν.
578 4362 680 4435 καὶγὰρ
695 4366 739 4430 τῆς
753 4364 851 4436 δούλης,
865 4365 908 4417 καὶ
922 4362 1057 4434 ἀγνοούσης
1106 4364 1189 4434 μένης,
1204 4364 1248 4429 τῆς
1268 4361 1379 4422 δουλείας
1402 4360 1432 4413 ab
1452 4360 1542 4430 ὄνομα.
1565 4357 1587 4412 εἰ
1608 4357 1656 4431 γὰρ
1669 4359 1721 4420 τοῖς
1745 4355 1782 4420 εἰς
1806 4358 1885 4414 mats

284 4445 430 4518 ρύσεωςῆν.
445 4445 518 4501 καὶεί
532 4445 565 4518 μὴ
578 4446 708 4518 ἥνωτοτῷ
724 4448 771 4518 θεῷ
784 4444 965 4519 λόγῳὴσὰρξ,
981 4447 1056 4514 δούλη
1104 4446 1286 4498 πεπιστευκόσιν
1310 4444 1324 4497 ό
1357 4442 1507 4504 Ἀπόστολος
1525 4442 1625 4513 γράφων
1640 4439 1733 4512 ἔλεγεν·
1754 4440 1827 4496 ὥστε
1840 4441 1887 4497 οῦκ

284 4528 367 4601 ἦνκαὶ
381 4525 512 4604 ύγνυοῦσα.
529 4528 594 4582 ἀλλὰ
605 4528 700 4597 διὰτὴν
716 4529 776 4601 πρὸς
789 4530 831 4583 τὸν
845 4530 898 4583 teba
911 4530 989 4601 λόγον
1002 4529 1057 4581 καθ’
1103 4527 1140 4582 ἔτι
1157 4522 1181 4581 εἲ
1198 4522 1298 4592 δοῦλος,
1316 4526 1381 4580 ἀλλὰ
1398 4525 1460 4587 υίός.
1484 4524 1554 4578 salt
1574 4523 1654 4594 κύριος
1676 4524 1730 4584 τοῖς
1744 4524 1885 4595 μαθηταῖς·

285 4613 419 4669 ύπόοτασιν
434 4611 597 4677 1νοοσιν,ούτε
610 4611 685 4679 δούλη
699 4608 739 4680 ἦν,
756 4610 812 4666 οῦτε
825 4613 917 4685 ἠγνόει.
1104 4609 1183 4664 cista
1206 4610 1304 4662 καλέσω
1323 4609 1387 4681 cpia
1406 4608 1518 4677 δούλους,
1544 4605 1610 4659 ἀλλὰ
1630 4605 1716 4677 φίλους
1735 4606 1832 4679 πολλῷ
1854 4607 1885 4677 δὴ

321 4698 540 4754 b'l'uhouonn'r.
559 4687 637 4757 Οθτος
649 4695 690 4747 καὶ
708 4694 799 4763 στολὴν
814 4696 844 4749 τδ
855 4701 938 4767 σῶμα,
952 4695 994 4747 καὶ
1004 4689 1056 4747 ατί·
1105 4692 1225 4766 μα’λλονη
1239 4692 1338 4765 ἀπαρχὴ
1353 4691 1528 4764 τῆςημετίρας
1546 4689 1647 4760 φύσεως,
1662 4681 1735 4742 crat
1748 4690 1795 4742 καλ
1811 4688 1887 4761 ἡμεῖς
1988 4716 1989 4777 γ

286 4798 348 4853 αμα,
362 4780 404 4832 καὶ
416 4780 520 4851 ὄργανον
540 4780 731 4850 προσηγόρευσε.
747 4779 788 4831 καὶ
806 4778 890 4850 μέντοι
909 4779 949 4831 καὶ
968 4778 1057 4831 δοῦλον
1103 4769 1149 4830 τοῦ
1158 4778 1201 4842 τῆς
1214 4773 1333 4837 υίυθεσίας
1347 4775 1502 4846 χαρίσματος
1514 4770 1659 4842 ἠξιώθημεν,
1671 4774 1716 4838 τῆς
1728 4776 1775 4825 τοῦ
1790 4772 1886 4828 δούλου

286 4862 424 4936 ὠνόμασεν.
441 4863 501 4934 όπερ
515 4860 594 4923 οῦδε1ς
614 4861 686 4932 ἡμῶν
704 4860 778 4914 εἰπεῖν
803 4859 925 4933 ἐτόλμησε
946 4861 1055 4914 πώποτε.
1104 4858 1268 4931 προσηγορίας
1283 4856 1437 4928 ἀπαλλαγείη
1456 4856 1495 4910 ἄν.
1518 4856 1572 4909 θεὸν
1591 4854 1672 4907 το1νυν
1690 4851 1884 4929 ὁμολογοῦμεν.

286 4944 414 5002 τοῦτοκαὶ
425 4951 470 5012 τῆς
484 4942 510 4997 ἔκ
525 4942 610 5006 δεξιῶν
625 4943 718 5016 ιίρηκεν
733 4941 863 5013 ἀξιωθῆναι
875 4944 1000 5015 καθέδρας.
1018 4942 1058 4995 καὶ
1104 4941 1197 5010 aciabu
1212 4944 1256 4994 τοῦ
1270 4941 1359 4994 δούλου
1376 4938 1481 5011 μορρὴν,
1494 4936 1536 4992 διὰ
1547 4935 1592 5004 τὴν
1609 4934 1736 4990 boislaus
1756 4936 1827 5012 αύτῇ
1839 4944 1887 4994 τοῦ

287 5029 354 5083 ἄλλα
365 5027 392 5082 bl
406 5027 510 5082 πλείστα
527 5026 595 5099 παρὰ
607 5030 651 5093 τῆς
666 5031 737 5096 κενῆς
748 5027 819 5100 {sptbs
836 5027 950 5099 αἱρέσεως
970 5023 1057 5079 tasa-
1104 5026 1158 5078 θεοῦ
1175 5024 1280 5097 μορφὴν.
1988 5054 1989 5057 =

287 5113 392 5185 λόρενα.
1140 5102 1668 5178 11111.”ορος111α1τ1ςπροοητης,
1691 5103 1732 5156 καὶ
1757 5103 1825 5175 μετὰ
1840 5106 1886 5175 τὴν
1988 5112 1989 5115 ’

325 5210 340 5251 ο
359 5194 399 5251 ld.
423 5193 457 5248 ‘0
478 5194 520 5266 μὲν
537 5194 655 5267 μακάριος
674 5194 773 5260 Παῦλος
785 5195 815 5249 ab
829 5194 918 5266 ληφθὲν
944 5192 992 5247 tab
1012 5196 1058 5246 τοῦ
1106 5191 1193 5244 tunam
1206 5191 1331 5263 κηρῦττων
1349 5192 1394 5242 τοῦ
1408 5187 1540 5258 ληφθέντος
1560 5185 1604 5254 τὴν
1618 5184 1698 5257 φύσιν,
1714 5186 1808 5241 δοῦλον
1823 5206 1888 5261 προ-
1988 5172 1989 5191 ³

289 5281 344 5333 θεοῦ
358 5280 433 5352 λόγου
448 5277 542 5351 μορφὴν
556 5278 644 5332 δούλου
660 5277 845 5351 προσαγορεύειι
870 5275 951 5345 ἐπειδὴ
967 5275 993 5330 a
1011 5275 1060 5349 πρδ
1108 5273 1236 5345 σαγορεῦει
1250 5274 1293 5326 τίον
1304 5270 1330 5325 ἐκ
1343 5275 1387 5325 τοῦ
1402 5271 1542 5342 σπύρματος
1556 5268 1676 5341 Ἀδραὰμ

318 5426 328 5469 1
342 5426 351 5469 Ι
363 5425 412 5471 cor.
427 5435 444 5469 ι.
455 5434 491 5471 xv.
501 5423 579 5469 aa--s
589 5423 689 5468 Damaso.
704 5421 801 5467 thia-s
807 5423 856 5467 Gai.
868 5421 940 5466 ιι.-1
952 5422 1015 5466 tosa
1026 5430 1061 5464 xv.
1076 5419 1152 5464 lit-5
1164 5419 1208 5465 isa.
1221 5428 1261 5462 ru.
1273 5414 1365 5461 eth-li
1377 5414 1478 5461 Fausta.
1490 5412 1578 5461 tonali
1591 5412 1647 5459 11111.
1658 5411 1759 5458 saort
1775 5412 1801 5456 c.
