4104 6160
318 213 358 274 60
823 217 1148 282 rflmtootcuuuu
1169 220 1386 285 mutiunt

316 386 395 457 tum,
418 381 541 445 nullum
559 381 738 453 Christiane
751 383 823 445 tidei
841 386 965 464 dogma,
981 403 1082 465 neque
1174 377 1239 447 Hoc
1263 388 1339 448 adeo
1367 392 1434 447 tum
1460 387 1494 447 in
1517 387 1645 462 caeteris,
1670 392 1705 446 ut
1728 385 1803 462 dixi,
1827 384 1900 446 iidei
2018 412 2019 435 ι

316 472 494 545 divinarum
522 492 628 535 rerum
655 474 720 536 ulla
740 475 807 554 jam
833 470 999 557 explicari,
1028 482 1084 538 aut
1132 484 1246 541 nostrae
1268 479 1422 558 mysteriis
1441 496 1491 539 res
1513 478 1579 559 ipsa
1597 478 1807 540 demonstrat:
1829 483 1899 538 tum
2018 448 2019 487 ³

316 562 465 627 illustrari
488 566 689 629 similitudine
716 567 819 647 aliqua
845 570 978 648 poterit,
1007 570 1083 649 quin
1132 571 1268 632 maxime
1278 572 1313 631 in
1321 571 1463 632 omnium
1473 571 1736 649 prestantissima,
1744 569 1899 630 ctebstru-
2018 612 2019 623 ι

317 657 425 718 eadem
438 675 473 717 eo
486 658 619 738 cyrillo,
633 660 796 739 importari
809 661 963 722 calrrmnie
976 662 1080 741 possit.
1132 662 1253 724 sissimo
1273 664 1432 725 Trinitatis
1454 663 1598 741 dogmate
1610 683 1618 725 ι
1640 662 1679 723 ad
1698 663 1784 742 quod
1800 663 1897 742 expli-

318 750 385 810 Imo
399 749 491 811 iatius
505 750 696 813 diffundetur
708 752 777 814 heo
790 754 952 834 pernicies,
974 760 1009 815 ut
1024 757 1083 816 hu·
1132 755 1266 815 candum
1280 773 1376 836 quum
1398 755 1497 817 multe
1516 754 1644 816 diversis
1665 772 1703 815 ex
1723 752 1817 815 rebus
1833 773 1897 816 nou

317 860 411 903 mauo
421 842 488 921 jam
500 861 643 905 sermone
657 845 806 907 declarari
819 866 868 908 res
878 846 965 908 nulla
978 855 1082 927 queat,
1132 846 1235 907 solum
1258 847 1480 927 spiritualibus,
1499 848 1553 908 sed
1571 847 1664 909 etiam
1680 846 1845 925 corporeis,
1868 852 1901 907 et

318 952 389 996 oum
405 935 462 996 troc
475 936 542 996 sine
557 935 690 998 adarmn
702 956 807 999 rerum
822 940 970 1000 similium
990 940 1084 1001 oolla-
1133 939 1316 1018 plerumque
1342 940 1517 1014 vilissimis,
1544 938 1687 1018 exemplu
1713 938 1899 1000 ducuntur?

317 1026 401 1087 tione
426 1027 478 1087 vix
501 1027 567 1089 fiat.
592 1031 686 1090 Docet
707 1030 791 1091 istud
813 1033 916 1110 ipsum
942 1031 1083 1112 pluribus
1133 1051 1203 1112 quas
1215 1033 1238 1093 si
1255 1033 1325 1113 quis
1340 1033 1380 1094 ad
1394 1034 1501 1094 rivum
1514 1048 1652 1095 resecare
1667 1032 1752 1104 velit,
1768 1033 1900 1094 etomni

316 1119 334 1179 J
337 1137 454 1180 oannes
467 1121 714 1200 chrysostomus,
728 1127 760 1183 et
773 1123 924 1202 exempta,
942 1124 1085 1185 similitu·
1133 1143 1171 1186 ex
1186 1132 1272 1204 parte
1290 1142 1480 1206 comparare,
1496 1127 1530 1187 in
1551 1125 1782 1206 quamplurima
1797 1124 1898 1186 revol-

316 1211 466 1291 dinesque
490 1213 529 1274 de
551 1213 644 1274 rebus
669 1215 779 1294 petitas
805 1216 849 1276 sic
875 1216 970 1295 arcipi
989 1220 1082 1290 vetet,
1132 1223 1223 1277 vetur
1239 1216 1346 1296 impie,
1367 1223 1399 1278 et
1415 1217 1553 1279 infanda.
1576 1219 1621 1278 lta
1640 1217 1756 1297 quippe
1775 1216 1900 1278 mooun

315 1310 466 1384 tanquam
499 1324 554 1385 per
589 1307 694 1367 omnia
727 1309 898 1387 quadrent,
934 1315 965 1370 et
997 1309 1085 1389 paria
1133 1309 1294 1388 perfidiam
1307 1310 1341 1370 iu
1355 1309 1532 1370 usitatoilio
1546 1308 1674 1389 triplicis
1688 1311 1722 1369 in
1735 1309 1839 1370 anime
1852 1327 1901 1370 ra-

316 1397 447 1457 faciant:
463 1398 578 1478 alioqui
592 1399 824 1478 quamplurima
836 1406 978 1462 secutura
993 1400 1084 1462 stulta
1133 1400 1242 1461 tionali
1261 1402 1403 1481 exemplo
1424 1402 1578 1463 facultatis
1597 1401 1826 1463 corroboratam
1850 1401 1899 1461 in-

318 1496 348 1549 et
362 1489 497 1551 absurda
510 1491 621 1571 prohat
631 1500 656 1552 ⁰.
677 1492 762 1552 Idem
776 1500 807 1552 et
822 1494 988 1568 Gregorius
1004 1494 1084 1572 Nys·
1133 1493 1250 1569 reniet3
1267 1501 1303 1556 ut
1320 1495 1448 1574 perinde
1466 1512 1531 1556 una
1548 1512 1612 1557 esse
1631 1494 1751 1557 dicatur
1768 1510 1901 1574 persona

317 1600 410 1643 senus
444 1582 586 1644 observat
618 1583 652 1644 in
683 1583 763 1643 libro
798 1583 996 1660 Cotecletir03
1031 1585 1085 1646 uui
1134 1585 1199 1659 Dei,
1216 1585 1421 1648 sicutenimas
1434 1606 1499 1648 uua
1512 1593 1557 1648 est
1568 1583 1751 1667 hypostasis.

317 1675 459 1753 exemplo
473 1675 554 1754 ignis
564 1675 819 1753 ligno,velatteri
832 1677 1085 1739 materimadhae·
1173 1677 1252 1737 Vide
1271 1679 1517 1758 Epiphanium¹,
1537 1679 1592 1758 qui
1612 1676 1900 1759 apollinaristamm

317 1767 414 1828 rentis
434 1767 566 1847 explicat
589 1766 703 1828 divina
723 1774 844 1830 naturae
862 1787 934 1830 cum
947 1769 1086 1831 humana
1134 1769 1344 1831 cavillationes
1361 1789 1400 1832 err
1420 1772 1528 1833 eadem
1552 1771 1659 1849 regula
1679 1775 1821 1846 coercet,
1843 1788 1901 1831 noc

317 1860 589 1937 conjunctionem
604 1878 692 1921 sone
706 1862 774 1940 quis
788 1880 826 1922 ex
840 1880 888 1936 eo,
907 1862 990 1941 quod
1005 1861 1087 1940 ignis
1134 1861 1351 1924 similitudines
1382 1864 1533 1942 quadrare
1563 1863 1705 1943 penitus,
1736 1862 1901 1940 Scripturis

318 1970 432 2031 corpus
449 1952 538 2025 iliud,
559 1953 669 2032 inquo
687 1953 775 2027 inest,
796 1954 961 2027 consumit,
977 1972 1013 2015 se
1030 1954 1084 2014 de*
1134 1954 1263 2016 testibus
1276 1955 1419 2017 affirmat.
1441 1957 1492 2017 Sic
1513 1956 1606 2017 etism
1622 1955 1752 2016 Basilius
1771 1955 1901 2034 epistola

317 2044 467 2126 pascitur,
496 2044 595 2107 simile
622 2046 740 2125 aliquid
765 2047 800 2107 in
826 2052 966 2126 suscepte
992 2065 1086 2109 carue
1134 2046 1333 2124 m11³,cum
1356 2048 1698 2111 indissimilitudinem
1718 2047 1844 2109 adhibet
1860 2048 1901 2108 ad

316 2138 385 2199 fieri
407 2156 426 2198 a
448 2137 549 2199 Verbo
572 2139 753 2218 suspicetur,
780 2140 937 2215 admonet,
966 2139 1005 2200 ab
1032 2140 1085 2200 ille
1135 2138 1294 2200 Trinitatis
1328 2140 1544 2218 explicandum
1578 2140 1780 2219 mysterium,
1807 2138 1901 2200 simili

318 2230 548 2309 comparatione
560 2230 786 2292 detrahendum
798 2248 862 2292 esse
876 2230 1028 2311 quidquid
1039 2237 1085 2292 est
1136 2231 1279 2293 cautione
1293 2238 1339 2293 est
1352 2250 1436 2295 usus.

318 2323 587 2395 disconvenientia,
603 2329 634 2383 et
645 2323 789 2385 absurdi:
806 2329 837 2385 et
849 2324 881 2383 id
894 2323 995 2385 solum
1009 2326 1085 2386 arri·
1177 2325 1232 2386 Ill.
1257 2324 1346 2390 Quod
1369 2325 1465 2403 igitur
1487 2325 1521 2386 in
1544 2325 1598 2386 illa
1620 2324 1822 2386 similitudine
1845 2324 1903 2385 ho·
1949 2350 2019 2406 „paq

319 2415 467 2496 piendum
477 2416 561 2494 quod
570 2415 682 2476 decens
692 2424 721 2478 et
734 2423 977 2478 consentaneum
991 2417 1063 2478 esti.
1136 2416 1229 2477 minis
1249 2434 1287 2477 ex
1307 2417 1421 2490 anima,
1443 2423 1474 2478 ct
1493 2436 1622 2497 corpure
1641 2416 1799 2478 constituti
1818 2433 1903 2495 qum·
1939 2415 2019 2460 anna

1927 2461 1993 2507 tiore,
2008 2468 2019 2513 q

358 2508 409 2569 Sic
432 2508 626 2569 Theorianus
651 2509 684 2569 in
707 2509 864 2590 Leqotione
881 2510 1084 2584 Armenioco',
1136 2507 1270 2569 rendum
1297 2526 1383 2583 658θὶ
1413 2515 1443 2570 et
1469 2509 1558 2588 cujus
1582 2510 1698 2571 ³⁸⁸¹¹ffli
1726 2527 1796 2571 flam
1813 2526 1905 2569 “⁸⁰⁸⁸
1955 2520 2019 2610 iffi„

319 2619 392 2663 cum
419 2599 594 2662 catholicus
618 2600 773 2662 Armenioe
798 2602 1087 2682 Menophysitaruru
1137 2601 1236 2662 solere
1246 2601 1444 2662 consentiunt
1452 2603 1573 2681 antiqui
1582 2620 1690 2664 omnes
1700 2600 1905 2677 Patres,istud
1938 2616 2019 2672 orma

318 2693 463 2756 haeresim
475 2709 686 2773 propugnans,
699 2694 888 2773 idem,quod
900 2694 982 2756 illius
995 2702 1086 2758 sectae
1137 2699 1183 2755 est
1210 2693 1417 2773 potissimum,
1442 2702 1478 2754 ut
1502 2710 1602 2755 unum
1625 2695 1742 2774 aliquid
1766 2694 1901 2773 proprie,
1934 2672 2019 2772 ,3221

319 2786 461 2849 homines
475 2791 708 2858 consueverant,
724 2791 895 2865 opponeret
909 2788 1087 2867 exemplum
1136 2804 1280 2865 vereque,
1305 2804 1341 2846 ac
1361 2786 1599 2862 substantivum,
1624 2793 1654 2848 st
1678 2786 1819 2847 naturale
1842 2786 1903 2846 sci-
1926 2786 2019 2891 epm

320 2879 414 2939 unius
436 2878 571 2939 hominis
593 2883 725 2954 naturae,
749 2897 788 2939 ex
813 2880 916 2940 anima
941 2882 972 2940 et
995 2899 1088 2943 carne
1136 2896 1242 2940 remus
1263 2897 1302 2939 ex
1316 2879 1382 2951 Dei,
1402 2885 1434 2941 et
1449 2879 1586 2941 hominis
1600 2880 1796 2958 copulatione
1812 2877 1903 2953 fieri;

320 2976 555 3049 coagmentata,
568 2970 660 3049 idque
675 2971 788 3050 passim
802 2988 821 3030 a
833 2970 945 3031 sanctis
955 2989 1089 3033 comme-
1137 2989 1201 3032 non
1214 2971 1402 3032 extrinsecus
1415 2972 1565 3033 duntaxat
1582 2972 1743 3052 applicata,
1755 2978 1787 3032 et
1798 2970 1905 3031 adhe-

321 3063 437 3123 morari
451 3061 548 3147 solere
562 3063 699 3135 diceret;
719 3080 777 3122 nec
796 3068 952 3140 pateretur
974 3082 1014 3124 ex
1035 3056 1089 3125 illa
1137 3071 1225 3123 rente
1245 3069 1358 3123 natura
1377 3063 1523 3138 hominis,
1548 3064 1638 3143 quasi
1653 3069 1737 3125 reste
1758 3063 1905 3142 quadum,

322 3153 524 3214 similitudine
537 3153 658 3232 decerpi
673 3154 800 3233 aliquid,
818 3155 902 3233 quod
916 3156 1088 3218 conducere
1137 3161 1192 3216 aut
1205 3155 1298 3215 domo
1314 3175 1322 3215 r
1337 3155 1391 3215 sed
1410 3156 1449 3217 ad
1467 3155 1646 3217 interiorem
1665 3156 1841 3217 unitionem
1859 3172 1907 3215 as·

321 3247 489 3322 videretur,
505 3246 589 3306 aliud
603 3245 724 3307 omitti:
737 3246 791 3321 ite,
809 3246 949 3326 inquam,
962 3248 1089 3310 instanti
1138 3252 1262 3325 sumpts
1282 3266 1290 3307 r
1315 3254 1350 3307 ut
1370 3262 1409 3307 ex
1427 3252 1559 3326 utroque
1580 3252 1697 3308 constet
1716 3264 1798 3308 uuus
1818 3245 1906 3308 Gltria

241 3402 247 3414 ,
321 3339 527 3412 haeretico,uti
535 3356 619 3399 nunc
628 3339 700 3399 iacit
712 3340 913 3418 anonymus23
924 3341 1088 3419 respondet
1139 3339 1284 3411 atuatici
1307 3338 1486 3400 sthominis
1507 3340 1601 3413 filius,
1617 3339 1750 3418 ideoque
1773 3340 1856 3401 Deus
1876 3344 1908 3399 et

322 3430 538 3507 Theorisnus,
584 3448 704 3492 morem
734 3430 817 3492 hunc
851 3449 916 3493 esse
955 3432 1090 3512 Seriptu·
1138 3428 1233 3489 homo
1253 3445 1357 3503 verus,
1377 3433 1408 3488 et
1425 3428 1563 3506 ejusdem
1580 3446 1654 3489 cum
1671 3429 1733 3489 Deo
1754 3428 1855 3504 Patre,
1873 3444 1908 3488 uo

323 3542 380 3600 rae,
394 3529 508 3584 utnon
524 3540 631 3584 omnes
659 3523 898 3585 similitudinum
933 3530 1036 3604 partes
1051 3525 1090 3585 ad
1139 3526 1239 3581 matre
1249 3520 1364 3580 lomina
1377 3519 1568 3595 substantias,
1579 3520 1663 3600 quod
1677 3518 1791 3581 cumin
1803 3519 1905 3592 unica,

324 3616 517 3695 propositum
531 3615 1008 3694 accommodarecuret3quodsi
1020 3618 1091 3696 quis
1140 3611 1310 3692 quamlibet
1331 3630 1371 3673 ex
1393 3612 1532 3691 partibus
1556 3613 1685 3690 integris
1711 3610 1909 3673 manentibus

323 3707 480 3782 instituat,
502 3712 572 3767 tum
594 3707 762 3767 innumera
783 3708 870 3787 sequi
889 3707 1035 3777 ridicula.
1061 3716 1092 3771 et
1140 3704 1310 3783 composite
1331 3710 1455 3781 natura,
1473 3722 1574 3784 neque
1598 3704 1666 3766 fieri
1685 3703 1909 3783 possitneque

325 3799 450 3859 absona.
1140 3804 1246 3858 mente
1265 3796 1393 3875 percipi,
1422 3802 1457 3857 ut
1484 3802 1575 3858 antea
1600 3795 1907 3858 demorutrarimust

365 3892 438 3952 Nou
461 3891 550 3952 aliter
572 3909 696 3971 quoque
717 3892 895 3953 Anastasius
918 3892 1036 3953 Sinaita
1058 3894 1093 3955 in
1141 3889 1199 3950 hoc
1223 3888 1324 3948 solum
1345 3888 1503 3968 reliquum
1525 3893 1581 3957 est,
1605 3893 1642 3948 ut
1661 3887 1771 3948 exient
1788 3894 1827 3948 eri
1846 3904 1911 3948 am·

280 4030 287 4044 .
325 3983 417 4057 libro,
440 3983 494 4064 qui
511 3991 599 4066 ὁδηγος
620 3983 810 4054 inscribitur,
832 3985 981 4045 Severum
995 3984 1094 4046 here·
1142 3979 1242 4041 bobus
1251 3979 1439 4041 substantive
1448 3980 1599 4061 copulatis
1608 3978 1908 4053 unusilleGhristusj

326 4077 423 4137 ticum
454 4093 492 4136 ex
526 4076 634 4138 eodem
662 4081 935 4154 argumentantem
959 4076 1094 4138 hominis
1142 4073 1202 4134 hoc
1221 4064 1267 4133 est
1289 4090 1353 4133 uns
1370 4088 1500 4150 persons
1517 4073 1551 4135 in
1569 4073 1689 4133 duabus
1705 4071 1825 4133 naturis
1838 4069 1912 4131 suh·

327 4168 469 4248 exemplo
490 4169 579 4229 silere
594 4167 704 4246 jubetr
723 4169 822 4229 «Nou
845 4168 929 4230 enim
952 4169 1094 4248 exempla
1144 4164 1264 4227 sistens.

328 4278 400 4322 cum
409 4260 504 4321 rebus
512 4260 685 4339 exequari3
698 4261 960 4323 utcumGhristus
968 4262 1092 4337 vermis,
1185 4259 1274 4318 Hunc
1300 4257 1511 4319 similitudinis
1537 4257 1621 4318 illius
1647 4273 1741 4318 usum
1760 4254 1910 4330 indicant,

327 4356 388 4432 leo,
404 4360 458 4416 aut
480 4354 545 4415 ovis
559 4354 742 4433 appellatur,
765 4358 823 4414 etc.
839 4371 972 4433 quarum
990 4358 1095 4414 tamen
1138 4350 1379 4435 ppprohautque
1389 4351 1497 4425 Grteci,
1505 4349 1670 4428 Latinique
1678 4350 1783 4410 Patres
1791 4365 1911 4423 omnes,

329 4447 499 4509 similitudo
508 4446 677 4509 secundum
686 4450 884 4523 naturam,ac
892 4444 1096 4505 substantiam
1145 4461 1223 4523 quos
1232 4443 1266 4503 in
1278 4442 1432 4522 plerisque
1442 4441 1529 4503 libris
1541 4443 1642 4521 operis
1653 4441 1758 4519 hujus,
1772 4444 1914 4500 auctores
2018 4468 2019 4515 ;

330 4543 645 4603 minimeconstau.»
1145 4534 1327 4597 eitarumrs:
1344 4555 1361 4596 e
1380 4534 1494 4614 quibus
1513 4551 1627 4615 paucos
1647 4533 1699 4594 hio
1718 4532 1912 4593 referemusr

365 4744 386 4782 a
405 4728 552 4783 Cuntwst·
566 4721 642 4778 hom·
660 4736 725 4777 xxti
741 4718 770 4773 in
786 4718 850 4775 lod
866 4722 930 4779 Cor.
948 4736 975 4789 v,
991 4720 1036 4776 25.
1053 4717 1096 4785 Μὴ
1182 4722 1312 4777 clusas.
1339 4736 1400 4791 cap.
1422 4734 1500 4774 rvur.
1520 4716 1577 4773 'Ort
1607 4717 1652 4771 ota
1674 4706 1840 4789 ἔξομοιοΰιται
1863 4722 1915 4779 τοῖς

329 4813 411 4867 τοίνυν
432 4810 494 4865 κατὰ
516 4808 614 4863 πάντων
638 4804 664 4857 at
683 4822 712 4856 ου
733 4801 765 4856 τὰ
775 4803 971 4875 παραδείγματα.
993 4800 1044 4857 inei
1057 4801 1098 4854 eal
1145 4805 1316 4877 παραδέγμασι
1326 4803 1356 4857 τὰ
1366 4805 1508 4876 πράγματα.
1520 4801 1571 4857 ἐπεὶ
1582 4802 1623 4855 καὶ
1636 4799 1734 4869 σκώληξ
1744 4799 1839 4873 εἴρηται
1848 4798 1914 4874 terp

330 4898 442 4971 ἀλλαχοῦ
456 4892 538 4949 πολλὰ
548 4888 653 4944 ἐντεῦθεν
665 4825 802 4952 inarmati
816 4886 914 4961 χαλεπὰ
925 4884 1096 4959 ἁμαρτήματα.
1147 4892 1227 4960 γραφῇ
1241 4888 1315 4950 τύπος
1328 4893 1371 4941 τοῦ
1387 4880 1490 4959 Χριστοῦ
1506 4879 1577 4948 εἶναι,
1587 4885 1628 4938 καὶ
1639 4885 1714 4947 λέων,
1728 4884 1769 4937 καὶ
1782 4884 1914 4955 πρόδοτον,

367 4981 383 5037 b
403 4982 491 5035 Grec.
509 4966 589 5033 NYSS.
605 4973 651 5030 lib·
667 4971 732 5030 Cat.
746 4985 771 5030 θ.
784 4988 810 5025 Χ·
831 4972 878 5024 Καὶ
889 4971 971 5044 μηδεὶς
984 4970 1013 5023 τὸ
1026 4970 1100 5040 φθαρ-
1147 4971 1187 5024 καὶ
1197 4966 1290 5042 ipsios,
1305 4971 1346 5023 καὶ
1359 4968 1447 5042 φοίνιξ,
1467 4970 1507 5022 καὶ
1522 4969 1612 5040 μῆλον,
1627 4968 1667 5020 καὶ
1680 4966 1771 5039 κρίνον.
1787 4965 1853 5020 ἀλλὰ
1868 4966 1914 5038 μὴν

330 5069 397 5121 riade
412 5070 455 5120 τοῦ
484 5065 559 5137 πυρὸς
585 5059 846 5134 ουμπαραλαμὸανέτω
871 5060 907 5109 τῶ
930 5044 1097 5125 ὗποδείγμοτι·
1148 5053 1216 5108 οὐδὲν
1227 5059 1320 5108 τοῦτον
1340 5053 1394 5108 κατ’
1406 5052 1490 5107 οὐσίαν
1505 5051 1659 5124 ἐξομοιοῦται
1676 5056 1791 5121 φυσικῶς.
1808 5050 1877 5107 Vide
1888 5055 1915 5105 et

331 5149 388 5203 ἀλλ’
402 5152 459 5203 ὅσον
484 5147 598 5219 stupente
612 5144 664 5199 ἐστι
679 5145 753 5217 μόνον
769 5141 792 5195 ἐν
807 5146 837 5214 τῇ
852 5138 925 5193 εικόνι
936 5128 1100 5208 streperet
1149 5152 1208 5208 cap.
1225 5152 1279 5191 m.

332 5234 460 5300 ἀνοίκειον,
475 5233 515 5286 καὶ
526 5230 679 5303 inspectior
694 5224 868 5281 deonorelotu.

333 5395 343 5438 l
356 5392 417 5437 'icon
427 5389 455 5434 tii
467 5390 549 5434 trttt.-
560 5387 575 5430 t
587 5384 643 5428 ilar.
657 5393 734 5429 ιιιιιι,
744 5381 759 5436 S
768 5381 832 5423 dt·
846 5380 859 5421 3
876 5376 947 5421 Basti.
973 5382 1034 5421 torn.
1047 5372 1076 5417 u.
