3936 6152
463 309 515 371 aa
534 306 833 385 musaraneus,
855 306 929 375 UH.
952 308 1011 377 xt,
1034 308 1117 373 CAP.
1144 310 1223 372 v111.
1578 308 1634 373 lat

97 474 240 551 imulerit,
253 474 297 535 nti
316 492 408 555 sapra
421 476 823 555 capitesextodemonstra·
913 475 1086 536 Germanus
1121 493 1245 555 quoque
1282 474 1640 554 Constantinopolitanae

96 570 187 629 unus:
199 572 230 626 ut
240 566 470 647 meritogratio,
487 573 518 629 et
529 569 673 629 sanctitas
687 568 753 648 ipsa
765 585 821 627 no·
873 566 1049 626 Petriarcha
1076 575 1108 627 r'a
1136 569 1379 647 contemplatione
1393 568 1516 649 mystica
1541 586 1641 627 reram

95 660 185 721 miseri
196 660 294 738 possit.
873 657 1163 733 Ecclesiastiearum,
1194 682 1209 719 a
1232 661 1387 722 Christum
1417 660 1490 721 die-it
1511 667 1642 721 unctum

29 756 77 819 tir·
124 751 287 828 Haucigitur
299 750 492 826 unctionem,
503 750 537 812 in
546 752 674 814 homine
690 751 821 825 Christo,
874 756 1269 830 esse,tanquamregem,et
1283 752 1643 829 sacerdotem,uuctione

29 815 68 853 ’ω
94 843 251 905 diunintem
264 843 364 923 ipsam
381 843 487 919 tuisse,
514 843 539 905 si
562 863 601 909 ex
624 845 825 924 antiquorum
875 841 1131 905 iucarnationist.
1153 866 1169 903 s
1183 846 1271 909 Titus
1283 847 1359 909 item
1370 845 1541 907 Bostrensis
1559 862 1643 924 com·

93 935 241 997 testimonis
256 937 381 1014 probari
396 942 512 1015 potest:
538 936 598 998 hoe
620 937 825 1017 quodpropo·
875 936 1027 996 menterio
1042 937 1075 997 iu
1093 943 1185 1017 ceput
1199 944 1345 1017 quartum
1368 938 1482 1001 Locos
1508 938 1645 1001 Unctum

94 1029 186 1089 suimus
197 1046 404 1107 assequemur,
416 1034 451 1090 ut
463 1028 582 1108 gratie,
598 1029 827 1107 sanctitatisque
876 1027 929 1103 ait,
945 1045 1010 1088 esse
1028 1028 1141 1101 filium,
1161 1049 1225 1091 non
1250 1031 1311 1092 alio
1330 1032 1436 1107 modo,
1452 1047 1546 1109 quam
1562 1028 1645 1108 quod

93 1120 182 1197 lorum,
201 1139 258 1199 quo
282 1126 408 1181 sanctus
430 1127 476 1182 est
499 1121 608 1198 factus,
631 1121 827 1183 divinitatem
876 1120 1047 1187 secundum
1074 1140 1199 1184 earnem
1221 1124 1319 1185 nostri
1349 1123 1468 1201 similis,
1492 1131 1524 1185 et
1548 1122 1644 1183 homo

93 1212 271 1275 iuillotenere
297 1218 524 1274 monstremus:
539 1213 614 1286 sive,
637 1213 721 1293 quod
745 1211 828 1274 idem
877 1212 973 1279 faetus
987 1219 1095 1274 estas

93 1306 299 1384 estipsammet
310 1304 464 1384 Spiritum
474 1311 626 1369 sanctum.
919 1305 956 1365 ll.
986 1304 1167 1385 Complures
1197 1325 1270 1368 vero
1311 1306 1489 1367 unctionem
1532 1304 1643 1366 Christi
1669 1322 1748 1365 tinctio
1769 1326 1801 1365 ea

123 1397 319 1458 Dediunitete
332 1399 400 1477 ipsa
413 1397 600 1459 disertusest
614 1397 753 1476 Gregorii
766 1398 827 1458 Na·
878 1395 980 1476 ipsum
994 1396 1152 1457 affirmant
1166 1415 1232 1459 esse
1247 1399 1398 1478 Spiritum
1412 1404 1563 1474 sanctum,
1580 1415 1642 1476 quo
1695 1375 1792 1472 {iiiii}

93 1490 201 1551 moreni
227 1490 313 1550 locus
344 1489 379 1550 iu
402 1489 483 1553 ealce
525 1490 674 1551 orationis
691 1490 823 1568 qnintae:
879 1495 991 1551 unctus
1014 1496 1080 1550 est:
1105 1495 1197 1569 atque
1215 1490 1274 1551 hoc
1297 1491 1458 1571 Apostolus
1484 1492 1593 1552 Petrus
1610 1490 1643 1553 iu
1673 1484 1802 1591 fflffifigff·

93 1581 134 1641 uhi
146 1583 257 1647 lucum
263 1583 392 1642 Patrem
401 1581 445 1641 eit
459 1581 582 1643 unxisse
593 1582 750 1645 Christum
762 1582 830 1643 oleo
878 1581 932 1640 illo
955 1581 1022 1641 loco
1037 1581 1130 1660 paulo
1147 1588 1219 1644 unte
1244 1583 1337 1643 citato
1352 1602 1390 1644 ex
1405 1584 1526 1645 decimo
1546 1582 1645 1661 capite

92 1674 256 1735 munionis
267 1692 334 1753 prae
346 1673 539 1737 consortibus
548 1673 622 1749 suis,
638 1691 710 1734 oum
723 1673 833 1735 huma·
880 1674 1023 1734 Actorum
1050 1676 1177 1735 asserit:
1210 1673 1303 1737 linxit
1332 1694 1408 1745 eom,
1439 1675 1551 1755 inquit,
1568 1674 1647 1737 Deos

93 1766 194 1827 nitatem
206 1766 364 1827 diunitate
382 1764 483 1843 unxit,
512 1771 548 1827 ut
561 1764 654 1826 ambo
667 1783 768 1827 unum
790 1766 833 1826 fa·
880 1763 1004 1844 Spiritu
1016 1771 1128 1841 sancto,
1143 1773 1173 1827 et
1187 1771 1307 1828 uirtute.
1327 1789 1340 1825 s

92 1866 215 1918 arete.»
232 1859 270 1919 Et
285 1859 319 1919 in
338 1858 594 1919 orationessunt
609 1857 664 1920 ubi
679 1859 717 1919 de
739 1858 832 1919 variis
922 1858 988 1931 Qua
1021 1858 1202 1920 auctoritate
1223 1858 1292 1919 freti
1332 1858 1481 1938 plerique,
1510 1864 1547 1919 ut
1571 1858 1648 1936 dixi,

92 1949 182 2009 Christi
193 1949 486 2028 nominihusagens‚
502 1969 571 2030 quae
587 1949 615 2011 ei
630 1949 833 2030 inscriptura
883 1956 1013 2010 unctum
1031 1967 1096 2011 esse
1114 1950 1270 2010 Christum
1289 1951 1405 2029 Spiritu
1419 1957 1524 2013 saneto
1545 1952 1651 2031 prodi·

91 2043 251 2105 tribuuntur.
285 2065 302 2101 a
331 2043 483 2120 Chnstns,
501 2046 555 2119 ait,
576 2044 689 2103 dieitur
708 2049 833 2123 propter
883 2042 1006 2103 derunt.
1017 2041 1169 2103 Eusebius
1183 2042 1271 2109 tuitio
1285 2041 1502 2105 Ecclesiastico
1515 2042 1651 2103 historice

93 2134 264 2200 divinitatem.
281 2135 357 2197 Haec
369 2136 454 2197 enim
466 2137 570 2197 mietio
586 2142 632 2196 est
653 2135 832 2199 humanite-
884 2134 922 2194 de
935 2133 1052 2193 Christo
1079 2133 1219 2212 loquens,
1241 2135 1484 2212 «Unguentum,
1505 2136 1559 2211 eit,
1586 2153 1652 2196 non

91 2225 134 2299 tis;
147 2245 202 2287 non
223 2227 415 2307 operatione,
437 2232 473 2287 nt
491 2227 524 2287 in
547 2227 676 2287 Christis
694 2228 832 2302 ceteris,
883 2226 968 2305 quod
982 2244 1020 2287 ex
1032 2226 1186 2306 corporeis
1199 2225 1292 2287 rebus
1306 2227 1480 2288 conficitur:
1501 2227 1554 2288 sed
1569 2227 1651 2306 ipso·

92 2336 210 2396 negem,
228 2320 279 2380 sed
294 2319 389 2379 totius
402 2319 835 2398 ungentispreescntiatcujus
884 2324 948 2380 met
971 2319 1025 2379 Dei
1046 2318 1168 2397 spiritu,
1191 2320 1256 2379 Deo
1280 2338 1466 2399 congruens,
1488 2320 1653 2399 pertipru·

91 2409 131 2471 hic
141 2411 252 2472 effeetus
265 2414 324 2484 est,
340 2416 376 2472 ut
388 2411 472 2491 quod
486 2411 586 2488 ungit,
606 2411 701 2471 homo
713 2429 833 2471 nuncu·
884 2410 968 2471 tione
986 2410 1142 2489 ingenitae,
1159 2418 1190 2470 et
1197 2410 1339 2491 'pateruae
1352 2412 1521 2473 divinitatis
1534 2430 1656 2491 accepe-

92 2508 172 2581 petur,
197 2510 225 2563 et
246 2504 332 2583 qnod
358 2504 498 2580 ungitur,
524 2504 605 2563 Deus
632 2501 719 2563 fieti.
745 2524 760 2561 n
778 2503 835 2564 Hic
884 2502 968 2564 ratt.
989 2523 1004 2560 n
1039 2503 1129 2576 Quod
1151 2503 1236 2563 lseiee
1258 2502 1360 2565 verbis
1384 2504 1445 2565 illis
1467 2504 1576 2583 eapitis
1605 2521 1654 2565 1111

92 2592 258 2656 divinitatem
271 2596 379 2667 Verbi,
402 2595 581 2656 unctionem
598 2594 691 2657 fuisse
714 2596 756 2656 ait
782 2595 837 2656 ho·
885 2597 1087 2668 demonstrat,
1103 2593 1241 2673 Spiritus
1251 2595 1375 2657 Domini
1389 2616 1478 2677 saper·
1491 2615 1548 2671 me,
1564 2615 1655 2678 prop·

93 2685 166 2746 uinis
183 2687 300 2760 Christi,
318 2705 453 2766 eumque
479 2687 644 2765 presentia
665 2705 721 2747 sua
741 2692 772 2747 ct
787 2704 836 2749 co·
886 2696 930 2749 ter
966 2686 1043 2768 qaod
1068 2688 1158 2747 accit
1183 2705 1228 2748 rae
1256 2687 1408 2764 Dominae,
1439 2695 1504 2749 tum
1532 2688 1611 2749 illud
1639 2706 1657 2749 e

92 2775 222 2856 puletiom
247 2780 356 2840 fecisse
382 2785 535 2852 sanctum,
566 2784 597 2840 et
631 2779 740 2840 eedem
763 2798 837 2839 uno
886 2778 1008 2841 Psalmo
1025 2797 1108 2855 xus,
1125 2779 1207 2840 citat.
1235 2778 1392 2861 Propterea
1415 2780 1506 2841 aucit
1528 2788 1556 2841 te
1580 2778 1659 2842 Deus

94 2869 158 2930 tione
179 2872 269 2932 Deam
293 2871 476 2947 homiaem,
496 2878 527 2933 et
551 2871 711 2933 hominem
736 2873 837 2933 Deum
887 2872 965 2934 Deus
979 2878 1048 2933 taos
1068 2871 1130 2931 oleo
1152 2870 1270 2932 loetitice
1291 2890 1356 2952 pra
1376 2870 1560 2933 consortibus
1587 2872 1655 2933 tuis.

92 2978 143 3023 esse
156 2963 274 3025 iactum.
288 2964 378 3038 Quod
394 2965 529 3025 ioannes
545 2962 765 3025 Damascenus¹
791 2981 838 3024 se-
927 2965 1064 3027 lrenaeus
1076 2962 1157 3025 libro
1171 2963 1274 3038 tertio,
1301 2964 1401 3043 capite
1415 2980 1466 3025 ur.
1486 2985 1501 3021 a
1519 2966 1554 3025 In
1569 2964 1658 3025 Chri-

93 3057 493 3119 eutusodiviuamnaturam
501 3056 648 3118 humanae
660 3054 839 3117 unctionem
888 3056 937 3132 sti,
954 3055 1066 3135 inquit,
1090 3053 1218 3116 nomine
1241 3054 1426 3119 subauditur
1447 3055 1499 3135 qui
1516 3055 1615 3131 unxit,
1630 3061 1661 3117 et

93 3163 142 3206 esse
155 3169 168 3205 r
183 3148 263 3210 elicit.
888 3148 980 3229 ipse,
1010 3147 1064 3226 qui
1091 3152 1204 3209 unctus
1239 3154 1295 3224 est,
1336 3154 1368 3211 ct
1401 3149 1467 3227 ipsa
1493 3149 1599 3209 unctio
1626 3147 1661 3208 in

123 3239 195 3299 idem
207 3259 301 3320 porro
315 3242 452 3302 Ioannes
474 3242 680 3303 Damascenus
699 3239 733 3300 iu
759 3239 839 3301 libro
890 3260 951 3320 qua
983 3244 1093 3301 unctus
1120 3245 1177 3301 est.
1217 3243 1257 3305 ut
1285 3240 1374 3302 unxit
1398 3240 1525 3319 quidem
1559 3242 1659 3316 Pater,

93 3329 220 3407 primorie
242 3331 439 3413 Irnapiaibcs,
458 3332 637 3393 unctionem
657 3332 838 3393 humanita-
890 3339 1002 3394 unctus
1022 3338 1069 3394 est
1091 3351 1167 3393 vero
1191 3333 1288 3395 Filius
1319 3333 1353 3392 iu
1377 3332 1507 3411 Spiritu,
1531 3332 1585 3411 qui
1616 3337 1663 3395 cst

94 3420 125 3480 tis
142 3425 273 3489 eamdem
298 3425 391 3505 plane
416 3424 572 3485 constituit
599 3442 671 3485 eum
699 3425 839 3485 unitione
890 3426 1016 3487 unctio:
1039 3424 1302 3503 quemadmodum
1324 3443 1380 3503 por
1394 3425 1515 3485 Esaiam
1536 3424 1581 3484 ait
1594 3442 1661 3485 ser-

93 3511 270 3592 hypostatica.
306 3517 618 3591 «Quemadmodum,
645 3517 758 3594 inquit,
784 3515 839 3595 qui
891 3534 964 3577 mo:
989 3515 1127 3596 Spiritus
1159 3515 1215 3577 Ilei
1240 3534 1328 3595 saper
1350 3534 1405 3591 me,
1429 3524 1556 3595 propter
1582 3516 1664 3596 qaod

94 3608 181 3668 unitur
191 3609 265 3688 igni,
280 3628 347 3675 non
366 3615 489 3683 natura,
506 3610 559 3670 sed
578 3609 729 3685 cultione,
745 3613 776 3668 et
789 3627 839 3669 ac·
890 3608 979 3669 aurit
993 3626 1049 3681 me,
1060 3607 1239 3685 significans
1252 3613 1283 3667 et
1297 3613 1467 3684 ungentem
1481 3609 1619 3684 Patrem,
1634 3613 1666 3669 et

92 3699 227 3780 censione,
243 3709 273 3764 et
284 3703 508 3765 communione
520 3701 556 3761 fit
569 3702 671 3780 ignis:
696 3701 841 3763 sicetiam
891 3707 1020 3765 unctum
1043 3700 1168 3776 Filiam,
1195 3705 1226 3760 et
1247 3701 1439 3776 unctionem,
1463 3700 1517 3779 qui
1536 3705 1583 3762 est
1596 3701 1665 3781 Spi-

94 3790 124 3849 de
151 3795 297 3857 laceranti
328 3795 398 3857 Filii
416 3794 471 3855 Dei
491 3812 583 3855 carne
616 3794 699 3853 idem
727 3811 840 3854 assero.
891 3792 982 3854 ritus.
1016 3814 1032 3851 r
1074 3793 1125 3854 Sic
1160 3792 1342 3855 Ambrosius
1374 3792 1455 3854 libro
1490 3791 1592 3872 primo
1628 3794 1667 3855 de

93 3880 229 3962 samita,
254 3888 427 3947 diuinitatis
450 3886 623 3947 seeundum
649 3886 844 3964 hypostasim
892 3884 1016 3964 Spiritu
1041 3890 1150 3958 saoeto,
1180 3884 1279 3964 eapite
1293 3885 1395 3946 tertio.
1416 3906 1431 3943 a
1454 3885 1486 3947 Si
1512 3886 1668 3947 Christum

93 3978 303 4049 communione,
313 3998 378 4039 nou
389 3984 520 4051 mutata,
532 3980 615 4039 Deus
630 3977 763 4038 exstitit:
779 3994 844 4036 non
893 3977 987 4053 dices,
1002 3977 1056 4050 ait,
1074 3983 1104 4037 et
1118 3979 1217 4038 Deum
1232 3978 1367 4051 Putrem,
1384 3996 1402 4038 a
1424 3996 1487 4056 qao
1501 3983 1613 4040 unctus
1623 3982 1670 4039 est

93 4069 251 4143 operatione
270 4071 328 4130 Dei
351 4076 455 4147 uncta,
471 4076 507 4130 ut
533 4069 747 4149 unusquisqne
767 4068 842 4129 Pro·
893 4069 1004 4144 Filius3
1021 4074 1051 4129 et
1073 4070 1188 4149 ipsum,
1209 4069 1262 4148 qui
1284 4075 1397 4130 unctus
1415 4076 1471 4137 est,
1494 4071 1618 4143 Filium,
1639 4074 1670 4131 ct

92 4154 258 4237 plastarum
272 4162 328 4223 sed
338 4161 434 4223 totius
450 4161 597 4241 ungentis
607 4161 802 4242 praesentiat.
825 4180 841 4219 n
894 4161 1060 4241 Spiritum,
1092 4180 1155 4241 quo
1180 4165 1296 4221 unctus
1319 4167 1376 4237 est,
1392 4161 1604 4240 desIgnasti.r
1632 4165 1671 4225 Et

124 4357 1669 4436 NJmmfflmwwmssfflflwmmiwmfflwwmmwfflfflmfflmmm

93 4440 1670 4519 mdwmmfflwfflwmfflwmmtfflmffifflmfflfflmwmmssfflmm

94 4527 265 4601 τώςριετόχους
278 4528 365 4596 attat,
385 4529 472 4602 χρίσας
489 4528 533 4601 τὴν
554 4527 729 4601 &tripartitam
752 4529 850 4602 τῇθεό·
900 4529 1023 4601 χρίοντος.

94 4624 148 4679 τητι·
162 4611 223 4666 ὥστε
237 4616 337 4680 ποιῆσαι
348 4613 379 4666 τὰ
389 4611 514 4685 ἀμφότερα
524 4611 560 4665 ἕν.
937 4611 958 4667 d
977 4613 1066 4668 6111111.
1080 4617 1145 4674 lom,
1157 4612 1205 4669 XII
1223 4613 1286 4670 Bit.
1303 4616 1358 4671 PP·
1380 4611 1487 4683 Χριστὸς
1502 4614 1612 4690 ἔχρίοθη,
1637 4615 1671 4677 ὡς

124 4691 139 4746 b
155 4694 193 4749 ld.
212 4696 352 4767 Χριστδςδὶ
362 4695 403 4748 διὰ
418 4695 461 4762 τὴν
472 4696 583 4761 istrata.
594 4694 674 4767 χρίσις
682 4693 729 4766 γὰρ
739 4692 799 4762 αὕτη
810 4697 853 4762 τῆς
902 4696 1024 4767 βασιλεὺς,
1039 4693 1079 4747 καὶ
1094 4695 1180 4766 ἱερεὺς,
1190 4701 1227 4767 τῷ
1237 4695 1355 4769 χρίσματι
1369 4700 1412 4764 τῆς
1426 4701 1581 4770 capistretur.

97 4770 280 4846 iriponirqroe,
292 4778 335 4832 οὔτι
349 4775 458 4849 ἐνεργείᾳ
475 4776 539 4830 κατὰ
557 4778 612 4841 τοὺς
631 4777 723 4838 ἄλλους
736 4777 854 4847 Χριστοὶις
938 4794 953 4835 e
971 4779 1053 4835 Ttrus
1066 4779 1159 4833 Basra.
1178 4784 1245 4834 tom.
1262 4779 1325 4834 XIII
1345 4779 1405 4835 Bib.
1426 4780 1673 4856 Κεχρὶσθαιγὰροῦχ

95 4854 1672 4941 mmmmmmfflfflmfflwhwmfflfflffiwfflwmmm

96 4936 209 5012 ἄνθρωπον
219 4943 321 4997 ἀκοῦσαι
330 4944 359 4999 rt
368 4944 497 5018 ppiomai
506 4947 605 5010 ποιῆσαι
614 4943 667 4996 θεὸν
675 4942 852 5015 τὸχρώμενον.
903 4945 1017 5012 δηλονότι
1026 4945 1079 4996 καθ’
1091 4943 1165 5016 ἡμᾶς,
1175 4944 1216 4998 καὶ
1229 4941 1458 5015 ἔνανθρωπήσαντα.

126 5026 271 5083 thamsa.
292 5026 386 5100 Ὥσπερ
404 5028 467 5098 tea
479 5025 538 5097 πυρὶ
546 5025 671 5098 ἐνούρινος
680 5024 708 5079 oi
727 5029 758 5098 τῇ
776 5025 853 5095 φύσει,
940 5026 1075 5101 fEusss.
1090 5028 1099 5082 1
1115 5030 1191 5083 Hirr.
1208 5044 1268 5098 cap.
1280 5043 1319 5083 111.
1338 5028 1373 5081 'lh
1390 5030 1417 5082 δὲ
1433 5029 1526 5103 χρίσμα
1543 5029 1572 5085 ot
1591 5030 1620 5085 rh
1633 5030 1674 5085 διὰ

97 5100 190 5179 Mil
213 5108 308 5175 ἑνώσει,
326 5112 368 5164 καὶ
386 5113 505 5182 πυρώσει,
528 5110 569 5161 καὶ
588 5109 679 5180 μεθέξει
692 5113 740 5179 πῦρ
753 5108 853 5178 γίνεται·
904 5109 1025 5180 σωμάτων
1036 5110 1177 5172 σκευαστὸν,
1193 5109 1249 5163 ἀλλ’
1260 5110 1327 5182 αὐτῷ
1343 5109 1502 5184 δὴπνεῦματι
1511 5113 1568 5186 θείῳ
1577 5114 1607 5167 τὸ
1619 5115 1673 5168 ileo·

96 5187 201 5244 οὕτωκαὶ
213 5192 258 5261 τὴν
270 5194 348 5265 σάρκα
357 5195 419 5266 φηρὶ
430 5198 473 5248 toti
487 5193 653 5265 σαρτωθέττος
662 5192 715 5246 υἱοῦ
731 5195 774 5245 τοῦ
789 5192 854 5244 θεοῦ.
904 5191 1002 5263 πρττὲς,
1025 5197 1119 5265 μετοχῇ
1137 5195 1180 5260 τῆς
1203 5193 1336 5266 &provisos
1358 5193 1399 5246 καὶ
1423 5201 1541 5269 πατρικῆς
1562 5197 1674 5267 θεότητος

98 5260 168 5340 ta,
180 5274 267 5347 ,qq
281 5276 333 5332 aa
349 5277 484 5333 traaas
504 5277 596 5348 pean
615 5279 659 5343 τῆς
680 5275 744 5338 aaa
764 5274 858 5346 qaeu,
905 5272 1041 5346 arettae.

121 5453 187 5502 tus.
199 5457 288 5516 lump.
300 5472 331 5505 ur.
