4104 6160
563 283 612 344 DE
631 284 933 349 lumnunutouu.
955 286 1031 349 LIB.
1055 287 1108 361 VI,
1133 286 1217 348 ΟΑΡ.
1243 288 1280 347 u.
1698 286 1715 342 7

138 439 246 505 aerata
267 445 398 523 proprio
422 446 520 511 vauri
547 448 646 511 forms
670 455 784 521 estes,
806 469 901 530 quam
951 450 991 511 ab
1004 469 1199 532 quonamque
1213 452 1274 513 elia
1293 457 1433 533 sepmata
1451 451 1646 525 consisteret;
1661 468 1718 511 uec

141 539 246 597 rotant
256 534 364 597 realem
377 537 577 604 existentiam.
953 542 987 605 in
1000 543 1095 604 unius
1109 544 1365 624 compositionem
1387 561 1460 605 cum
1470 543 1567 606 altero
1587 542 1716 604 veniret.

26 638 86 679 ἃ
180 626 257 699 Quid
270 628 356 707 quod
369 637 454 703 οὸσίσς
473 634 594 699 nomini
614 635 773 705 interdum
796 635 905 699 eadem
954 635 1010 695 Cui
1024 635 1150 714 quidem
1164 635 1357 699 declarandae
1376 656 1469 699 voces
1489 635 1549 696 illae
1569 634 1717 710 serviunt,

15 721 104 763 m
145 717 276 797 tttbjwi&
290 720 669 806 nemausensem,
691 736 727 793 ut
746 729 782 791 in
795 734 905 809 quarto
956 734 1047 802 tersa„
1063 733 1153 789 θῑᾶνὰ
1168 738 1251 809 μέρος,
1266 737 1297 791 et
1311 737 1495 803 ἰδιοσοστάτιος,
1511 727 1624 808 quibus
1637 727 1720 787 iden·
1746 750 1878 804 sesana-

145 809 178 871 de
192 809 464 877 Trinitctedixi¹t
955 819 1051 880 tidem
1075 820 1206 898 Cyrillus
1239 821 1347 883 utitur.
1371 826 1472 900 Atque
1492 820 1543 880 hic
1574 825 1721 899 praeterea
1745 808 1889 900 'fiffifaffl'

181 902 320 982 eantque
340 906 470 970 Basilius
492 909 526 971 in
544 909 674 989 epistola
683 928 766 987 ωτι,
792 913 827 973 iu
845 930 908 992 qua
956 911 1307 987 eumanimadverteret,
1321 915 1508 986 Nestorium,
1524 912 1578 991 qui
1592 929 1662 972 eum
1673 930 1722 972 res
1747 912 1869 1007 wssffi

143 1003 286 1070 ὁκόσων,
309 1003 340 1058 et
358 1006 595 1063 οὖσίσνσοοιισνιο
615 1003 769 1080 describit,
791 1005 909 1085 perspi·
957 1004 1014 1084 ipsi
1028 1011 1104 1081 erat,
1116 1013 1187 1085 φύσιν
1199 1025 1255 1086 pro
1266 1015 1410 1082 οποσπάσσι,
1418 1012 1450 1067 et
1458 1022 1588 1086 persona
1598 1005 1640 1064 sic
1649 1003 1723 1064 aceti·
1772 1018 1841 1060 οιοιο.

143 1087 401 1153 eaedemonstret
421 1099 722 1157 emesenorum.
740 1095 804 1159 sive
824 1104 909 1159 etates
958 1116 1040 1178 pere,
1066 1099 1253 1176 utinullam,
1280 1099 1346 1160 sine
1379 1098 1505 1178 proprio
1539 1096 1724 1157 subsistendi

143 1195 217 1251 esse,
232 1185 387 1259 quatenm
403 1184 485 1262 quod
497 1203 664 1248 commune
679 1193 725 1248 est
737 1206 793 1268 per
812 1193 910 1249 certas
957 1191 1062 1267 modo,
1077 1196 1221 1252 naturam
1244 1197 1363 1252 exstare
1380 1191 1528 1262 erederet,
1548 1188 1670 1267 soepius,
1693 1194 1724 1248 et

143 1270 386 1350 proprietatesin
400 1294 434 1337 re
447 1275 552 1356 aliqua
565 1277 756 1357 designatur,
769 1280 911 1341 sedeter·
958 1282 1048 1345 enixe
1069 1283 1237 1359 contendit,
1262 1300 1359 1344 unam
1383 1282 1418 1343 in
1436 1281 1558 1342 Christo
1578 1288 1647 1360 ptest
1660 1297 1725 1340 esse

142 1362 309 1428 minatur⁰.
958 1375 1223 1454 parturitionem,
1239 1374 1377 1436 sedeam
1390 1375 1591 1435 incarnatum.
1607 1373 1650 1433 De
1664 1389 1725 1450 qua

96 1479 108 1540 j
181 1455 263 1517 VttI.
293 1457 373 1531 Quin
395 1458 472 1520 illud
489 1478 528 1521 ax
554 1463 754 1541 sequentibus
779 1463 906 1543 patebit,
958 1473 1075 1544 postea.

142 1545 325 1628 plenumque
343 1556 462 1612 veteres
482 1553 515 1613 in
533 1553 720 1634 usurpandis
736 1554 908 1617 istiusmodi

143 1638 300 1701 vocabulis
324 1660 388 1703 non
406 1643 484 1722 ejus,
513 1662 608 1724 quam
631 1645 695 1706 illis
716 1646 906 1723 tribuebant,
1252 1710 1254 1713 ,

13 1724 120 1812 Μ,
142 1730 289 1808 nononis,
315 1733 369 1795 sed
392 1734 425 1795 iu
445 1753 509 1815 qua
533 1737 727 1817 usurpabant
747 1738 781 1815 ii,
802 1744 909 1801 eontra

141 1840 229 1902 quos,
244 1823 295 1885 rel
315 1825 355 1887 sd
367 1845 457 1906 quos,
478 1833 511 1890 et
528 1846 665 1908 quorum
682 1830 781 1909 gratis
799 1830 907 1910 loque·
1194 1801 1406 1889 CAPUT
1436 1803 1494 1888 II.

142 1914 266 1991 buntur,
290 1916 446 1979 rationem
462 1919 616 1983 habuisse.
633 1925 735 2000 Atque
744 1922 804 1983 hoc
814 1922 908 1985 modo

141 2007 327 2070 crediderim
350 2010 512 2073 Niooenum
532 2013 700 2075 concilium
714 2013 747 2073 in
761 2013 834 2075 fidei
849 2014 909 2076 for·

141 2098 249 2173 muln‘,
262 2108 348 2163 σοσνσο
363 2108 395 2163 et
405 2108 538 2166 ὑπόστασιν
553 2105 906 2186 promiscuesampsisse,
958 2104 1071 2167 Decesse
1084 2105 1212 2166 nominis
1226 2106 1409 2187 hypostaseos
1422 2103 1502 2186 aptet
1514 2101 1681 2185 cyrillum.
1695 2104 1724 2163 1.

141 2199 174 2253 ut
185 2192 260 2254 alibi
270 2194 461 2257 notavimus.
478 2196 529 2258 Sic
541 2216 613 2259 eum
627 2197 823 2274 Athanasius,
839 2200 907 2261 alii-
998 2195 1137 2258 Primam
1157 2196 1188 2259 ιἰι
1202 2195 1322 2278 dialogo
1343 2197 1441 2278 primo
1455 2197 1491 2256 de
1515 2194 1655 2256 tentae
1667 2213 1680 2269 ;
1694 2195 1723 2255 2.

141 2302 199 2363 que
209 2291 343 2362 veteres,
355 2305 477 2349 necnon
488 2289 659 2363 Nestorius,
683 2295 715 2350 et
724 2291 905 2366 orientales,
997 2287 1100 2349 deinde
1113 2289 1144 2349 ia
1158 2287 1244 2349 ltbrr’s
1263 2294 1365 2350 eontra
1387 2287 1555 2349 Nestorium
1569 2307 1577 2362 ;
1603 2288 1633 2349 3.
1650 2293 1679 2345 et
1694 2284 1727 2345 in

139 2384 269 2441 νούσοισιν
280 2397 339 2459 pro
359 2386 427 2458 ῴσσι
444 2387 477 2441 et
496 2387 569 2460 ονσίᾳ
588 2382 906 2462 indifferenterpone·
997 2379 1158 2441 nlie‘stocr's.
1173 2383 1203 2440 4.
1229 2378 1308 2455 (inid
1325 2384 1366 2441 sit
1386 2380 1481 2441 recisio
1500 2377 1658 2439 seeundum
1670 2373 1725 2457 ty-

139 2477 218 2543 rent,
232 2469 370 2549 cyrillus
381 2476 450 2531 tum
460 2490 498 2533 ex
510 2472 653 2550 istorum,
666 2492 761 2553 quum
776 2494 816 2536 ex
829 2476 904 2536 alio·
996 2472 1137 2554 postestas
1152 2470 1235 2552 epod
1246 2470 1375 2533 enuidens
1388 2470 1542 2553 Cyriltnm
1557 2490 1565 2546 ;
1580 2467 1735 2551 catillam-

140 2561 263 2623 rumsb
275 2568 401 2640 natissa,
421 2570 452 2624 ct
469 2570 542 2643 ονἰσιᾳ
559 2564 799 2627 discernentium
820 2585 907 2630 more
994 2586 1050 2648 pro
1077 2584 1157 2634 cera,
1178 2572 1218 2633 et,
1240 2573 1273 2625 at
1297 2570 1411 2641 vocant,
1438 2562 1515 2627 reali
1541 2561 1676 2643 sumpsit.
1693 2565 1722 2625 6.

139 2653 260 2716 Ιοσσῐνιν
273 2661 320 2715 est
336 2673 343 2714 :
360 2655 443 2716 unde
457 2656 588 2717 varietas
599 2657 663 2726 illa,
678 2664 709 2719 et
723 2658 908 2738 ambiguitas
997 2657 1184 2739 Explicatur
1205 2657 1351 2717 unitionis
1370 2657 1556 2719 Nestorisue
1574 2654 1650 2715 ratio
1666 2673 1674 2729 ;
1693 2656 1724 2715 7.

140 2752 206 2807 orta
227 2747 394 2823 sermonis,
422 2766 492 2827 quse
520 2749 684 2828 perplexos
710 2756 742 2811 et
774 2749 907 2813 incertos
999 2759 1061 2811 tam
1084 2748 1239 2811 catholiea
1265 2748 1318 2809 illi
1339 2749 1490 2829 opposite.
1521 2751 1552 2809 8.
1582 2745 1725 2808 Illustra-

139 2838 381 2901 lectoreshabet.
999 2850 1049 2904 tur
1071 2841 1197 2903 eximite
1219 2841 1342 2924 quidem
1365 2840 1483 2923 cyrilti
1507 2839 1598 2911 loeus,
1619 2856 1726 2919 enque

178 2931 309 2993 Sedetsi
323 2948 432 2995 vocum
445 2931 624 3011 hujusmodi
638 2951 703 2995 non
716 2939 800 2995 tante
813 2936 907 2996 estsb
996 2953 1063 3016 quea
1086 2941 1155 2996 stent
1174 2931 1253 2996 dieta
1282 2934 1319 2993 de
1345 2933 1481 2995 unitione
1510 2931 1564 2992 itta
1593 2948 1725 3010 eotnpro-
1807 2968 1810 2975 ·

140 3023 197 3085 illis
208 3023 349 3085 adhibita
363 3024 478 3101 esubo,
493 3031 644 3104 quantem
653 3025 686 3094 ii,
698 3026 753 3105 qui
763 3026 908 3107 deinceps
998 3030 1119 3091 bantur.

141 3124 211 3177 nint
227 3116 339 3185 secuti,
361 3121 549 3191 tenuemnts
571 3117 776 3181 nihilominus
788 3118 856 3179 aliis
876 3124 908 3180 et
1157 3139 1164 3148 ·

143 3209 222 3271 idem
245 3208 492 3287 significantibus
514 3209 681 3285 uocabulis,
710 3216 765 3271 aut
798 3212 909 3273 eodem
999 3215 1024 3277 1.
1040 3214 1081 3275 Ut
1091 3212 1230 3273 indoctas
1243 3209 1372 3291 perinde
1385 3227 1421 3269 ac
1442 3208 1623 3269 temerarias
1641 3209 1724 3270 huo·
1778 3236 1808 3278 π,
1826 3247 1867 3279 .„„

142 3306 220 3363 certe
240 3301 438 3379 conspirante
459 3299 628 3361 verborum
641 3301 770 3363 circuitu
790 3303 830 3363 ad
849 3303 909 3365 boc
957 3305 1045 3385 nymi
1058 3304 1288 3366 criminationes
1302 3302 1475 3363 accinctius
1486 3299 1636 3372 refellam,
1649 3319 1726 3379 quas
1776 3291 1832 3333 ’Μ
1847 3298 1869 3332 ⁰²

142 3396 361 3471 pervenerunt,
375 3392 461 3470 quod
469 3392 622 3453 recentior
629 3392 785 3472 theologie
791 3394 908 3472 majore
958 3397 993 3459 in
1007 3396 1161 3476 Cyrillum
1174 3394 1419 3456 Alexandrinum
1440 3392 1624 3472 praesertim,
1644 3410 1723 3470 pree·
1749 3349 1889 3461 saffica

143 3483 561 3563 estcompendioconsecuts.
577 3484 826 3546 Intellexerunte
852 3486 859 3498 '
898 3531 907 3559 ,
959 3508 1020 3570 qne
1035 3488 1181 3550 Patribus
1195 3487 1313 3546 caeteris
1326 3483 1465 3545 conferre
1479 3502 1543 3543 non
1557 3483 1722 3556 dubitarim
1750 3454 1894 3570 Cyiii'ri'ssom

143 3583 173 3637 ct
194 3576 275 3655 aptis
294 3575 387 3636 etiam
405 3574 565 3637 sententiis
585 3576 759 3655 exprimere
782 3504 909 3639 stuldffi·
959 3599 1058 3661 pauea
1085 3577 1208 3660 prestari
1235 3593 1360 3637 neeesse
1383 3581 1429 3637 est
1447 3575 1485 3635 de
1507 3592 1566 3635 usu
1588 3574 1725 3635 nominis
1763 3563 1882 3663 mim

143 3674 233 3743 runt;
257 3670 292 3729 in
309 3667 480 3728 smsunur
497 3666 646 3746 qualibet,
669 3668 733 3729 duo
753 3686 786 3729 re
804 3669 909 3749 impli-
959 3681 1125 3743 ὑποστάσεως,
1153 3688 1248 3749 quem
1271 3668 1405 3747 Cyrillus
1424 3667 1570 3727 adversus
1591 3667 1724 3727 haereses

144 3767 209 3821 rata
228 3766 260 3821 et
278 3759 432 3833 involuta,
452 3758 571 3821 ratione
589 3767 621 3820 et
643 3760 827 3839 cogitatione
848 3761 912 3823 dis·
960 3762 1235 3843 disputaustenuit3
1246 3761 1380 3822 maxime
1394 3767 1501 3821 eontra
1516 3759 1721 3831 Nestorianos,

143 3852 239 3914 tincto
268 3853 375 3913 cerni:
401 3869 535 3930 quorum
556 3870 656 3912 unum
678 3858 725 3912 est
743 3869 910 3914 commune
961 3858 995 3917 in
1009 3873 1087 3934 quos
1100 3854 1229 3927 diutius,
1244 3853 1475 3931 animosiusque
1485 3850 1624 3912 certavit.

143 3934 286 4024 pluribus
309 3942 448 4022 mundam
466 3942 612 4017 nominis,
635 3962 670 4005 ao
687 3943 812 4021 formee3
827 3946 911 4025 quod
1000 3950 1048 4008 Ex
1070 3947 1216 4008 omnibus
1241 3964 1334 4025 porro
1360 3943 1451 4017 locis,
1483 3943 1514 4002 iu
1547 3942 1660 4022 quibus
1686 3942 1724 4003 de

143 4034 598 4113 interrogantiquidreisitilla,
611 4035 791 4115 responderi
804 4036 909 4110 solent,
961 4039 1136 4119 hypostasis
1168 4038 1355 4116 proprietate
1384 4034 1515 4115 Cyrillus
1544 4033 1726 4113 expressisse

143 4136 179 4191 ut
191 4129 225 4189 iu
237 4126 367 4189 homine
376 4126 535 4187 mmmuni
548 4126 682 4204 subjecta
697 4128 817 4188 nomini
831 4129 911 4190 ratio
961 4131 1077 4211 aliquid
1092 4129 1224 4207 ridetur,
1237 4127 1455 4189 disertissimus
1468 4125 1519 4186 ille
1537 4132 1583 4186 est
1603 4143 1641 4185 ex
1659 4124 1726 4185 dia·

145 4238 179 4283 sc
189 4218 329 4281 definitio
341 4222 400 4292 est,
413 4222 450 4283 ut
463 4219 503 4278 sit
515 4218 630 4279 animal
651 4219 865 4299 intelligentia,
881 4225 913 4282 et
960 4223 1032 4300 logo
1054 4223 1154 4301 primo
1180 4219 1215 4281 de
1237 4220 1394 4287 Trinitate,
1424 4219 1512 4297 enjus
1533 4216 1728 4279 anmcedenti

144 4312 264 4373 ratione
282 4309 473 4389 proeditum3
493 4310 626 4371 alterum
646 4310 840 4389 singulomrm
854 4311 911 4372 sub
962 4314 1059 4394 capite
1074 4313 1266 4374 mentionem
1285 4312 1423 4373 fecimus.
1439 4311 1517 4371 Nam
1536 4310 1569 4370 iu
1585 4327 1622 4369 eo
1644 4320 1727 4368 eom·

145 4404 255 4465 eodem
277 4401 442 4475 voeabula,
467 4420 503 4461 ae
528 4401 724 4463 defiuitione·
738 4404 910 4483 proprium,
962 4422 1093 4469 munem
1114 4411 1296 4465 caeterorum
1321 4403 1450 4464 Petrum
1462 4402 1626 4473 rationem,
1660 4404 1729 4478 post

145 4514 206 4575 quo
219 4514 238 4556 a
252 4513 285 4555 se
298 4499 409 4555 mantuo
422 4493 728 4573 illodignoseuntur:
744 4495 912 4573 adjectissd
962 4497 1133 4558 institutam
1157 4504 1322 4567 ὑποστάσεως,
1352 4499 1383 4554 et
1402 4501 1485 4563 οὐσίας
1509 4492 1726 4566 differentiam,

146 4588 178 4649 id
191 4586 276 4666 quod
289 4602 456 4647 commune
469 4592 525 4660 est,
533 4586 741 4665 peculiaribus
749 4587 840 4647 notis.
852 4587 913 4648 Sed
963 4596 1084 4650 seerrtus
1097 4594 1142 4649 est
1158 4608 1165 4648 ι
1184 4596 1214 4648 et
1227 4595 1311 4649 obstas
1325 4591 1470 4646 naturam
1483 4602 1548 4644 esse
1568 4582 1644 4642 dixit
1657 4582 1729 4643 uni·
1794 4610 1797 4615 ·

145 4697 203 4740 nec
219 4677 306 4739 istud
332 4676 527 4756 ignorarunt,
544 4683 689 4739 usturam
715 4678 864 4769 aliquam,
884 4685 914 4740 et
963 4699 1049 4741 verse
1063 4680 1295 4753 consideratam,
1311 4677 1482 4738 meandum
1503 4674 1727 4752 definitionem,

146 4769 350 4831 snbstantiam
357 4787 506 4848 essequa
512 4787 575 4829 uon
581 4768 682 4830 solum
690 4776 823 4831 exstaret
834 4771 913 4848 reip
963 4791 1034 4851 qnae
1045 4771 1243 4860 interjoribus
1255 4768 1399 4831 convenit
1412 4768 1557 4829 omuibus
1573 4787 1581 4828 τ
1595 4776 1729 4831 ὑπόστασιν

146 4882 191 4935 se,
206 4860 357 4923 neenihil
370 4866 450 4921 essct
465 4879 472 4921 :
485 4877 595 4920 verum
613 4861 706 4921 etiam
720 4879 776 4941 per
789 4878 866 4936 sese,
884 4867 915 4922 et
963 4883 1048 4940 vero,
1079 4863 1267 4942 singularem
1294 4861 1440 4940 aliquem,
1475 4866 1507 4922 et
1533 4861 1729 4921 individuum

183 5093 205 5135 a
221 5078 310 5133 Βισιι.
328 5076 409 5129 Τοῦτο
425 5077 485 5145 γοῦν
504 5072 568 5128 ἔστιν
581 5073 597 5142 ἡ
611 5073 743 5136 tense<
757 5073 834 5147 οὗχῆ
848 5075 915 5147 dopr-
963 5077 1142 5150 ἀττρῐγρσπτον
1159 5075 1183 5130 ἐν
1198 5081 1234 5148 τῷ
1254 5096 1302 5130 τινι
1315 5078 1440 5149 πράγματι
1454 5074 1495 5128 διὰ
1508 5081 1558 5128 τῶν
1574 5072 1730 5147 ἐπιφαινομέ-

146 5164 258 5228 στοςτῆς
270 5158 355 5220 aaa<
368 5157 452 5212 ἔννοια
470 5157 588 5230 μηδεμίαν
610 5156 636 5211 ἐκ
656 5162 699 5226 τῆς
712 5160 853 5226 κοινότητος
871 5162 914 5212 τοῦ
963 5181 1012 5213 νων
1026 5165 1178 5233 παριστῶσα,
1192 5160 1233 5213 καὶ
1245 5161 1435 5231 περιγράφοντα.

145 5244 326 5317 segra-septaes
340 5241 427 5299 στάσιν
442 5238 594 5311 εὗρίσιονσσ·
610 5240 675 5294 mit
689 5242 808 5295 τὸκοινόν
823 5260 859 5307 τε,
873 5244 914 5295 nei

174 5442 186 5479 l
201 5437 253 5490 sap.
263 5434 331 5479 r.-2
345 5432 393 5477 Lib.
404 5432 432 5475 ΙΨ
446 5432 472 5474 de
484 5433 542 5475 thies
559 5444 577 5474 e.
594 5444 609 5481 ν,
621 5432 635 5486 ς
649 5432 669 5475 o.
