3936 6152
483 346 535 408 on
555 330 954 424 emarecescens.
976 350 1014 426 x,
1041 349 1125 414 cur.
1147 351 1185 415 x.
1567 355 1627 415 sos

16 516 18 573 7
68 517 189 592 ldamm,
216 515 310 576 modo
337 518 517 595 procreatus
542 518 588 574 est
617 513 741 591 Sethus,
778 519 809 576 et
861 516 915 577 sed
929 533 985 594 per
1000 516 1186 579 subsistendi
1206 518 1336 580 modum
1355 520 1518 599 proprium
1532 538 1627 602 copu-

16 670 17 683 ,
67 616 185 670 ιιιιιιιιιι
198 608 344 685 bominis,
360 608 488 687 ejusque
502 607 588 667 dotes
602 607 742 687 proprias
756 625 806 668 ac·
859 607 951 686 latur,
968 615 999 670 et
1021 609 1055 670 in
1080 629 1180 671 unnm
1208 612 1360 685 coalescit,
1388 632 1453 673 non
1474 614 1629 675 essentiali

66 702 137 781 cepit.
150 702 265 760 Verum
282 701 321 761 ad
334 700 517 762 efficientem
532 717 667 773 oausam,
690 718 754 760 non
768 700 808 761 ad
859 702 912 762 sed
927 703 1081 781 personali
1095 704 1332 783 conjunctione:
1349 706 1391 769 sic
1411 707 1506 766 etiam
1515 707 1628 768 cheina

66 792 205 875 saeculam
221 793 386 855 discrimen
399 793 482 854 istud
499 793 643 872 pertinet.
669 793 707 851 In
730 792 809 869 ejus·
858 796 1071 873 proprietates,
1087 797 1289 873 humanitati3
1307 804 1337 859 et
1349 798 1495 859 humanae
1513 799 1627 859 divini-

68 886 205 947 nodivem
216 885 366 965 loquendi
375 884 627 966 generibu8,non
636 890 703 945 tam
713 885 806 962 illius,
858 887 915 948 tati
935 890 1217 962 communicentur,
1242 897 1395 969 quatenus
1418 892 1450 950 in
1471 909 1568 951 unam
1590 911 1628 953 ex

67 978 240 1058 quanbujus
260 979 369 1040 baberi
395 979 475 1040 ratio
498 977 667 1040 consuerit.
695 978 807 1038 Filium
859 980 1009 1042 ambabus
1022 983 1141 1043 naturis
1151 982 1317 1043 conflatam
1330 1002 1495 1064 personam
1516 1002 1626 1045 conve-

67 1072 154 1133 eccesi
176 1071 246 1150 quis
264 1077 390 1148 asserat,
408 1090 472 1132 non
496 1072 606 1133 eodem
626 1070 719 1131 modo
742 1088 807 1131 esse
857 1073 959 1135 niunt.
981 1076 1191 1148 Quamobrem
1209 1094 1247 1136 ex
1268 1078 1429 1156 posteriori
1451 1077 1627 1156 Ubiquista·

66 1163 221 1243 sapientem,
236 1163 287 1224 vel
306 1170 470 1240 aternum,
485 1164 534 1225 vel
548 1164 804 1242 omnipotentem,
856 1183 930 1226 rum
940 1168 1204 1246 interpretatione,
1213 1169 1479 1247 consequenserit,
1493 1178 1626 1230 creatam

66 1274 112 1335 quo
130 1262 171 1316 est
193 1257 306 1318 Pater:
331 1264 385 1317 aut
404 1257 487 1318 idem
507 1257 545 1318 de
570 1260 677 1317 sancto
691 1256 808 1334 Spiritu
857 1258 993 1338 aliquam
1021 1261 1214 1322 divinitatem
1241 1262 1274 1322 in
1299 1262 1528 1321 humanitatem
1562 1281 1627 1325 esse

66 1349 195 1411 affirmare
208 1349 339 1410 audeat:
354 1351 424 1429 quis
433 1350 523 1410 illum
536 1348 806 1424 Catholicusferat,
857 1352 1040 1428 tranfusam,
1062 1359 1093 1414 et
1115 1354 1155 1414 ad
1174 1354 1255 1414 hanc
1277 1355 1506 1429 adbaerescere3
1528 1356 1574 1415 uti
1596 1361 1627 1416 et

66 1447 88 1499 et
103 1459 159 1501 non
177 1446 326 1520 tanquam
356 1442 538 1503 hereticum
565 1440 755 1501 detestetur?
769 1442 808 1501 Et
857 1446 1116 1524 omnipotentiam
1148 1448 1450 1527 immensitatemque
1478 1452 1623 1508 creatam.

66 1542 148 1593 nmen
163 1552 224 1595 non
243 1540 289 1595 est
302 1534 445 1609 dubium,
467 1535 612 1595 interesse
635 1533 807 1613 plurimum
859 1537 947 1603 Quod
961 1537 1119 1598 dictunon
1133 1541 1231 1617 magis
1241 1546 1288 1599 cst
1298 1540 1442 1618 impium,
1460 1557 1555 1618 quam
1575 1539 1628 1599 ab

66 1626 200 1686 inteream
211 1627 352 1701 modum,
368 1646 431 1707 quo
443 1628 537 1688 Pater
551 1629 643 1701 Deus,
659 1631 691 1685 et
704 1624 805 1686 omni·
856 1631 986 1691 surdum
1001 1651 1037 1691 ac
1050 1632 1207 1693 stolidum.
1233 1634 1315 1692 Turn
1332 1632 1391 1693 hoa
1411 1633 1478 1711 ipso
1499 1639 1625 1692 natura-

65 1724 218 1796 potensest,
232 1727 263 1782 et
276 1739 339 1800 quo
355 1721 450 1782 Filius
464 1721 513 1781 vel
527 1720 660 1799 Spiritus
670 1723 804 1779 sanctus.
855 1740 938 1795 rum,
964 1724 1249 1803 proprietatumque
1274 1725 1452 1785 communio
1485 1724 1626 1785 funditus

65 1811 181 1872 Sedhaee
201 1813 386 1885 differentia,
409 1832 447 1875 ex
465 1812 593 1890 originis
615 1812 720 1887 modo,
742 1829 807 1872 non
855 1815 993 1876 tolletur.
1005 1817 1075 1877 Non
1088 1819 1172 1878 enirn
1186 1818 1299 1878 divinae
1310 1818 1512 1897 proprietates
1519 1835 1627 1878 revera

63 1921 92 1965 cx
100 1906 284 1984 proprietatis
299 1907 397 1985 ipsius
411 1905 588 1966 conditione
602 1904 728 1984 petitur.
857 1910 1127 1970 communicantur
1141 1931 1147 1970 :
1160 1929 1230 1989 quae
1246 1916 1355 1971 creatae
1366 1930 1430 1972 esse
1445 1916 1605 1990 nequeunt
1617 1930 1623 1971 ι

93 1998 163 2059 llll.
183 1999 270 2060 Haud
298 1999 431 2060 absimili
469 1999 601 2073 ratione,
639 1996 807 2076 Ubiquistae
857 2008 952 2079 utque
966 2001 1129 2063 itasensim
1139 2003 1178 2062 ab
1189 2003 1385 2083 Eutychiana
1398 2003 1508 2063 heresi
1517 2003 1556 2063 ad
1566 2004 1625 2064 Ne·

61 2093 202 2172 dupliciter
213 2111 363 2173 usmpare
375 2097 518 2172 poterant
529 2092 611 2152 banc
623 2088 805 2151 enuntiandi
856 2094 1035 2167 storianam,
1069 2101 1099 2156 ct
1133 2096 1360 2169 Phocinianam,
1393 2096 1626 2176 Ubiquistarum

32 2178 215 2247 'termulam
237 2187 337 2246 Homo
346 2185 492 2259 ,Christus
505 2203 570 2245 non
582 2184 691 2244 eodem
712 2183 805 2242 modo
857 2185 963 2263 opinio
988 2185 1172 2246 devolvitur.
1199 2186 1260 2245 Sed
1289 2187 1327 2246 de
1348 2185 1408 2246 hoc
1441 2185 1561 2245 ludicro
1596 2191 1627 2245 et

61 2283 234 2357 omnipotens
246 2284 302 2353 est,
328 2278 359 2339 et
383 2278 554 2338 immensus
566 2294 628 2356 quo
653 2278 732 2336 lleus
746 2280 803 2335 est.
855 2278 961 2356 inepto
988 2284 1164 2339 commento
1188 2279 1322 2338 nimium
1348 2278 1464 2352 multa;
1497 2279 1535 2337 de
1563 2295 1625 2355 quo

61 2373 192 2447 Primum,
203 2377 237 2432 ut
250 2371 510 2451 quamviseadem
525 2369 759 2449 omnipotentia,
776 2373 806 2428 et
857 2370 946 2450 plura
972 2390 1061 2431 nosse
1075 2372 1128 2450 qui
1146 2372 1240 2446 volet,
1255 2371 1349 2431 habet
1372 2372 1455 2430 unde
1473 2371 1625 2430 desiderio

60 2466 256 2541 immensitate,
271 2483 342 2543 quae
357 2469 402 2525 est
416 2464 451 2524 in
465 2465 538 2529 Deo.
551 2463 642 2522 ambo
657 2480 720 2522 esse
734 2462 803 2537 ista,
856 2483 912 2524 suo
926 2464 1099 2539 satisfaciat,
1115 2464 1287 2524 luculentos
1307 2465 1345 2524 cle
1361 2464 1420 2524 hoc
1440 2470 1625 2541 argumento

60 2556 169 2634 dicatur,
184 2576 247 2618 non
261 2557 369 2618 eadem
382 2561 488 2617 tamen
501 2556 620 2616 ratione
639 2556 679 2615 sit
697 2571 803 2614 conse·
857 2558 1094 2618 commentarios
1108 2556 1249 2633 Gregorii
1261 2555 1441 2616 aValentia.
1455 2557 1517 2616 Nos
1526 2574 1626 2635 pauca

59 2656 139 2722 entus,
153 2651 300 2729 quoniam
315 2652 396 2711 Deus
410 2668 448 2710 ex
461 2667 494 2709 se
513 2649 591 2728 ipso,
609 2654 639 2709 et
659 2648 698 2708 ab
719 2648 804 2707 omni
855 2649 904 2710 his
917 2651 1066 2712 addemus
1086 2657 1192 2711 contra
1208 2651 1412 2710 recentiorem
1430 2648 1622 2725 haereticum,

60 2746 207 2805 eternitate
220 2744 272 2804 illa
291 2743 446 2823 possidet;
461 2743 556 2802 homo
571 2759 645 2801 vero
669 2740 804 2819 gratuito
856 2742 909 2822 qui
920 2742 1086 2803 foedissima
1098 2743 1157 2802 hoc
1179 2742 1249 2802 labe
1261 2741 1343 2801 beati
1369 2740 1473 2819 Gyrilli
1495 2741 1621 2815 famam,

57 2839 172 2915 quodam
191 2855 333 2907 munere,
357 2842 387 2897 et
410 2837 444 2896 in
464 2841 604 2912 tempore
622 2835 705 2895 idem
727 2834 805 2895 illud
855 2855 890 2896 ac
905 2836 1088 2896 memoriam
1110 2834 1322 2895 contaminare
1347 2839 1393 2894 est
1417 2851 1521 2907 atreus,
1545 2851 1625 2893 asse·

57 2927 181 2991 obtinuit.
198 2929 324 3001 Deinde,
340 2933 375 2988 ut
389 2928 450 2989 alia
464 2927 503 2987 sit
515 2926 614 2987 forma
629 2927 723 2987 talem
738 2927 806 2986 red-
854 2946 926 2989 rens
952 2947 1025 2989 eum
1040 2927 1153 2988 Christi
1173 2927 1275 2986 carnis
1295 2925 1576 3005 oncctproescctiam,
1593 2929 1624 2985 et

54 3020 117 3082 deus
140 3040 174 3083 ac
200 3021 407 3083 denominans
431 3019 591 3080 hominem
627 3019 801 3094 Christum3
854 3022 1096 3081 immensitatem
1120 3019 1271 3079 statuisse.
1288 3020 1334 3079 De
1352 3018 1412 3079 hoc
1436 3017 1542 3096 igitur,
1565 3035 1621 3098 po-

53 3118 270 3218 ntpotecreata,
286 3118 317 3174 et
330 3131 455 3192 genere
470 3113 663 3190 essentiaeque
681 3112 801 3191 dispar,
853 3119 967 3176 stream
987 3114 1055 3174 loco
1069 3112 1119 3173 hic
1133 3112 1300 3190 agendum.

50 3206 95 3283 qui
117 3225 222 3268 sennis
242 3207 368 3268 illorum
396 3206 485 3265 dictis
510 3204 633 3265 subesse
659 3206 742 3265 videt
730 3211 800 3265 tzur
894 3208 949 3268 IX
961 3208 1088 3267 Sedent
1090 3202 1622 3283 somniaconllictioseeumipsius,
1655 3238 1796 3295 mmm„

50 3304 163 3379 uterque
176 3306 284 3363 autem
299 3318 339 3361 ex
351 3317 440 3378 aequo
449 3297 555 3374 falsus,
569 3304 600 3359 et
612 3299 803 3359 execrandus
854 3304 886 3359 ct
912 3300 1067 3360 dictorum
1096 3298 1303 3377 repugnantia
1336 3297 1530 3376 praetermitti
1559 3315 1624 3356 non
1650 3293 1795 3391 insepalta

46 3397 93 3452 est
854 3390 954 3452 debet.
974 3388 1625 3469 Cumanimpropositume1s1t‚Gyrillum
1649 3412 1675 3445 ee
1691 3400 1780 3447 anate.

79 3485 149 3547 Nam
164 3489 263 3567 prior,
273 3490 402 3547 naturas
415 3485 497 3546 inter
512 3502 544 3546 se
558 3485 635 3545 duas
650 3484 756 3545 miscet
765 3502 801 3544 ac
854 3484 1154 3563 Apollinaristarum,
1169 3489 1200 3543 et
1220 3481 1510 3561 Monophysitarum
1524 3482 1624 3544 haere·

43 3580 211 3655 conlundit3
234 3579 430 3640 divinitatem
452 3578 645 3638 humanitate
666 3594 803 3638 eommu-
855 3577 1054 3655 sisarguere3
1076 3595 1141 3637 non
1154 3575 1242 3651 vidit,
1263 3592 1374 3653 parum
1399 3592 1472 3634 cum
1491 3592 1528 3634 ea
1550 3594 1624 3637 con-

42 3676 111 3747 tans,
122 3679 152 3733 ct
163 3674 249 3734 hanc
260 3672 313 3732 illa
325 3671 469 3731 vicissim.
484 3670 644 3750 Siquidem
655 3670 802 3729 humanas
855 3686 976 3747 gruere,
990 3670 1074 3749 quod
1084 3669 1318 3747 Ubiquistarum
1329 3666 1431 3728 eidem
1440 3667 1625 3747 imputando

42 3761 91 3840 ipsi
104 3770 235 3833 natiuae,
253 3769 402 3842 tanquam
418 3761 561 3833 formam,
576 3761 801 3841 applicatdivi-
855 3781 959 3824 errore
979 3763 1108 3823 suadere
1132 3762 1250 3836 studet3
1266 3778 1392 3821 carnem
1417 3758 1479 3821 dici
1506 3761 1545 3822 ab
1572 3761 1626 3824 illo

42 3855 170 3932 nitatem,
200 3858 332 3936 eiusque
359 3854 560 3933 proprietates
587 3871 716 3927 omnes3
733 3871 803 3931 quea
856 3856 967 3917 Christi
988 3855 1104 3934 ubique
1118 3872 1199 3929 esse;
1223 3870 1293 3932 quae
1313 3853 1400 3913 nulla
1422 3853 1559 3933 proiecto
1580 3874 1627 3917 re-

41 3947 127 4009 [tcam
140 3947 343 4011 essentialiter
354 3946 469 4008 faciunt
484 3947 515 4007 id
536 3947 618 4025 quod
631 3945 804 4027 formaliter
855 3954 936 4010 stare
956 3948 1058 4024 debet,
1075 3948 1101 4007 si
1111 3946 1324 4026 Apollinarem
1337 3952 1469 4022 secutus,
1495 3947 1627 4026 Gyrillus

39 4040 177 4103 alliciunt.
198 4045 239 4102 At
261 4040 413 4120 posterior
426 4057 491 4099 non
504 4039 609 4099 minus
628 4038 753 4118 impius,
768 4056 805 4098 ac
856 4042 982 4102 unicam
1011 4040 1225 4101 tantummodo
1254 4044 1400 4098 naturam
1432 4038 1556 4099 admisit
1590 4040 1626 4099 in

39 4133 176 4196 ridiculus
189 4140 253 4195 est.
268 4132 545 4193 Nouenimcreata
555 4131 618 4191 ulla
631 4136 805 4212 potestesse
858 4135 989 4210 Christo,
1020 4133 1159 4193 humana
1185 4131 1327 4192 videlicet
1355 4130 1486 4205 sublata,
1515 4137 1546 4192 et
1576 4149 1627 4191 ex·

39 4227 273 4308 omnipotentia,
287 4229 342 4286 aut
354 4226 519 4301 eternitas,
534 4230 589 4286 aut
601 4224 803 4291 immensitas.
856 4227 987 4289 stincta,
1002 4228 1109 4306 ltaque
1127 4243 1193 4285 non
1206 4224 1341 4286 cohaeret
1363 4223 1446 4283 illius
1467 4240 1625 4285 commen-

38 4317 69 4379 lit
91 4322 239 4401 quemme
266 4318 428 4399 praelracte
455 4318 525 4397 quis
559 4317 711 4396 ejusmodi
740 4315 807 4377 dari
856 4325 936 4380 tum.
951 4320 1069 4379 Verum
1083 4336 1122 4379 ne
1142 4317 1217 4397 quid
1230 4319 1264 4378 in
1284 4317 1449 4397 preteritis
1468 4316 1626 4395 relinqua·

36 4428 113 4488 possc
129 4412 327 4486 contendat;
343 4413 426 4472 certe
449 4428 514 4470 non
540 4414 639 4489 potest
665 4410 703 4469 in
722 4409 807 4470 Chri-
857 4418 919 4488 tur,
942 4413 985 4472 ita
1003 4430 1060 4492 pro
1081 4410 1196 4490 cyrillo
1215 4416 1323 4471 contra
1350 4409 1552 4471 vanissimum
1579 4427 1628 4470 ca·

36 4510 108 4566 dum
126 4507 182 4567 illa
204 4503 391 4566 convenire.
409 4503 529 4581 Quippe
551 4501 729 4563 communio
754 4502 807 4562 ilia
856 4505 1078 4566 lumniatorem
1091 4504 1142 4564 hic-
1156 4520 1296 4580 agemus,
1312 4508 1462 4582 tanquam
1472 4503 1556 4580 justa
1574 4502 1625 4575 sit,

35 4598 273 4676 proprietatum,
297 4612 369 4675 quae
393 4612 431 4655 ex
450 4594 644 4655 substantiva
666 4593 807 4654 unitione
858 4595 1535 4675 etenimadversionedignacontraCyrillum
1545 4593 1627 4655 illius

35 4690 132 4767 oritur,
148 4697 304 4752 mutuam
318 4687 558 4747 substantiarum
577 4688 727 4764 ipsarum,
743 4687 808 4746 sive
858 4690 1074 4769 expostulatio.

34 4788 213 4845 nataramm
224 4780 549 4844 communicationem
559 4779 808 4859 sequitur;ejns-
897 4782 1082 4862 Anonymns
1107 4783 1205 4861 igitur
1227 4781 1289 4853 ille,
1317 4798 1410 4859 quem
1437 4779 1517 4840 libro
1542 4787 1627 4842 sexto

34 4874 157 4958 demque
170 4876 281 4951 modi,
296 4893 331 4934 ac
345 4873 473 4934 rationis
487 4878 543 4948 est,
560 4873 619 4934 hoe
633 4881 678 4934 est
702 4891 806 4952 perso·
858 4874 1097 4947 confutavimus,
1120 4875 1201 4935 inter
1214 4874 1277 4946 illa,
1296 4890 1365 4952 quae
1385 4871 1502 4950 Cyrillo
1522 4872 1629 4935 nefan-

34 4969 115 5043 nalis,
136 4989 206 5030 non
225 4965 403 5042 essentialis,
423 4985 459 5026 ac
483 4965 621 5026 formalis
644 4983 682 5026 ex
699 4965 808 5025 datho
859 4967 909 5034 da,
925 4972 957 5026 et
983 4966 1111 5043 indigna
1132 4965 1249 5043 objicit,
1269 4966 1312 5025 ait
1334 4964 1423 5024 illum
1447 4986 1462 5021 ιι
1491 4964 1628 5029 tribuere

34 5060 156 5124 licornm
197 5061 372 5123 sententia.
421 5060 544 5119 Etenim
588 5077 650 5138 qua
688 5058 807 5118 ratione
859 5057 1046 5118 humanitati
1067 5058 1181 5117 Christi
1194 5058 1446 5131 immensitatem,
1460 5075 1514 5118 scu
1528 5058 1629 5118 omni-

34 5153 170 5216 dirinitas
184 5156 261 5236 ipsa
276 5151 476 5225 humanitati,
491 5171 527 5213 ac
535 5151 669 5213 vicissim
681 5151 747 5211 haec
761 5149 807 5209 illi
859 5154 1067 5233 praesentiam,
1099 5157 1130 5212 ct
1149 5150 1373 5230 ubiquitatem:
1390 5151 1434 5211 ita
1461 5156 1567 5212 nmen
1593 5157 1629 5212 ut

36 5251 303 5318 communicatur,
327 5248 358 5304 et
389 5243 589 5323 adjungitur;
626 5244 744 5319 eadem,
778 5249 808 5302 et
860 5246 1038 5306 humanitas
1051 5264 1116 5305 non
1130 5250 1276 5323 operetur
1296 5244 1423 5323 ubique,
1439 5244 1628 5306 sedtantum

35 5344 235 5422 proprietates
264 5337 435 5399 ambarum
468 5338 528 5398 sibi
563 5336 697 5398 inlicem
723 5336 807 5397 attri-
862 5337 916 5399 ubr
928 5337 1015 5398 ιιιιι
1032 5337 1229 5417 potissimum
1241 5342 1345 5397 autem
1358 5336 1531 5411 existeres
1514 5337 1625 5397 etrir-

37 5434 180 5510 munna,
197 5439 232 5495 et
248 5430 478 5504 adhaerescunt,
495 5436 530 5492 ut
542 5430 691 5509 quoniam
706 5429 874 5489 divinat
861 5435 962 5491 testem
976 5446 1063 5490 suam
1083 5429 1234 5491 vivificam
1253 5447 1327 5509 ergo
1351 5447 1408 5491 nos
1429 5446 1570 5490 exercere
1593 5428 1627 5487 in

39 5537 177 5597 humanae
196 5530 332 5601 natura,
352 5541 417 5584 non
442 5540 557 5601 perse,
580 5541 638 5584 nec
657 5522 807 5601 proxime.
861 5522 1064 5597 Eucharistia,
1079 5529 1111 5585 et
1123 5524 1289 5602 Baptismo,
1305 5521 1427 5598 »Cipus
1443 5520 1495 5582 ille
1507 5521 1627 5598 conjec
