<?xml version="1.0" encoding="UTF-8"?>
<!DOCTYPE html PUBLIC "-//W3C//DTD XHTML 1.0 Transitional//EN"
    "http://www.w3.org/TR/xhtml1/DTD/xhtml1-transitional.dtd">
<html xmlns="http://www.w3.org/1999/xhtml" xml:lang="en" lang="en">
 <head>
  <title>
</title>
<meta http-equiv="Content-Type" content="text/html;charset=utf-8" />
  <meta name='ocr-system' content='tesseract 3.04.00' />
  <meta name='ocr-capabilities' content='ocr_page ocr_carea ocr_par ocr_line ocrx_word'/>
</head>
<body>
  <div class='ocr_page' id='page_1' title='image "./dogmatatheologi00zaccgoog_0475.png"; bbox 0 0 3936 6152; ppageno 0'>
   <div class='ocr_carea' id='block_1_1' title="bbox 308 318 1376 393">
    <p class='ocr_par' dir='ltr' id='par_1_1' title="bbox 308 318 1376 393">
     <span class='ocr_line' id='line_1_1' title="bbox 308 318 1376 393; baseline 0.007 -9"><span class='ocrx_word' id='word_1_1' title='bbox 308 324 368 384; x_wconf 74' lang='lat' dir='ltr'>sss</span> <span class='ocrx_word' id='word_1_2' title='bbox 812 320 1137 386; x_wconf 77' lang='lat' dir='ltr'>rusotoetuouttu</span> <span class='ocrx_word' id='word_1_3' title='bbox 1158 318 1376 393; x_wconf 70' lang='lat' dir='ltr'>mudeuurt</span> 
     </span>
    </p>
   </div>
   <div class='ocr_carea' id='block_1_2' title="bbox 292 487 1963 4633">
    <p class='ocr_par' dir='ltr' id='par_1_2' title="bbox 308 487 1887 2232">
     <span class='ocr_line' id='line_1_2' title="bbox 348 487 1876 573; baseline 0.005 -24"><span class='ocrx_word' id='word_1_4' title='bbox 348 489 416 550; x_wconf 88' lang='lat' dir='ltr'>Vll.</span> <span class='ocrx_word' id='word_1_5' title='bbox 439 489 486 550; x_wconf 85' lang='lat' dir='ltr'>lid</span> <span class='ocrx_word' id='word_1_6' title='bbox 500 490 567 551; x_wconf 79' lang='lat' dir='ltr'>hec</span> <span class='ocrx_word' id='word_1_7' title='bbox 576 490 608 551; x_wconf 91' lang='lat' dir='ltr'>iu</span> <span class='ocrx_word' id='word_1_8' title='bbox 623 488 746 569; x_wconf 78' lang='lat' dir='ltr'>dialogo</span> <span class='ocrx_word' id='word_1_9' title='bbox 759 487 795 550; x_wconf 79' lang='lat' dir='ltr'>de</span> <span class='ocrx_word' id='word_1_10' title='bbox 807 506 865 549; x_wconf 82' lang='lat' dir='ltr'>eno</span> <span class='ocrx_word' id='word_1_11' title='bbox 880 487 1074 565; x_wconf 73' lang='lat' dir='ltr'>Cirrataboc</span> <span class='ocrx_word' id='word_1_12' title='bbox 1125 499 1171 555; x_wconf 89' lang='lat' dir='ltr'>est</span> <span class='ocrx_word' id='word_1_13' title='bbox 1181 493 1448 558; x_wconf 85' lang='lat' dir='ltr'>consubstantialis</span> <span class='ocrx_word' id='word_1_14' title='bbox 1457 490 1876 573; x_wconf 80' lang='lat' dir='ltr'>Trinitas,sanctus,inquau‚</span> 
     </span>
     <span class='ocr_line' id='line_1_3' title="bbox 308 580 1879 664; baseline 0.001 -24"><span class='ocrx_word' id='word_1_15' title='bbox 308 581 411 660; x_wconf 90' lang='lat' dir='ltr'>ipsum</span> <span class='ocrx_word' id='word_1_16' title='bbox 426 580 538 643; x_wconf 67' lang='lat' dir='ltr'>Christi</span> <span class='ocrx_word' id='word_1_17' title='bbox 550 600 677 659; x_wconf 87' lang='lat' dir='ltr'>nomen,</span> <span class='ocrx_word' id='word_1_18' title='bbox 692 600 750 644; x_wconf 88' lang='lat' dir='ltr'>nec</span> <span class='ocrx_word' id='word_1_19' title='bbox 764 601 829 643; x_wconf 85' lang='lat' dir='ltr'>non</span> <span class='ocrx_word' id='word_1_20' title='bbox 842 590 957 664; x_wconf 73' lang='grc' dir='ltr'>χρισιως,</span> <span class='ocrx_word' id='word_1_21' title='bbox 971 583 1003 643; x_wconf 90' lang='lat' dir='ltr'>id</span> <span class='ocrx_word' id='word_1_22' title='bbox 1017 588 1074 659; x_wconf 90' lang='lat' dir='ltr'>est,</span> <span class='ocrx_word' id='word_1_23' title='bbox 1126 586 1172 646; x_wconf 88' lang='lat' dir='ltr'>est</span> <span class='ocrx_word' id='word_1_24' title='bbox 1186 586 1287 663; x_wconf 84' lang='lat' dir='ltr'>Pater,</span> <span class='ocrx_word' id='word_1_25' title='bbox 1303 595 1427 650; x_wconf 85' lang='lat' dir='ltr'>sauctus</span> <span class='ocrx_word' id='word_1_26' title='bbox 1454 590 1547 649; x_wconf 83' lang='lat' dir='ltr'>Filius</span> <span class='ocrx_word' id='word_1_27' title='bbox 1570 585 1773 649; x_wconf 76' lang='lat' dir='ltr'>essentialiter</span> <span class='ocrx_word' id='word_1_28' title='bbox 1782 583 1879 643; x_wconf 86' lang='lat' dir='ltr'>eodem</span> 
     </span>
     <span class='ocr_line' id='line_1_4' title="bbox 310 674 1880 761; baseline 0 -26"><span class='ocrx_word' id='word_1_29' title='bbox 310 674 462 752; x_wconf 80' lang='lat' dir='ltr'>unctionis,</span> <span class='ocrx_word' id='word_1_30' title='bbox 478 676 604 736; x_wconf 91' lang='lat' dir='ltr'>nonnisi</span> <span class='ocrx_word' id='word_1_31' title='bbox 616 681 686 756; x_wconf 90' lang='lat' dir='ltr'>post</span> <span class='ocrx_word' id='word_1_32' title='bbox 695 676 954 743; x_wconf 87' lang='lat' dir='ltr'>lnearnationem,</span> <span class='ocrx_word' id='word_1_33' title='bbox 968 676 1002 735; x_wconf 88' lang='lat' dir='ltr'>in</span> <span class='ocrx_word' id='word_1_34' title='bbox 1021 675 1076 736; x_wconf 88' lang='lat' dir='ltr'>Dei</span> <span class='ocrx_word' id='word_1_35' title='bbox 1127 679 1230 740; x_wconf 92' lang='lat' dir='ltr'>modo.</span> <span class='ocrx_word' id='word_1_36' title='bbox 1247 680 1395 742; x_wconf 77' lang='lat' dir='ltr'>Similiter</span> <span class='ocrx_word' id='word_1_37' title='bbox 1406 684 1437 742; x_wconf 88' lang='lat' dir='ltr'>et</span> <span class='ocrx_word' id='word_1_38' title='bbox 1461 680 1605 761; x_wconf 81' lang='lat' dir='ltr'>Spiritus.</span> <span class='ocrx_word' id='word_1_39' title='bbox 1630 680 1743 753; x_wconf 80' lang='lat' dir='ltr'>Quare,</span> <span class='ocrx_word' id='word_1_40' title='bbox 1757 675 1838 755; x_wconf 94' lang='lat' dir='ltr'>quod</span> <span class='ocrx_word' id='word_1_41' title='bbox 1849 675 1880 735; x_wconf 86' lang='lat' dir='ltr'>ad</span> 
     </span>
     <span class='ocr_line' id='line_1_5' title="bbox 310 765 1882 854; baseline 0 -27"><span class='ocrx_word' id='word_1_42' title='bbox 310 765 422 827; x_wconf 88' lang='lat' dir='ltr'>Filiam</span> <span class='ocrx_word' id='word_1_43' title='bbox 436 768 588 845; x_wconf 76' lang='lat' dir='ltr'>quadrare</span> <span class='ocrx_word' id='word_1_44' title='bbox 612 767 732 842; x_wconf 83' lang='lat' dir='ltr'>scribit3</span> <span class='ocrx_word' id='word_1_45' title='bbox 749 785 806 828; x_wconf 87' lang='lat' dir='ltr'>nec</span> <span class='ocrx_word' id='word_1_46' title='bbox 824 767 1076 846; x_wconf 57' lang='lat' dir='ltr'>divinitatemssip·</span> <span class='ocrx_word' id='word_1_47' title='bbox 1127 775 1273 831; x_wconf 88' lang='lat' dir='ltr'>naturam</span> <span class='ocrx_word' id='word_1_48' title='bbox 1287 775 1444 853; x_wconf 88' lang='lat' dir='ltr'>propriam</span> <span class='ocrx_word' id='word_1_49' title='bbox 1458 776 1592 854; x_wconf 85' lang='lat' dir='ltr'>spectat,</span> <span class='ocrx_word' id='word_1_50' title='bbox 1605 789 1671 832; x_wconf 92' lang='lat' dir='ltr'>non</span> <span class='ocrx_word' id='word_1_51' title='bbox 1692 774 1738 831; x_wconf 85' lang='lat' dir='ltr'>est</span> <span class='ocrx_word' id='word_1_52' title='bbox 1750 768 1882 848; x_wconf 73' lang='lat' dir='ltr'>priunum</span> 
     </span>
     <span class='ocr_line' id='line_1_6' title="bbox 311 858 1728 927; baseline 0.001 -10"><span class='ocrx_word' id='word_1_53' title='bbox 311 874 378 918; x_wconf 89' lang='lat' dir='ltr'>sam</span> <span class='ocrx_word' id='word_1_54' title='bbox 391 860 553 920; x_wconf 86' lang='lat' dir='ltr'>inunctam</span> <span class='ocrx_word' id='word_1_55' title='bbox 571 859 674 921; x_wconf 86' lang='lat' dir='ltr'>fuisse.</span> <span class='ocrx_word' id='word_1_56' title='bbox 699 861 780 920; x_wconf 87' lang='lat' dir='ltr'>Tum</span> <span class='ocrx_word' id='word_1_57' title='bbox 793 860 826 918; x_wconf 93' lang='lat' dir='ltr'>iu</span> <span class='ocrx_word' id='word_1_58' title='bbox 848 858 928 919; x_wconf 90' lang='lat' dir='ltr'>libro</span> <span class='ocrx_word' id='word_1_59' title='bbox 942 859 1077 919; x_wconf 88' lang='lat' dir='ltr'>secundo</span> <span class='ocrx_word' id='word_1_60' title='bbox 1128 863 1334 925; x_wconf 85' lang='lat' dir='ltr'>sanctificatus</span> <span class='ocrx_word' id='word_1_61' title='bbox 1346 867 1403 927; x_wconf 92' lang='lat' dir='ltr'>Dei</span> <span class='ocrx_word' id='word_1_62' title='bbox 1417 866 1512 927; x_wconf 79' lang='lat' dir='ltr'>Filius</span> <span class='ocrx_word' id='word_1_63' title='bbox 1525 864 1664 925; x_wconf 85' lang='lat' dir='ltr'>Verbum</span> <span class='ocrx_word' id='word_1_64' title='bbox 1673 862 1696 923; x_wconf 79' lang='lat'>⁶.</span> <span class='ocrx_word' id='word_1_65' title='bbox 1712 883 1728 919; x_wconf 76' lang='lat' dir='ltr'>a</span> 
     </span>
     <span class='ocr_line' id='line_1_7' title="bbox 310 952 1883 1038; baseline 0.001 -28"><span class='ocrx_word' id='word_1_66' title='bbox 310 959 412 1012; x_wconf 67' lang='lat' dir='ltr'>coneo</span> <span class='ocrx_word' id='word_1_67' title='bbox 437 952 615 1028; x_wconf 82' lang='lat' dir='ltr'>Nestorium,</span> <span class='ocrx_word' id='word_1_68' title='bbox 631 973 646 1010; x_wconf 84' lang='lat' dir='ltr'>a</span> <span class='ocrx_word' id='word_1_69' title='bbox 675 953 789 1013; x_wconf 77' lang='lat' dir='ltr'>Christi</span> <span class='ocrx_word' id='word_1_70' title='bbox 811 969 939 1027; x_wconf 83' lang='lat' dir='ltr'>nomen,</span> <span class='ocrx_word' id='word_1_71' title='bbox 964 960 995 1011; x_wconf 88' lang='lat' dir='ltr'>et</span> <span class='ocrx_word' id='word_1_72' title='bbox 1015 968 1075 1025; x_wconf 82' lang='lat' dir='ltr'>res,</span> <span class='ocrx_word' id='word_1_73' title='bbox 1170 955 1285 1016; x_wconf 88' lang='lat' dir='ltr'>Eadem</span> <span class='ocrx_word' id='word_1_74' title='bbox 1298 958 1391 1018; x_wconf 89' lang='lat' dir='ltr'>tradit</span> <span class='ocrx_word' id='word_1_75' title='bbox 1404 959 1438 1018; x_wconf 92' lang='lat' dir='ltr'>in</span> <span class='ocrx_word' id='word_1_76' title='bbox 1457 957 1655 1038; x_wconf 68' lang='lat' dir='ltr'>depositione</span> <span class='ocrx_word' id='word_1_77' title='bbox 1680 952 1818 1035; x_wconf 77' lang='lat' dir='ltr'>Symboli</span> <span class='ocrx_word' id='word_1_78' title='bbox 1836 952 1883 1012; x_wconf 91' lang='lat' dir='ltr'>sub</span> 
     </span>
     <span class='ocr_line' id='line_1_8' title="bbox 311 1043 1883 1129; baseline 0.002 -26"><span class='ocrx_word' id='word_1_79' title='bbox 311 1044 428 1123; x_wconf 82' lang='lat' dir='ltr'>inquit,</span> <span class='ocrx_word' id='word_1_80' title='bbox 443 1044 530 1105; x_wconf 85' lang='lat' dir='ltr'>uallo</span> <span class='ocrx_word' id='word_1_81' title='bbox 545 1045 638 1106; x_wconf 91' lang='lat' dir='ltr'>modo</span> <span class='ocrx_word' id='word_1_82' title='bbox 653 1045 762 1107; x_wconf 88' lang='lat' dir='ltr'>cadere</span> <span class='ocrx_word' id='word_1_83' title='bbox 783 1049 885 1125; x_wconf 91' lang='lat' dir='ltr'>potest</span> <span class='ocrx_word' id='word_1_84' title='bbox 896 1043 931 1104; x_wconf 91' lang='lat' dir='ltr'>in</span> <span class='ocrx_word' id='word_1_85' title='bbox 944 1044 1076 1119; x_wconf 83' lang='lat' dir='ltr'>nudum,</span> <span class='ocrx_word' id='word_1_86' title='bbox 1130 1045 1239 1125; x_wconf 87' lang='lat' dir='ltr'>linem,</span> <span class='ocrx_word' id='word_1_87' title='bbox 1252 1053 1282 1108; x_wconf 89' lang='lat' dir='ltr'>et</span> <span class='ocrx_word' id='word_1_88' title='bbox 1295 1049 1329 1109; x_wconf 91' lang='lat' dir='ltr'>iu</span> <span class='ocrx_word' id='word_1_89' title='bbox 1344 1050 1467 1129; x_wconf 86' lang='lat' dir='ltr'>dialogo</span> <span class='ocrx_word' id='word_1_90' title='bbox 1480 1046 1516 1110; x_wconf 87' lang='lat' dir='ltr'>de</span> <span class='ocrx_word' id='word_1_91' title='bbox 1530 1069 1586 1110; x_wconf 84' lang='lat' dir='ltr'>uno</span> <span class='ocrx_word' id='word_1_92' title='bbox 1612 1046 1740 1109; x_wconf 74' lang='lat' dir='ltr'>cereto.</span> <span class='ocrx_word' id='word_1_93' title='bbox 1755 1046 1819 1107; x_wconf 88' lang='lat' dir='ltr'>Nec</span> <span class='ocrx_word' id='word_1_94' title='bbox 1830 1063 1883 1106; x_wconf 88' lang='lat' dir='ltr'>uon</span> 
     </span>
     <span class='ocr_line' id='line_1_9' title="bbox 312 1135 1789 1219; baseline 0.003 -24"><span class='ocrx_word' id='word_1_95' title='bbox 312 1150 368 1215; x_wconf 90' lang='lat' dir='ltr'>per</span> <span class='ocrx_word' id='word_1_96' title='bbox 379 1154 472 1215; x_wconf 90' lang='lat' dir='ltr'>seque</span> <span class='ocrx_word' id='word_1_97' title='bbox 494 1142 675 1216; x_wconf 88' lang='lat' dir='ltr'>spectatum,</span> <span class='ocrx_word' id='word_1_98' title='bbox 692 1144 723 1197; x_wconf 91' lang='lat' dir='ltr'>et</span> <span class='ocrx_word' id='word_1_99' title='bbox 741 1137 933 1197; x_wconf 88' lang='lat' dir='ltr'>intellectum</span> <span class='ocrx_word' id='word_1_100' title='bbox 952 1153 971 1195; x_wconf 91' lang='lat' dir='ltr'>a</span> <span class='ocrx_word' id='word_1_101' title='bbox 989 1135 1079 1195; x_wconf 89' lang='lat' dir='ltr'>nobis</span> <span class='ocrx_word' id='word_1_102' title='bbox 1131 1138 1164 1199; x_wconf 94' lang='lat' dir='ltr'>in</span> <span class='ocrx_word' id='word_1_103' title='bbox 1178 1142 1369 1218; x_wconf 80' lang='lat' dir='ltr'>expositione</span> <span class='ocrx_word' id='word_1_104' title='bbox 1388 1141 1640 1204; x_wconf 78' lang='lat' dir='ltr'>anathematismi</span> <span class='ocrx_word' id='word_1_105' title='bbox 1654 1140 1789 1219; x_wconf 83' lang='lat' dir='ltr'>septimi.</span> 
     </span>
     <span class='ocr_line' id='line_1_10' title="bbox 313 1229 1885 1314; baseline 0.003 -26"><span class='ocrx_word' id='word_1_106' title='bbox 313 1229 380 1289; x_wconf 91' lang='lat' dir='ltr'>sine</span> <span class='ocrx_word' id='word_1_107' title='bbox 407 1247 499 1290; x_wconf 90' lang='lat' dir='ltr'>carue</span> <span class='ocrx_word' id='word_1_108' title='bbox 525 1229 674 1291; x_wconf 87' lang='lat' dir='ltr'>Verbum.</span> <span class='ocrx_word' id='word_1_109' title='bbox 704 1230 793 1303; x_wconf 86' lang='lat' dir='ltr'>Quod</span> <span class='ocrx_word' id='word_1_110' title='bbox 827 1230 852 1289; x_wconf 88' lang='lat' dir='ltr'>si</span> <span class='ocrx_word' id='word_1_111' title='bbox 880 1229 1080 1307; x_wconf 90' lang='lat' dir='ltr'>semetipsum</span> <span class='ocrx_word' id='word_1_112' title='bbox 1171 1232 1249 1292; x_wconf 90' lang='lat' dir='ltr'>VlII.</span> <span class='ocrx_word' id='word_1_113' title='bbox 1274 1234 1369 1294; x_wconf 90' lang='lat' dir='ltr'>Porro</span> <span class='ocrx_word' id='word_1_114' title='bbox 1380 1234 1606 1314; x_wconf 87' lang='lat' dir='ltr'>argumentatio</span> <span class='ocrx_word' id='word_1_115' title='bbox 1629 1232 1693 1309; x_wconf 89' lang='lat' dir='ltr'>illa,</span> <span class='ocrx_word' id='word_1_116' title='bbox 1714 1250 1777 1310; x_wconf 86' lang='lat' dir='ltr'>qua</span> <span class='ocrx_word' id='word_1_117' title='bbox 1802 1229 1885 1310; x_wconf 73' lang='lat' dir='ltr'>cyril-</span> 
     </span>
     <span class='ocr_line' id='line_1_11' title="bbox 315 1321 1885 1403; baseline 0.001 -23"><span class='ocrx_word' id='word_1_118' title='bbox 315 1321 487 1382; x_wconf 86' lang='lat' dir='ltr'>exiuanisse</span> <span class='ocrx_word' id='word_1_119' title='bbox 501 1321 631 1398; x_wconf 87' lang='lat' dir='ltr'>dicatur,</span> <span class='ocrx_word' id='word_1_120' title='bbox 647 1328 678 1382; x_wconf 87' lang='lat' dir='ltr'>et</span> <span class='ocrx_word' id='word_1_121' title='bbox 701 1321 735 1382; x_wconf 91' lang='lat' dir='ltr'>in</span> <span class='ocrx_word' id='word_1_122' title='bbox 748 1322 829 1382; x_wconf 84' lang='lat' dir='ltr'>servi</span> <span class='ocrx_word' id='word_1_123' title='bbox 842 1321 942 1381; x_wconf 88' lang='lat' dir='ltr'>forma</span> <span class='ocrx_word' id='word_1_124' title='bbox 954 1321 1080 1381; x_wconf 86' lang='lat' dir='ltr'>descen·</span> <span class='ocrx_word' id='word_1_125' title='bbox 1132 1322 1182 1383; x_wconf 89' lang='lat' dir='ltr'>lus</span> <span class='ocrx_word' id='word_1_126' title='bbox 1194 1324 1304 1403; x_wconf 89' lang='lat' dir='ltr'>probat</span> <span class='ocrx_word' id='word_1_127' title='bbox 1320 1345 1386 1387; x_wconf 94' lang='lat' dir='ltr'>non</span> <span class='ocrx_word' id='word_1_128' title='bbox 1403 1346 1470 1390; x_wconf 88' lang='lat' dir='ltr'>esse</span> <span class='ocrx_word' id='word_1_129' title='bbox 1493 1327 1654 1388; x_wconf 80' lang='lat' dir='ltr'>sanctitate</span> <span class='ocrx_word' id='word_1_130' title='bbox 1675 1325 1761 1385; x_wconf 80' lang='lat' dir='ltr'>uelut</span> <span class='ocrx_word' id='word_1_131' title='bbox 1773 1327 1885 1383; x_wconf 78' lang='lat' dir='ltr'>nucum</span> 
     </span>
     <span class='ocr_line' id='line_1_12' title="bbox 315 1413 1883 1498; baseline 0 -25"><span class='ocrx_word' id='word_1_132' title='bbox 315 1413 406 1489; x_wconf 86' lang='lat' dir='ltr'>disse,</span> <span class='ocrx_word' id='word_1_133' title='bbox 422 1430 459 1473; x_wconf 87' lang='lat' dir='ltr'>ac</span> <span class='ocrx_word' id='word_1_134' title='bbox 486 1413 585 1473; x_wconf 90' lang='lat' dir='ltr'>nostri</span> <span class='ocrx_word' id='word_1_135' title='bbox 606 1413 715 1474; x_wconf 89' lang='lat' dir='ltr'>similis</span> <span class='ocrx_word' id='word_1_136' title='bbox 733 1414 825 1474; x_wconf 85' lang='lat' dir='ltr'>luisse</span> <span class='ocrx_word' id='word_1_137' title='bbox 839 1431 941 1489; x_wconf 82' lang='lat' dir='ltr'>carne,</span> <span class='ocrx_word' id='word_1_138' title='bbox 957 1413 1081 1474; x_wconf 83' lang='lat' dir='ltr'>vocabi·</span> <span class='ocrx_word' id='word_1_139' title='bbox 1131 1415 1326 1478; x_wconf 84' lang='lat' dir='ltr'>divinitatem</span> <span class='ocrx_word' id='word_1_140' title='bbox 1349 1420 1462 1480; x_wconf 85' lang='lat' dir='ltr'>Christi</span> <span class='ocrx_word' id='word_1_141' title='bbox 1483 1419 1523 1480; x_wconf 90' lang='lat' dir='ltr'>ab</span> <span class='ocrx_word' id='word_1_142' title='bbox 1548 1419 1666 1498; x_wconf 87' lang='lat' dir='ltr'>Spiritu</span> <span class='ocrx_word' id='word_1_143' title='bbox 1685 1421 1802 1488; x_wconf 82' lang='lat' dir='ltr'>sancto,</span> <span class='ocrx_word' id='word_1_144' title='bbox 1817 1413 1883 1494; x_wconf 92' lang='lat' dir='ltr'>quod</span> 
     </span>
     <span class='ocr_line' id='line_1_13' title="bbox 315 1506 1885 1588; baseline 0.001 -24"><span class='ocrx_word' id='word_1_145' title='bbox 315 1510 367 1567; x_wconf 91' lang='lat' dir='ltr'>tur</span> <span class='ocrx_word' id='word_1_146' title='bbox 381 1512 411 1566; x_wconf 89' lang='lat' dir='ltr'>et</span> <span class='ocrx_word' id='word_1_147' title='bbox 422 1506 486 1585; x_wconf 91' lang='lat' dir='ltr'>ipse</span> <span class='ocrx_word' id='word_1_148' title='bbox 500 1506 651 1582; x_wconf 87' lang='lat' dir='ltr'>Christus,</span> <span class='ocrx_word' id='word_1_149' title='bbox 666 1507 936 1585; x_wconf 90' lang='lat' dir='ltr'>quoniamunctus</span> <span class='ocrx_word' id='word_1_150' title='bbox 950 1507 1080 1566; x_wconf 90' lang='lat' dir='ltr'>est.Nou</span> <span class='ocrx_word' id='word_1_151' title='bbox 1132 1508 1199 1586; x_wconf 89' lang='lat' dir='ltr'>ipsa</span> <span class='ocrx_word' id='word_1_152' title='bbox 1225 1528 1281 1588; x_wconf 89' lang='lat' dir='ltr'>per</span> <span class='ocrx_word' id='word_1_153' title='bbox 1312 1528 1355 1586; x_wconf 86' lang='lat' dir='ltr'>se,</span> <span class='ocrx_word' id='word_1_154' title='bbox 1384 1516 1416 1573; x_wconf 89' lang='lat' dir='ltr'>et</span> <span class='ocrx_word' id='word_1_155' title='bbox 1443 1512 1576 1573; x_wconf 87' lang='lat' dir='ltr'>essentia</span> <span class='ocrx_word' id='word_1_156' title='bbox 1605 1529 1676 1587; x_wconf 88' lang='lat' dir='ltr'>sua,</span> <span class='ocrx_word' id='word_1_157' title='bbox 1701 1509 1836 1569; x_wconf 88' lang='lat' dir='ltr'>Trinitas</span> <span class='ocrx_word' id='word_1_158' title='bbox 1854 1507 1885 1567; x_wconf 86' lang='lat' dir='ltr'>sit</span> 
     </span>
     <span class='ocr_line' id='line_1_14' title="bbox 315 1599 1885 1682; baseline -0.001 -23"><span class='ocrx_word' id='word_1_159' title='bbox 315 1599 400 1660; x_wconf 90' lang='lat' dir='ltr'>enim</span> <span class='ocrx_word' id='word_1_160' title='bbox 426 1600 459 1660; x_wconf 90' lang='lat' dir='ltr'>in</span> <span class='ocrx_word' id='word_1_161' title='bbox 481 1604 594 1659; x_wconf 90' lang='lat' dir='ltr'>natura</span> <span class='ocrx_word' id='word_1_162' title='bbox 616 1600 740 1678; x_wconf 89' lang='lat' dir='ltr'>propria</span> <span class='ocrx_word' id='word_1_163' title='bbox 762 1599 907 1660; x_wconf 89' lang='lat' dir='ltr'>inunctus</span> <span class='ocrx_word' id='word_1_164' title='bbox 930 1604 977 1660; x_wconf 90' lang='lat' dir='ltr'>est</span> <span class='ocrx_word' id='word_1_165' title='bbox 1003 1601 1083 1660; x_wconf 88' lang='lat' dir='ltr'>Deus</span> <span class='ocrx_word' id='word_1_166' title='bbox 1133 1605 1248 1675; x_wconf 65' lang='lat' dir='ltr'>sancta</span> <span class='ocrx_word' id='word_1_167' title='bbox 1258 1602 1484 1665; x_wconf 91' lang='lat' dir='ltr'>dubitationem</span> <span class='ocrx_word' id='word_1_168' title='bbox 1497 1600 1804 1682; x_wconf 81' lang='lat' dir='ltr'>Augustiuiperimit‚</span> <span class='ocrx_word' id='word_1_169' title='bbox 1815 1599 1885 1677; x_wconf 80' lang='lat' dir='ltr'>eujus</span> 
     </span>
     <span class='ocr_line' id='line_1_15' title="bbox 315 1690 1884 1773; baseline -0.001 -21"><span class='ocrx_word' id='word_1_170' title='bbox 315 1692 467 1752; x_wconf 86' lang='lat' dir='ltr'>Verbum.</span> <span class='ocrx_word' id='word_1_171' title='bbox 487 1692 549 1753; x_wconf 90' lang='lat' dir='ltr'>Sed</span> <span class='ocrx_word' id='word_1_172' title='bbox 560 1691 664 1752; x_wconf 88' lang='lat' dir='ltr'>unctio</span> <span class='ocrx_word' id='word_1_173' title='bbox 678 1693 745 1770; x_wconf 89' lang='lat' dir='ltr'>ipsa</span> <span class='ocrx_word' id='word_1_174' title='bbox 766 1692 869 1770; x_wconf 88' lang='lat' dir='ltr'>potius</span> <span class='ocrx_word' id='word_1_175' title='bbox 887 1691 920 1750; x_wconf 94' lang='lat' dir='ltr'>in</span> <span class='ocrx_word' id='word_1_176' title='bbox 946 1690 1084 1752; x_wconf 91' lang='lat' dir='ltr'>humana</span> <span class='ocrx_word' id='word_1_177' title='bbox 1133 1693 1232 1772; x_wconf 86' lang='lat' dir='ltr'>rapite</span> <span class='ocrx_word' id='word_1_178' title='bbox 1246 1696 1438 1757; x_wconf 83' lang='lat' dir='ltr'>antecedenti</span> <span class='ocrx_word' id='word_1_179' title='bbox 1452 1697 1664 1767; x_wconf 88' lang='lat' dir='ltr'>meminimus,</span> <span class='ocrx_word' id='word_1_180' title='bbox 1690 1693 1803 1773; x_wconf 87' lang='lat' dir='ltr'>ecquid</span> <span class='ocrx_word' id='word_1_181' title='bbox 1817 1692 1884 1771; x_wconf 90' lang='lat' dir='ltr'>Spir.</span> 
     </span>
     <span class='ocr_line' id='line_1_16' title="bbox 317 1783 1885 1866; baseline 0 -23"><span class='ocrx_word' id='word_1_182' title='bbox 317 1789 363 1844; x_wconf 90' lang='lat' dir='ltr'>est</span> <span class='ocrx_word' id='word_1_183' title='bbox 386 1784 466 1844; x_wconf 85' lang='lat' dir='ltr'>iacta</span> <span class='ocrx_word' id='word_1_184' title='bbox 496 1789 666 1844; x_wconf 62' lang='lat' dir='ltr'>naturae.»</span> <span class='ocrx_word' id='word_1_185' title='bbox 697 1783 798 1861; x_wconf 82' lang='lat' dir='ltr'>Atque</span> <span class='ocrx_word' id='word_1_186' title='bbox 825 1783 884 1844; x_wconf 91' lang='lat' dir='ltr'>boc</span> <span class='ocrx_word' id='word_1_187' title='bbox 904 1784 996 1863; x_wconf 93' lang='lat' dir='ltr'>paulo</span> <span class='ocrx_word' id='word_1_188' title='bbox 1016 1791 1084 1864; x_wconf 89' lang='lat' dir='ltr'>post</span> <span class='ocrx_word' id='word_1_189' title='bbox 1134 1802 1217 1846; x_wconf 90' lang='lat' dir='ltr'>sanc.</span> <span class='ocrx_word' id='word_1_190' title='bbox 1232 1787 1376 1847; x_wconf 88' lang='lat' dir='ltr'>sanctitas</span> <span class='ocrx_word' id='word_1_191' title='bbox 1404 1790 1443 1847; x_wconf 89' lang='lat' dir='ltr'>sit</span> <span class='ocrx_word' id='word_1_192' title='bbox 1456 1788 1602 1866; x_wconf 76' lang='lat' dir='ltr'>ipsaque</span> <span class='ocrx_word' id='word_1_193' title='bbox 1612 1789 1693 1848; x_wconf 86' lang='lat' dir='ltr'>Deus</span> <span class='ocrx_word' id='word_1_194' title='bbox 1708 1790 1755 1846; x_wconf 89' lang='lat' dir='ltr'>est</span> <span class='ocrx_word' id='word_1_195' title='bbox 1767 1791 1885 1845; x_wconf 85' lang='lat' dir='ltr'>sauctus.</span> 
     </span>
     <span class='ocr_line' id='line_1_17' title="bbox 316 1874 1887 1959; baseline 0.001 -24"><span class='ocrx_word' id='word_1_196' title='bbox 316 1875 446 1954; x_wconf 83' lang='lat' dir='ltr'>mystica</span> <span class='ocrx_word' id='word_1_197' title='bbox 465 1874 720 1955; x_wconf 87' lang='lat' dir='ltr'>interpretatione</span> <span class='ocrx_word' id='word_1_198' title='bbox 734 1892 826 1935; x_wconf 86' lang='lat' dir='ltr'>sacrae</span> <span class='ocrx_word' id='word_1_199' title='bbox 851 1875 1010 1954; x_wconf 87' lang='lat' dir='ltr'>eujusdam</span> <span class='ocrx_word' id='word_1_200' title='bbox 1025 1876 1086 1937; x_wconf 89' lang='lat' dir='ltr'>his·</span> <span class='ocrx_word' id='word_1_201' title='bbox 1135 1878 1333 1940; x_wconf 85' lang='lat' dir='ltr'>Manifestum</span> <span class='ocrx_word' id='word_1_202' title='bbox 1347 1886 1394 1940; x_wconf 83' lang='lat' dir='ltr'>est</span> <span class='ocrx_word' id='word_1_203' title='bbox 1405 1880 1489 1940; x_wconf 88' lang='lat' dir='ltr'>enim</span> <span class='ocrx_word' id='word_1_204' title='bbox 1504 1880 1642 1941; x_wconf 72' lang='lat' dir='ltr'>essentias</span> <span class='ocrx_word' id='word_1_205' title='bbox 1648 1880 1808 1959; x_wconf 89' lang='lat' dir='ltr'>propriam</span> <span class='ocrx_word' id='word_1_206' title='bbox 1818 1894 1887 1937; x_wconf 86' lang='lat' dir='ltr'>sauc-</span> 
     </span>
     <span class='ocr_line' id='line_1_18' title="bbox 316 1966 1886 2050; baseline 0.001 -22"><span class='ocrx_word' id='word_1_207' title='bbox 316 1968 405 2028; x_wconf 79' lang='lat' dir='ltr'>toriae</span> <span class='ocrx_word' id='word_1_208' title='bbox 432 1968 575 2045; x_wconf 86' lang='lat' dir='ltr'>declarat,</span> <span class='ocrx_word' id='word_1_209' title='bbox 596 1966 749 2027; x_wconf 92' lang='lat' dir='ltr'>nimirum</span> <span class='ocrx_word' id='word_1_210' title='bbox 775 1967 884 2029; x_wconf 82' lang='lat' dir='ltr'>iacobi</span> <span class='ocrx_word' id='word_1_211' title='bbox 906 1986 945 2028; x_wconf 85' lang='lat' dir='ltr'>ex</span> <span class='ocrx_word' id='word_1_212' title='bbox 960 1974 1087 2047; x_wconf 88' lang='lat' dir='ltr'>paterna</span> <span class='ocrx_word' id='word_1_213' title='bbox 1134 1971 1265 2048; x_wconf 85' lang='lat' dir='ltr'>titatem,</span> <span class='ocrx_word' id='word_1_214' title='bbox 1293 1977 1324 2032; x_wconf 93' lang='lat' dir='ltr'>et</span> <span class='ocrx_word' id='word_1_215' title='bbox 1347 1990 1547 2034; x_wconf 90' lang='lat' dir='ltr'>communem</span> <span class='ocrx_word' id='word_1_216' title='bbox 1574 1970 1685 2045; x_wconf 80' lang='lat' dir='ltr'>tribus,</span> <span class='ocrx_word' id='word_1_217' title='bbox 1709 1990 1727 2031; x_wconf 89' lang='lat' dir='ltr'>a</span> <span class='ocrx_word' id='word_1_218' title='bbox 1749 1969 1886 2050; x_wconf 84' lang='lat' dir='ltr'>personali</span> 
     </span>
     <span class='ocr_line' id='line_1_19' title="bbox 318 2059 1887 2143; baseline 0.001 -23"><span class='ocrx_word' id='word_1_219' title='bbox 318 2060 412 2120; x_wconf 91' lang='lat' dir='ltr'>domo</span> <span class='ocrx_word' id='word_1_220' title='bbox 432 2061 466 2120; x_wconf 92' lang='lat' dir='ltr'>in</span> <span class='ocrx_word' id='word_1_221' title='bbox 500 2060 754 2140; x_wconf 88' lang='lat' dir='ltr'>Mesopotamiam</span> <span class='ocrx_word' id='word_1_222' title='bbox 773 2059 991 2138; x_wconf 85' lang='lat' dir='ltr'>proficiscentis</span> <span class='ocrx_word' id='word_1_223' title='bbox 1009 2079 1016 2121; x_wconf 76' lang='grc' dir='ltr'><strong><em>ε</em></strong></span> <span class='ocrx_word' id='word_1_224' title='bbox 1034 2062 1088 2140; x_wconf 91' lang='lat' dir='ltr'>qui</span> <span class='ocrx_word' id='word_1_225' title='bbox 1134 2062 1382 2143; x_wconf 66' lang='lat' dir='ltr'>distinguique</span> <span class='ocrx_word' id='word_1_226' title='bbox 1410 2079 1456 2125; x_wconf 87' lang='lat' dir='ltr'>est</span> <span class='ocrx_word' id='word_1_227' title='bbox 1480 2065 1613 2143; x_wconf 87' lang='lat' dir='ltr'>Spiritus</span> <span class='ocrx_word' id='word_1_228' title='bbox 1648 2068 1795 2123; x_wconf 86' lang='lat' dir='ltr'>sanetus:</span> <span class='ocrx_word' id='word_1_229' title='bbox 1815 2063 1887 2140; x_wconf 88' lang='lat' dir='ltr'>cujus</span> 
     </span>
     <span class='ocr_line' id='line_1_20' title="bbox 318 2152 1887 2232; baseline 0.002 -21"><span class='ocrx_word' id='word_1_230' title='bbox 318 2153 352 2212; x_wconf 92' lang='lat' dir='ltr'>in</span> <span class='ocrx_word' id='word_1_231' title='bbox 366 2171 403 2212; x_wconf 91' lang='lat' dir='ltr'>eo</span> <span class='ocrx_word' id='word_1_232' title='bbox 416 2152 494 2228; x_wconf 87' lang='lat' dir='ltr'>loeo,</span> <span class='ocrx_word' id='word_1_233' title='bbox 510 2153 566 2212; x_wconf 92' lang='lat' dir='ltr'>ubi</span> <span class='ocrx_word' id='word_1_234' title='bbox 578 2152 722 2232; x_wconf 87' lang='lat' dir='ltr'>apparuit</span> <span class='ocrx_word' id='word_1_235' title='bbox 735 2152 885 2212; x_wconf 88' lang='lat' dir='ltr'>Dominus</span> <span class='ocrx_word' id='word_1_236' title='bbox 899 2152 986 2213; x_wconf 83' lang='lat' dir='ltr'>scolae</span> <span class='ocrx_word' id='word_1_237' title='bbox 1000 2154 1084 2214; x_wconf 85' lang='lat' dir='ltr'>tnui·</span> <span class='ocrx_word' id='word_1_238' title='bbox 1135 2154 1298 2217; x_wconf 83' lang='lat' dir='ltr'>efficientia</span> <span class='ocrx_word' id='word_1_239' title='bbox 1336 2161 1443 2217; x_wconf 86' lang='lat' dir='ltr'>manat</span> <span class='ocrx_word' id='word_1_240' title='bbox 1466 2156 1498 2215; x_wconf 89' lang='lat' dir='ltr'>in</span> <span class='ocrx_word' id='word_1_241' title='bbox 1521 2157 1600 2217; x_wconf 92' lang='lat' dir='ltr'>solas</span> <span class='ocrx_word' id='word_1_242' title='bbox 1622 2174 1672 2216; x_wconf 90' lang='lat' dir='ltr'>res</span> <span class='ocrx_word' id='word_1_243' title='bbox 1695 2161 1783 2216; x_wconf 80' lang='lat' dir='ltr'>extra</span> <span class='ocrx_word' id='word_1_244' title='bbox 1805 2157 1887 2215; x_wconf 81' lang='grc' dir='ltr'>Βοιιιο</span> 
     </span>
    </p>

    <p class='ocr_par' dir='ltr' id='par_1_3' title="bbox 292 2244 1890 3435">
     <span class='ocr_line' id='line_1_21' title="bbox 292 2244 1888 2328; baseline 0.001 -23"><span class='ocrx_word' id='word_1_245' title='bbox 292 2262 295 2269; x_wconf 95' lang='grc'><strong><em>·</em></strong></span> <span class='ocrx_word' id='word_1_246' title='bbox 317 2263 387 2321; x_wconf 88' lang='lat' dir='ltr'>xus,</span> <span class='ocrx_word' id='word_1_247' title='bbox 410 2244 546 2323; x_wconf 88' lang='lat' dir='ltr'>lapidem</span> <span class='ocrx_word' id='word_1_248' title='bbox 571 2245 670 2306; x_wconf 82' lang='lat' dir='ltr'>erexit</span> <span class='ocrx_word' id='word_1_249' title='bbox 693 2244 728 2304; x_wconf 90' lang='lat' dir='ltr'>in</span> <span class='ocrx_word' id='word_1_250' title='bbox 740 2244 878 2318; x_wconf 89' lang='lat' dir='ltr'>titulum,</span> <span class='ocrx_word' id='word_1_251' title='bbox 895 2253 924 2305; x_wconf 85' lang='lat' dir='ltr'>et</span> <span class='ocrx_word' id='word_1_252' title='bbox 952 2245 1086 2327; x_wconf 76' lang='lat' dir='ltr'>rirfuedz‘t</span> <span class='ocrx_word' id='word_1_253' title='bbox 1135 2256 1329 2325; x_wconf 87' lang='lat' dir='ltr'>procreates;</span> <span class='ocrx_word' id='word_1_254' title='bbox 1344 2249 1456 2328; x_wconf 88' lang='lat' dir='ltr'>quibus</span> <span class='ocrx_word' id='word_1_255' title='bbox 1466 2249 1647 2326; x_wconf 78' lang='lat' dir='ltr'>adventitia,</span> <span class='ocrx_word' id='word_1_256' title='bbox 1662 2255 1693 2310; x_wconf 88' lang='lat' dir='ltr'>et</span> <span class='ocrx_word' id='word_1_257' title='bbox 1706 2247 1888 2309; x_wconf 88' lang='lat' dir='ltr'>accidensest</span> 
     </span>
     <span class='ocr_line' id='line_1_22' title="bbox 318 2336 1292 2418; baseline 0.005 -21"><span class='ocrx_word' id='word_1_258' title='bbox 318 2336 414 2397; x_wconf 82' lang='lat' dir='ltr'>oleum</span> <span class='ocrx_word' id='word_1_259' title='bbox 435 2337 467 2396; x_wconf 82' lang='lat' dir='ltr'>ia</span> <span class='ocrx_word' id='word_1_260' title='bbox 483 2345 645 2397; x_wconf 77' lang='lat' dir='ltr'>extremum</span> <span class='ocrx_word' id='word_1_261' title='bbox 659 2337 754 2417; x_wconf 82' lang='lat' dir='ltr'>ipsios</span> <span class='ocrx_word' id='word_1_262' title='bbox 773 2344 812 2398; x_wconf 75' lang='lat' dir='ltr'>tat</span> <span class='ocrx_word' id='word_1_263' title='bbox 822 2347 850 2401; x_wconf 72' lang='lat' dir='ltr'>ab</span> <span class='ocrx_word' id='word_1_264' title='bbox 863 2347 937 2418; x_wconf 71' lang='lat' dir='ltr'>tapso</span> <span class='ocrx_word' id='word_1_265' title='bbox 951 2346 1037 2416; x_wconf 70' lang='lat' dir='ltr'>atros,</span> <span class='ocrx_word' id='word_1_266' title='bbox 1051 2344 1087 2399; x_wconf 92' lang='lat' dir='ltr'>ut</span> <span class='ocrx_word' id='word_1_267' title='bbox 1135 2341 1292 2402; x_wconf 87' lang='lat' dir='ltr'>sauctitas.</span> 
     </span>
     <span class='ocr_line' id='line_1_23' title="bbox 318 2428 1888 2513; baseline 0.002 -24"><span class='ocrx_word' id='word_1_268' title='bbox 318 2428 435 2489; x_wconf 90' lang='lat' dir='ltr'>hebent</span> <span class='ocrx_word' id='word_1_269' title='bbox 448 2428 661 2507; x_wconf 78' lang='lat' dir='ltr'>Septuaginta.</span> <span class='ocrx_word' id='word_1_270' title='bbox 678 2432 757 2492; x_wconf 88' lang='lat' dir='ltr'>Nem</span> <span class='ocrx_word' id='word_1_271' title='bbox 766 2435 892 2494; x_wconf 87' lang='lat' dir='ltr'>Latinas</span> <span class='ocrx_word' id='word_1_272' title='bbox 899 2436 1004 2492; x_wconf 89' lang='lat' dir='ltr'>noster</span> <span class='ocrx_word' id='word_1_273' title='bbox 1012 2449 1084 2492; x_wconf 86' lang='lat' dir='ltr'>ver·</span> <span class='ocrx_word' id='word_1_274' title='bbox 1176 2435 1265 2494; x_wconf 89' lang='lat' dir='ltr'>Hane</span> <span class='ocrx_word' id='word_1_275' title='bbox 1277 2434 1377 2513; x_wconf 90' lang='lat' dir='ltr'>ipsam</span> <span class='ocrx_word' id='word_1_276' title='bbox 1386 2433 1540 2496; x_wconf 88' lang='lat' dir='ltr'>rationem</span> <span class='ocrx_word' id='word_1_277' title='bbox 1552 2433 1715 2513; x_wconf 86' lang='lat' dir='ltr'>usurpavit</span> <span class='ocrx_word' id='word_1_278' title='bbox 1724 2433 1888 2512; x_wconf 77' lang='lat' dir='ltr'>Fulgentius</span> 
     </span>
     <span class='ocr_line' id='line_1_24' title="bbox 318 2518 1887 2606; baseline 0.001 -26"><span class='ocrx_word' id='word_1_279' title='bbox 318 2522 376 2598; x_wconf 85' lang='lat' dir='ltr'>tit,</span> <span class='ocrx_word' id='word_1_280' title='bbox 411 2518 594 2600; x_wconf 80' lang='lat' dir='ltr'>suadensque</span> <span class='ocrx_word' id='word_1_281' title='bbox 627 2520 723 2582; x_wconf 80' lang='lat' dir='ltr'>oleum</span> <span class='ocrx_word' id='word_1_282' title='bbox 758 2524 901 2606; x_wconf 81' lang='lat' dir='ltr'>desuper,</span> <span class='ocrx_word' id='word_1_283' title='bbox 937 2523 1087 2585; x_wconf 89' lang='lat' dir='ltr'>Hebraice</span> <span class='ocrx_word' id='word_1_284' title='bbox 1135 2526 1169 2585; x_wconf 90' lang='lat' dir='ltr'>in</span> <span class='ocrx_word' id='word_1_285' title='bbox 1196 2525 1275 2587; x_wconf 89' lang='lat' dir='ltr'>libro</span> <span class='ocrx_word' id='word_1_286' title='bbox 1293 2525 1383 2586; x_wconf 88' lang='lat' dir='ltr'>tertio</span> <span class='ocrx_word' id='word_1_287' title='bbox 1397 2523 1437 2585; x_wconf 84' lang='lat' dir='ltr'>cd</span> <span class='ocrx_word' id='word_1_288' title='bbox 1455 2523 1697 2602; x_wconf 62' lang='lat' dir='ltr'>Transeundum,</span> <span class='ocrx_word' id='word_1_289' title='bbox 1709 2525 1807 2605; x_wconf 87' lang='lat' dir='ltr'>capite</span> <span class='ocrx_word' id='word_1_290' title='bbox 1826 2539 1887 2598; x_wconf 80' lang='lat' dir='ltr'>rur,</span> 
     </span>
     <span class='ocr_line' id='line_1_25' title="bbox 320 2603 1889 2710; baseline 0.001 -37"><span class='ocrx_word' id='word_1_291' title='bbox 320 2628 409 2682; x_wconf 70' lang='lat' dir='ltr'>amm</span> <span class='ocrx_word' id='word_1_292' title='bbox 423 2603 465 2710; x_wconf 67' lang='lat' dir='ltr'>Sp</span> <span class='ocrx_word' id='word_1_293' title='bbox 479 2614 563 2693; x_wconf 90' lang='lat' dir='ltr'>quod</span> <span class='ocrx_word' id='word_1_294' title='bbox 577 2619 634 2690; x_wconf 87' lang='lat' dir='ltr'>est,</span> <span class='ocrx_word' id='word_1_295' title='bbox 649 2633 736 2695; x_wconf 81' lang='lat' dir='ltr'>super</span> <span class='ocrx_word' id='word_1_296' title='bbox 763 2626 852 2698; x_wconf 84' lang='lat' dir='ltr'>caput</span> <span class='ocrx_word' id='word_1_297' title='bbox 877 2616 949 2697; x_wconf 77' lang='lat' dir='ltr'>ejas,</span> <span class='ocrx_word' id='word_1_298' title='bbox 965 2615 1025 2676; x_wconf 88' lang='lat' dir='ltr'>hoo</span> <span class='ocrx_word' id='word_1_299' title='bbox 1039 2623 1088 2677; x_wconf 91' lang='lat' dir='ltr'>est</span> <span class='ocrx_word' id='word_1_300' title='bbox 1136 2617 1277 2678; x_wconf 86' lang='lat' dir='ltr'>similiter</span> <span class='ocrx_word' id='word_1_301' title='bbox 1304 2618 1506 2695; x_wconf 84' lang='lat' dir='ltr'>demonstrat,</span> <span class='ocrx_word' id='word_1_302' title='bbox 1527 2640 1543 2677; x_wconf 83' lang='grc' dir='ltr'><strong>ο</strong></span> <span class='ocrx_word' id='word_1_303' title='bbox 1561 2619 1646 2679; x_wconf 89' lang='lat' dir='ltr'>hane</span> <span class='ocrx_word' id='word_1_304' title='bbox 1665 2619 1841 2679; x_wconf 86' lang='lat' dir='ltr'>unctionem</span> <span class='ocrx_word' id='word_1_305' title='bbox 1857 2615 1889 2675; x_wconf 87' lang='lat' dir='ltr'>ad</span> 
     </span>
     <span class='ocr_line' id='line_1_26' title="bbox 319 2705 1887 2790; baseline 0.002 -24"><span class='ocrx_word' id='word_1_306' title='bbox 319 2707 352 2767; x_wconf 92' lang='lat' dir='ltr'>in</span> <span class='ocrx_word' id='word_1_307' title='bbox 368 2723 527 2766; x_wconf 91' lang='lat' dir='ltr'>summum</span> <span class='ocrx_word' id='word_1_308' title='bbox 541 2705 688 2786; x_wconf 89' lang='lat' dir='ltr'>lapidem.</span> <span class='ocrx_word' id='word_1_309' title='bbox 703 2709 751 2768; x_wconf 82' lang='lat' dir='ltr'>Er</span> <span class='ocrx_word' id='word_1_310' title='bbox 759 2728 822 2788; x_wconf 89' lang='lat' dir='ltr'>quo</span> <span class='ocrx_word' id='word_1_311' title='bbox 833 2710 877 2770; x_wconf 88' lang='lat' dir='ltr'>ita</span> <span class='ocrx_word' id='word_1_312' title='bbox 885 2709 1087 2770; x_wconf 85' lang='lat' dir='ltr'>ratiocinatur</span> <span class='ocrx_word' id='word_1_313' title='bbox 1135 2709 1296 2771; x_wconf 88' lang='lat' dir='ltr'>hominem</span> <span class='ocrx_word' id='word_1_314' title='bbox 1308 2709 1410 2790; x_wconf 90' lang='lat' dir='ltr'>potius</span> <span class='ocrx_word' id='word_1_315' title='bbox 1424 2710 1628 2782; x_wconf 82' lang='lat' dir='ltr'>referendam,</span> <span class='ocrx_word' id='word_1_316' title='bbox 1638 2731 1653 2767; x_wconf 83' lang='lat' dir='ltr'>a</span> <span class='ocrx_word' id='word_1_317' title='bbox 1662 2710 1887 2781; x_wconf 70' lang='lat' dir='ltr'>nimirumeam.</span> 
     </span>
     <span class='ocr_line' id='line_1_27' title="bbox 320 2798 1887 2882; baseline 0.001 -23"><span class='ocrx_word' id='word_1_318' title='bbox 320 2798 452 2878; x_wconf 85' lang='lat' dir='ltr'>Cyrillus</span> <span class='ocrx_word' id='word_1_319' title='bbox 469 2799 752 2876; x_wconf 87' lang='lat' dir='ltr'>:quemadm0dum</span> <span class='ocrx_word' id='word_1_320' title='bbox 766 2805 849 2862; x_wconf 90' lang='lat' dir='ltr'>totus</span> <span class='ocrx_word' id='word_1_321' title='bbox 862 2802 940 2881; x_wconf 87' lang='lat' dir='ltr'>lepis</span> <span class='ocrx_word' id='word_1_322' title='bbox 961 2812 1087 2863; x_wconf 90' lang='lat' dir='ltr'>nonest</span> <span class='ocrx_word' id='word_1_323' title='bbox 1137 2819 1208 2881; x_wconf 88' lang='lat' dir='ltr'>quae</span> <span class='ocrx_word' id='word_1_324' title='bbox 1232 2808 1267 2863; x_wconf 93' lang='lat' dir='ltr'>ut</span> <span class='ocrx_word' id='word_1_325' title='bbox 1287 2803 1332 2863; x_wconf 91' lang='lat' dir='ltr'>ait</span> <span class='ocrx_word' id='word_1_326' title='bbox 1356 2801 1521 2882; x_wconf 79' lang='lat' dir='ltr'>Apostolus</span> <span class='ocrx_word' id='word_1_327' title='bbox 1551 2801 1690 2878; x_wconf 84' lang='lat' dir='ltr'>Petrus¹,</span> <span class='ocrx_word' id='word_1_328' title='bbox 1716 2821 1734 2862; x_wconf 87' lang='lat' dir='ltr'>a</span> <span class='ocrx_word' id='word_1_329' title='bbox 1757 2798 1887 2863; x_wconf 67' lang='lat' dir='ltr'>uasat</span> 
     </span>
     <span class='ocr_line' id='line_1_28' title="bbox 319 2890 1887 2975; baseline 0.001 -24"><span class='ocrx_word' id='word_1_330' title='bbox 319 2891 551 2965; x_wconf 80' lang='lat' dir='ltr'>imbutusole03</span> <span class='ocrx_word' id='word_1_331' title='bbox 569 2890 623 2952; x_wconf 90' lang='lat' dir='ltr'>sed</span> <span class='ocrx_word' id='word_1_332' title='bbox 645 2892 712 2970; x_wconf 85' lang='lat' dir='ltr'>ejus</span> <span class='ocrx_word' id='word_1_333' title='bbox 726 2894 944 2955; x_wconf 89' lang='lat' dir='ltr'>tantummodo</span> <span class='ocrx_word' id='word_1_334' title='bbox 958 2913 1039 2974; x_wconf 88' lang='lat' dir='ltr'>pars,</span> <span class='ocrx_word' id='word_1_335' title='bbox 1057 2902 1087 2955; x_wconf 89' lang='lat' dir='ltr'>et</span> <span class='ocrx_word' id='word_1_336' title='bbox 1135 2894 1299 2974; x_wconf 79' lang='lat' dir='ltr'>predicari</span> <span class='ocrx_word' id='word_1_337' title='bbox 1317 2895 1415 2975; x_wconf 80' lang='lat' dir='ltr'>coepit.</span> <span class='ocrx_word' id='word_1_338' title='bbox 1431 2895 1509 2954; x_wconf 89' lang='lat' dir='ltr'>Nem</span> <span class='ocrx_word' id='word_1_339' title='bbox 1530 2893 1555 2954; x_wconf 92' lang='lat' dir='ltr'>si</span> <span class='ocrx_word' id='word_1_340' title='bbox 1568 2895 1602 2954; x_wconf 92' lang='lat' dir='ltr'>in</span> <span class='ocrx_word' id='word_1_341' title='bbox 1616 2912 1664 2971; x_wconf 87' lang='lat' dir='ltr'>eo,</span> <span class='ocrx_word' id='word_1_342' title='bbox 1687 2895 1772 2973; x_wconf 92' lang='lat' dir='ltr'>quod</span> <span class='ocrx_word' id='word_1_343' title='bbox 1781 2892 1887 2966; x_wconf 86' lang='lat' dir='ltr'>dicitur,</span> 
     </span>
     <span class='ocr_line' id='line_1_29' title="bbox 320 2984 1890 3067; baseline 0 -24"><span class='ocrx_word' id='word_1_344' title='bbox 320 2985 481 3045; x_wconf 89' lang='lat' dir='ltr'>summitas</span> <span class='ocrx_word' id='word_1_345' title='bbox 501 3001 509 3042; x_wconf 79' lang='lat' dir='ltr'>t</span> <span class='ocrx_word' id='word_1_346' title='bbox 526 2984 569 3044; x_wconf 86' lang='lat' dir='ltr'>sic</span> <span class='ocrx_word' id='word_1_347' title='bbox 595 2988 697 3045; x_wconf 92' lang='lat' dir='ltr'>totum</span> <span class='ocrx_word' id='word_1_348' title='bbox 724 2986 878 3047; x_wconf 82' lang='lat' dir='ltr'>Christum</span> <span class='ocrx_word' id='word_1_349' title='bbox 905 2988 1087 3067; x_wconf 87' lang='lat' dir='ltr'>neutiquam</span> <span class='ocrx_word' id='word_1_350' title='bbox 1141 2986 1238 3048; x_wconf 76' lang='lat' dir='ltr'>Uarii</span> <span class='ocrx_word' id='word_1_351' title='bbox 1253 2997 1280 3047; x_wconf 86' lang='lat' dir='ltr'>te</span> <span class='ocrx_word' id='word_1_352' title='bbox 1294 2988 1390 3055; x_wconf 83' lang='lat' dir='ltr'>Deos,</span> <span class='ocrx_word' id='word_1_353' title='bbox 1405 2986 1485 3048; x_wconf 77' lang='lat' dir='ltr'>Deris</span> <span class='ocrx_word' id='word_1_354' title='bbox 1511 2985 1609 3062; x_wconf 65' lang='lat' dir='ltr'>tow,</span> <span class='ocrx_word' id='word_1_355' title='bbox 1624 3008 1640 3045; x_wconf 83' lang='lat' dir='ltr'>a</span> <span class='ocrx_word' id='word_1_356' title='bbox 1654 2985 1760 3048; x_wconf 84' lang='lat' dir='ltr'>divina</span> <span class='ocrx_word' id='word_1_357' title='bbox 1771 2984 1890 3046; x_wconf 78' lang='lat' dir='ltr'>creditu</span> 
     </span>
     <span class='ocr_line' id='line_1_30' title="bbox 320 3077 1889 3159; baseline 0.001 -23"><span class='ocrx_word' id='word_1_358' title='bbox 320 3077 389 3136; x_wconf 92' lang='lat' dir='ltr'>oleo</span> <span class='ocrx_word' id='word_1_359' title='bbox 415 3077 575 3157; x_wconf 85' lang='lat' dir='ltr'>perfusum</span> <span class='ocrx_word' id='word_1_360' title='bbox 601 3095 665 3138; x_wconf 89' lang='lat' dir='ltr'>esse</span> <span class='ocrx_word' id='word_1_361' title='bbox 682 3099 689 3137; x_wconf 77' lang='grc' dir='ltr'><strong>ε</strong></span> <span class='ocrx_word' id='word_1_362' title='bbox 706 3097 743 3139; x_wconf 91' lang='lat' dir='ltr'>eo</span> <span class='ocrx_word' id='word_1_363' title='bbox 764 3079 848 3157; x_wconf 89' lang='lat' dir='ltr'>quod</span> <span class='ocrx_word' id='word_1_364' title='bbox 866 3079 1008 3140; x_wconf 79' lang='lat' dir='ltr'>divinitas</span> <span class='ocrx_word' id='word_1_365' title='bbox 1021 3081 1087 3159; x_wconf 90' lang='lat' dir='ltr'>ipsa</span> <span class='ocrx_word' id='word_1_366' title='bbox 1136 3079 1313 3158; x_wconf 85' lang='lat' dir='ltr'>accipienda</span> <span class='ocrx_word' id='word_1_367' title='bbox 1327 3084 1449 3151; x_wconf 85' lang='lat' dir='ltr'>natura,</span> <span class='ocrx_word' id='word_1_368' title='bbox 1462 3080 1497 3139; x_wconf 93' lang='lat' dir='ltr'>in</span> <span class='ocrx_word' id='word_1_369' title='bbox 1511 3096 1572 3159; x_wconf 90' lang='lat' dir='ltr'>qua</span> <span class='ocrx_word' id='word_1_370' title='bbox 1584 3078 1801 3158; x_wconf 87' lang='lat' dir='ltr'>putaturfilius</span> <span class='ocrx_word' id='word_1_371' title='bbox 1812 3078 1889 3137; x_wconf 64' lang='lat' dir='ltr'>effla</span> 
     </span>
     <span class='ocr_line' id='line_1_31' title="bbox 319 3168 1889 3250; baseline 0 -21"><span class='ocrx_word' id='word_1_372' title='bbox 319 3169 398 3229; x_wconf 91' lang='lat' dir='ltr'>nihil</span> <span class='ocrx_word' id='word_1_373' title='bbox 412 3169 465 3229; x_wconf 91' lang='lat' dir='ltr'>illo</span> <span class='ocrx_word' id='word_1_374' title='bbox 480 3169 566 3248; x_wconf 88' lang='lat' dir='ltr'>eguit</span> <span class='ocrx_word' id='word_1_375' title='bbox 577 3188 584 3228; x_wconf 92' lang='lat'>:</span> <span class='ocrx_word' id='word_1_376' title='bbox 596 3186 706 3231; x_wconf 81' lang='lat' dir='ltr'>vemm</span> <span class='ocrx_word' id='word_1_377' title='bbox 719 3170 784 3230; x_wconf 87' lang='lat' dir='ltr'>sola</span> <span class='ocrx_word' id='word_1_378' title='bbox 795 3171 932 3233; x_wconf 90' lang='lat' dir='ltr'>humana</span> <span class='ocrx_word' id='word_1_379' title='bbox 945 3171 1087 3233; x_wconf 90' lang='lat' dir='ltr'>substan-</span> <span class='ocrx_word' id='word_1_380' title='bbox 1137 3177 1259 3246; x_wconf 87' lang='lat' dir='ltr'>unctus,</span> <span class='ocrx_word' id='word_1_381' title='bbox 1274 3171 1360 3250; x_wconf 88' lang='lat' dir='ltr'>eguit</span> <span class='ocrx_word' id='word_1_382' title='bbox 1372 3172 1509 3250; x_wconf 87' lang='lat' dir='ltr'>prolecto</span> <span class='ocrx_word' id='word_1_383' title='bbox 1524 3173 1606 3232; x_wconf 89' lang='lat' dir='ltr'>Deus</span> <span class='ocrx_word' id='word_1_384' title='bbox 1624 3189 1717 3231; x_wconf 86' lang='lat' dir='ltr'>verus</span> <span class='ocrx_word' id='word_1_385' title='bbox 1734 3168 1889 3231; x_wconf 85' lang='lat' dir='ltr'>sanetifica-</span> 
     </span>
     <span class='ocr_line' id='line_1_32' title="bbox 320 3260 1889 3342; baseline 0 -22"><span class='ocrx_word' id='word_1_386' title='bbox 320 3260 375 3336; x_wconf 88' lang='lat' dir='ltr'>tla,</span> <span class='ocrx_word' id='word_1_387' title='bbox 391 3278 462 3341; x_wconf 83' lang='lat' dir='ltr'>que</span> <span class='ocrx_word' id='word_1_388' title='bbox 475 3266 599 3340; x_wconf 89' lang='lat' dir='ltr'>parsest</span> <span class='ocrx_word' id='word_1_389' title='bbox 608 3261 971 3339; x_wconf 81' lang='lat' dir='ltr'>Christi‚etextrinsecus</span> <span class='ocrx_word' id='word_1_390' title='bbox 984 3265 1089 3326; x_wconf 89' lang='lat' dir='ltr'>incar·</span> <span class='ocrx_word' id='word_1_391' title='bbox 1136 3262 1231 3324; x_wconf 88' lang='lat' dir='ltr'>tionis</span> <span class='ocrx_word' id='word_1_392' title='bbox 1245 3280 1387 3340; x_wconf 85' lang='lat' dir='ltr'>munere,</span> <span class='ocrx_word' id='word_1_393' title='bbox 1400 3264 1583 3342; x_wconf 89' lang='lat' dir='ltr'>priusquam</span> <span class='ocrx_word' id='word_1_394' title='bbox 1603 3265 1698 3324; x_wconf 90' lang='lat' dir='ltr'>homo</span> <span class='ocrx_word' id='word_1_395' title='bbox 1718 3280 1808 3324; x_wconf 87' lang='lat' dir='ltr'>verus</span> <span class='ocrx_word' id='word_1_396' title='bbox 1819 3262 1889 3321; x_wconf 86' lang='lat' dir='ltr'>iden</span> 
     </span>
     <span class='ocr_line' id='line_1_33' title="bbox 320 3354 1888 3435; baseline 0 -22"><span class='ocrx_word' id='word_1_397' title='bbox 320 3355 537 3414; x_wconf 79' lang='lat' dir='ltr'>ritiusensus.</span> <span class='ocrx_word' id='word_1_398' title='bbox 1138 3361 1314 3416; x_wconf 87' lang='lat' dir='ltr'>nasceretur</span> <span class='ocrx_word' id='word_1_399' title='bbox 1336 3356 1370 3416; x_wconf 93' lang='lat' dir='ltr'>in</span> <span class='ocrx_word' id='word_1_400' title='bbox 1398 3374 1499 3417; x_wconf 87' lang='lat' dir='ltr'>carne.</span> <span class='ocrx_word' id='word_1_401' title='bbox 1514 3376 1530 3413; x_wconf 81' lang='lat' dir='ltr'>a</span> <span class='ocrx_word' id='word_1_402' title='bbox 1546 3357 1635 3430; x_wconf 84' lang='lat' dir='ltr'>Quod</span> <span class='ocrx_word' id='word_1_403' title='bbox 1656 3363 1687 3417; x_wconf 88' lang='lat' dir='ltr'>et</span> <span class='ocrx_word' id='word_1_404' title='bbox 1708 3356 1743 3416; x_wconf 89' lang='lat' dir='ltr'>ln</span> <span class='ocrx_word' id='word_1_405' title='bbox 1764 3354 1888 3435; x_wconf 72' lang='lat' dir='ltr'>sarmenti</span> 
     </span>
    </p>

    <p class='ocr_par' dir='ltr' id='par_1_4' title="bbox 320 3445 1963 4633">
     <span class='ocr_line' id='line_1_34' title="bbox 361 3445 1589 3527; baseline 0.002 -21"><span class='ocrx_word' id='word_1_406' title='bbox 361 3447 478 3506; x_wconf 83' lang='lat' dir='ltr'>Rursus</span> <span class='ocrx_word' id='word_1_407' title='bbox 491 3445 526 3506; x_wconf 91' lang='lat' dir='ltr'>in</span> <span class='ocrx_word' id='word_1_408' title='bbox 540 3445 792 3525; x_wconf 87' lang='lat' dir='ltr'>epistolaprima‚</span> <span class='ocrx_word' id='word_1_409' title='bbox 809 3465 903 3526; x_wconf 90' lang='lat' dir='ltr'>quem</span> <span class='ocrx_word' id='word_1_410' title='bbox 921 3448 961 3509; x_wconf 86' lang='lat' dir='ltr'>od</span> <span class='ocrx_word' id='word_1_411' title='bbox 984 3449 1091 3511; x_wconf 83' lang='lat' dir='ltr'>Mona·</span> <span class='ocrx_word' id='word_1_412' title='bbox 1138 3447 1236 3527; x_wconf 88' lang='lat' dir='ltr'>eapite</span> <span class='ocrx_word' id='word_1_413' title='bbox 1251 3464 1320 3518; x_wconf 78' lang='lat' dir='ltr'>xm,</span> <span class='ocrx_word' id='word_1_414' title='bbox 1336 3448 1428 3508; x_wconf 89' lang='lat' dir='ltr'>latius</span> <span class='ocrx_word' id='word_1_415' title='bbox 1440 3447 1589 3508; x_wconf 90' lang='lat' dir='ltr'>edisserit.</span> 
     </span>
     <span class='ocr_line' id='line_1_35' title="bbox 320 3536 1889 3617; baseline 0.001 -19"><span class='ocrx_word' id='word_1_416' title='bbox 320 3536 385 3599; x_wconf 75' lang='lat' dir='ltr'>elios</span> <span class='ocrx_word' id='word_1_417' title='bbox 398 3538 519 3617; x_wconf 88' lang='lat' dir='ltr'>scripsit</span> <span class='ocrx_word' id='word_1_418' title='bbox 531 3543 638 3598; x_wconf 88' lang='lat' dir='ltr'>contra</span> <span class='ocrx_word' id='word_1_419' title='bbox 648 3539 779 3599; x_wconf 88' lang='lat' dir='ltr'>Nestorii</span> <span class='ocrx_word' id='word_1_420' title='bbox 791 3539 947 3616; x_wconf 77' lang='lat' dir='ltr'>heresim,</span> <span class='ocrx_word' id='word_1_421' title='bbox 957 3540 1041 3602; x_wconf 90' lang='lat' dir='ltr'>idem</span> <span class='ocrx_word' id='word_1_422' title='bbox 1051 3544 1088 3603; x_wconf 89' lang='lat' dir='ltr'>de</span> <span class='ocrx_word' id='word_1_423' title='bbox 1178 3540 1385 3601; x_wconf 87' lang='lat' dir='ltr'>Tertullianus</span> <span class='ocrx_word' id='word_1_424' title='bbox 1393 3540 1469 3600; x_wconf 89' lang='lat' dir='ltr'>item</span> <span class='ocrx_word' id='word_1_425' title='bbox 1481 3539 1562 3601; x_wconf 89' lang='lat' dir='ltr'>libro</span> <span class='ocrx_word' id='word_1_426' title='bbox 1571 3541 1665 3601; x_wconf 85' lang='lat' dir='ltr'>tertio</span> <span class='ocrx_word' id='word_1_427' title='bbox 1673 3540 1810 3602; x_wconf 69' lang='lat' dir='ltr'>odoerm</span> <span class='ocrx_word' id='word_1_428' title='bbox 1817 3540 1889 3602; x_wconf 77' lang='lat' dir='ltr'>Mar·</span> 
     </span>
     <span class='ocr_line' id='line_1_36' title="bbox 322 3630 1887 3711; baseline 0.004 -21"><span class='ocrx_word' id='word_1_429' title='bbox 322 3630 432 3690; x_wconf 83' lang='lat' dir='ltr'>Christi</span> <span class='ocrx_word' id='word_1_430' title='bbox 445 3631 573 3690; x_wconf 89' lang='lat' dir='ltr'>nomine</span> <span class='ocrx_word' id='word_1_431' title='bbox 587 3634 618 3690; x_wconf 89' lang='lat' dir='ltr'>et</span> <span class='ocrx_word' id='word_1_432' title='bbox 638 3632 785 3691; x_wconf 87' lang='lat' dir='ltr'>unctione</span> <span class='ocrx_word' id='word_1_433' title='bbox 808 3646 872 3691; x_wconf 91' lang='lat' dir='ltr'>non</span> <span class='ocrx_word' id='word_1_434' title='bbox 895 3631 1020 3711; x_wconf 75' lang='lat' dir='ltr'>divine,</span> <span class='ocrx_word' id='word_1_435' title='bbox 1035 3636 1088 3695; x_wconf 89' lang='lat' dir='ltr'>sed</span> <span class='ocrx_word' id='word_1_436' title='bbox 1138 3633 1366 3711; x_wconf 82' lang='lat' dir='ltr'>cionem‚capite</span> <span class='ocrx_word' id='word_1_437' title='bbox 1380 3648 1436 3708; x_wconf 86' lang='lat' dir='ltr'>xv,</span> <span class='ocrx_word' id='word_1_438' title='bbox 1451 3633 1634 3693; x_wconf 77' lang='lat' dir='ltr'>haereticum</span> <span class='ocrx_word' id='word_1_439' title='bbox 1655 3632 1887 3696; x_wconf 84' lang='lat' dir='ltr'>hunerelelleus.</span> 
     </span>
     <span class='ocr_line' id='line_1_37' title="bbox 321 3719 1889 3805; baseline 0.003 -24"><span class='ocrx_word' id='word_1_440' title='bbox 321 3722 469 3782; x_wconf 74' lang='lat' dir='ltr'>humane</span> <span class='ocrx_word' id='word_1_441' title='bbox 496 3719 674 3781; x_wconf 77' lang='lat' dir='ltr'>substantie</span> <span class='ocrx_word' id='word_1_442' title='bbox 701 3722 888 3783; x_wconf 81' lang='lat' dir='ltr'>confirmat:</span> <span class='ocrx_word' id='word_1_443' title='bbox 911 3727 1087 3805; x_wconf 88' lang='lat' dir='ltr'>etquidem</span> <span class='ocrx_word' id='word_1_444' title='bbox 1138 3726 1192 3805; x_wconf 90' lang='lat' dir='ltr'>qui</span> <span class='ocrx_word' id='word_1_445' title='bbox 1205 3722 1889 3803; x_wconf 84' lang='lat' dir='ltr'>Christumduplicemconstituebat‚ethomtu</span> 
     </span>
     <span class='ocr_line' id='line_1_38' title="bbox 322 3813 1891 3896; baseline -0.001 -22"><span class='ocrx_word' id='word_1_446' title='bbox 322 3826 458 3896; x_wconf 69' lang='grc' dir='ltr'>γραμμικῇ,</span> <span class='ocrx_word' id='word_1_447' title='bbox 475 3820 511 3873; x_wconf 92' lang='lat' dir='ltr'>ut</span> <span class='ocrx_word' id='word_1_448' title='bbox 522 3814 618 3874; x_wconf 79' lang='lat' dir='ltr'>Greci</span> <span class='ocrx_word' id='word_1_449' title='bbox 633 3813 814 3893; x_wconf 90' lang='lat' dir='ltr'>loquuntur,</span> <span class='ocrx_word' id='word_1_450' title='bbox 831 3823 960 3886; x_wconf 75' lang='grc' dir='ltr'>ἀαόδειξει.</span> <span class='ocrx_word' id='word_1_451' title='bbox 978 3819 1088 3880; x_wconf 85' lang='lat' dir='ltr'>Nomai</span> <span class='ocrx_word' id='word_1_452' title='bbox 1138 3817 1360 3877; x_wconf 78' lang='lat' dir='ltr'>alterumverae</span> <span class='ocrx_word' id='word_1_453' title='bbox 1374 3815 1474 3876; x_wconf 83' lang='lat' dir='ltr'>carnis</span> <span class='ocrx_word' id='word_1_454' title='bbox 1484 3821 1655 3894; x_wconf 83' lang='lat' dir='ltr'>expertem,</span> <span class='ocrx_word' id='word_1_455' title='bbox 1667 3818 1779 3896; x_wconf 84' lang='lat' dir='ltr'>exipso</span> <span class='ocrx_word' id='word_1_456' title='bbox 1789 3814 1891 3878; x_wconf 80' lang='lat' dir='ltr'>Ctrr&#39;tti</span> 
     </span>
     <span class='ocr_line' id='line_1_39' title="bbox 324 3905 1888 3986; baseline -0.001 -19"><span class='ocrx_word' id='word_1_457' title='bbox 324 3906 474 3981; x_wconf 85' lang='lat' dir='ltr'>Verbum,</span> <span class='ocrx_word' id='word_1_458' title='bbox 502 3905 626 3985; x_wconf 89' lang='lat' dir='ltr'>quando</span> <span class='ocrx_word' id='word_1_459' title='bbox 656 3908 821 3985; x_wconf 87' lang='lat' dir='ltr'>assumpsit</span> <span class='ocrx_word' id='word_1_460' title='bbox 852 3908 1024 3986; x_wconf 83' lang='lat' dir='ltr'>hominem,</span> <span class='ocrx_word' id='word_1_461' title='bbox 1055 3912 1088 3971; x_wconf 92' lang='lat' dir='ltr'>in</span> <span class='ocrx_word' id='word_1_462' title='bbox 1138 3908 1288 3969; x_wconf 89' lang='lat' dir='ltr'>vocabulo</span> <span class='ocrx_word' id='word_1_463' title='bbox 1303 3926 1377 3969; x_wconf 86' lang='lat' dir='ltr'>aum</span> <span class='ocrx_word' id='word_1_464' title='bbox 1390 3907 1573 3985; x_wconf 82' lang='lat' dir='ltr'>redarguit:</span> <span class='ocrx_word' id='word_1_465' title='bbox 1593 3928 1608 3964; x_wconf 84' lang='lat' dir='ltr'>a</span> <span class='ocrx_word' id='word_1_466' title='bbox 1622 3909 1655 3968; x_wconf 91' lang='lat' dir='ltr'>Si</span> <span class='ocrx_word' id='word_1_467' title='bbox 1669 3910 1755 3969; x_wconf 90' lang='lat' dir='ltr'>enim</span> <span class='ocrx_word' id='word_1_468' title='bbox 1768 3906 1888 3969; x_wconf 86' lang='lat' dir='ltr'>Christus</span> 
     </span>
     <span class='ocr_line' id='line_1_40' title="bbox 322 3998 1963 4079; baseline -0.001 -20"><span class='ocrx_word' id='word_1_469' title='bbox 322 3999 457 4079; x_wconf 87' lang='lat' dir='ltr'>propria,</span> <span class='ocrx_word' id='word_1_470' title='bbox 473 3998 642 4078; x_wconf 87' lang='lat' dir='ltr'>divinaque</span> <span class='ocrx_word' id='word_1_471' title='bbox 664 3998 834 4060; x_wconf 89' lang='lat' dir='ltr'>substantia</span> <span class='ocrx_word' id='word_1_472' title='bbox 857 4008 936 4061; x_wconf 88' lang='lat' dir='ltr'>esset</span> <span class='ocrx_word' id='word_1_473' title='bbox 959 4007 1088 4063; x_wconf 72' lang='lat' dir='ltr'>alnetum</span> <span class='ocrx_word' id='word_1_474' title='bbox 1139 4006 1251 4062; x_wconf 79' lang='lat' dir='ltr'>unctus</span> <span class='ocrx_word' id='word_1_475' title='bbox 1265 4007 1320 4077; x_wconf 88' lang='lat' dir='ltr'>est,</span> <span class='ocrx_word' id='word_1_476' title='bbox 1338 4000 1392 4077; x_wconf 83' lang='lat' dir='ltr'>ait,</span> <span class='ocrx_word' id='word_1_477' title='bbox 1427 4000 1636 4078; x_wconf 84' lang='lat' dir='ltr'>unguiutiqae</span> <span class='ocrx_word' id='word_1_478' title='bbox 1656 4001 1792 4079; x_wconf 86' lang='lat' dir='ltr'>eorporis</span> <span class='ocrx_word' id='word_1_479' title='bbox 1802 3999 1887 4079; x_wconf 84' lang='lat' dir='ltr'>passio</span> <span class='ocrx_word' id='word_1_480' title='bbox 1962 4001 1963 4004; x_wconf 75' lang='grc'>’</span> 
     </span>
     <span class='ocr_line' id='line_1_41' title="bbox 324 4091 1888 4172; baseline 0.001 -20"><span class='ocrx_word' id='word_1_481' title='bbox 324 4091 443 4172; x_wconf 85' lang='lat' dir='ltr'>Spiritu</span> <span class='ocrx_word' id='word_1_482' title='bbox 456 4097 573 4167; x_wconf 84' lang='lat' dir='ltr'>sancto,</span> <span class='ocrx_word' id='word_1_483' title='bbox 592 4092 749 4166; x_wconf 81' lang='lat' dir='ltr'>unctione,</span> <span class='ocrx_word' id='word_1_484' title='bbox 765 4110 800 4152; x_wconf 91' lang='lat' dir='ltr'>ao</span> <span class='ocrx_word' id='word_1_485' title='bbox 816 4093 976 4155; x_wconf 79' lang='lat' dir='ltr'>sanctitate</span> <span class='ocrx_word' id='word_1_486' title='bbox 989 4112 1045 4172; x_wconf 90' lang='lat' dir='ltr'>per</span> <span class='ocrx_word' id='word_1_487' title='bbox 1057 4113 1088 4155; x_wconf 88' lang='lat' dir='ltr'>se</span> <span class='ocrx_word' id='word_1_488' title='bbox 1140 4099 1196 4154; x_wconf 85' lang='lat' dir='ltr'>est.</span> <span class='ocrx_word' id='word_1_489' title='bbox 1212 4094 1271 4167; x_wconf 88' lang='lat' dir='ltr'>Qui</span> <span class='ocrx_word' id='word_1_490' title='bbox 1291 4108 1402 4171; x_wconf 88' lang='lat' dir='ltr'>corpus</span> <span class='ocrx_word' id='word_1_491' title='bbox 1421 4104 1486 4152; x_wconf 90' lang='lat' dir='ltr'>non</span> <span class='ocrx_word' id='word_1_492' title='bbox 1508 4092 1628 4165; x_wconf 86' lang='lat' dir='ltr'>habuit,</span> <span class='ocrx_word' id='word_1_493' title='bbox 1653 4094 1754 4171; x_wconf 88' lang='lat' dir='ltr'>ungui</span> <span class='ocrx_word' id='word_1_494' title='bbox 1777 4091 1888 4153; x_wconf 83' lang='lat' dir='ltr'>omniuo</span> 
     </span>
     <span class='ocr_line' id='line_1_42' title="bbox 321 4183 1887 4265; baseline 0.001 -22"><span class='ocrx_word' id='word_1_495' title='bbox 321 4186 424 4264; x_wconf 87' lang='lat' dir='ltr'>ipsum</span> <span class='ocrx_word' id='word_1_496' title='bbox 436 4184 707 4263; x_wconf 71' lang='lat' dir='ltr'>indigereeaaqae</span> <span class='ocrx_word' id='word_1_497' title='bbox 719 4202 753 4244; x_wconf 91' lang='lat' dir='ltr'>re</span> <span class='ocrx_word' id='word_1_498' title='bbox 768 4183 895 4245; x_wconf 84' lang='lat' dir='ltr'>iuferius</span> <span class='ocrx_word' id='word_1_499' title='bbox 908 4190 987 4245; x_wconf 89' lang='lat' dir='ltr'>esset</span> <span class='ocrx_word' id='word_1_500' title='bbox 999 4204 1090 4247; x_wconf 89' lang='lat' dir='ltr'>sauc-</span> <span class='ocrx_word' id='word_1_501' title='bbox 1140 4202 1205 4246; x_wconf 90' lang='lat' dir='ltr'>nou</span> <span class='ocrx_word' id='word_1_502' title='bbox 1222 4185 1333 4265; x_wconf 88' lang='lat' dir='ltr'>potuit.</span> <span class='ocrx_word' id='word_1_503' title='bbox 1359 4186 1417 4258; x_wconf 88' lang='lat' dir='ltr'>Qui</span> <span class='ocrx_word' id='word_1_504' title='bbox 1433 4185 1533 4264; x_wconf 88' lang='lat' dir='ltr'>ungui</span> <span class='ocrx_word' id='word_1_505' title='bbox 1550 4185 1681 4245; x_wconf 90' lang='lat' dir='ltr'>omnino</span> <span class='ocrx_word' id='word_1_506' title='bbox 1709 4200 1773 4246; x_wconf 88' lang='lat' dir='ltr'>non</span> <span class='ocrx_word' id='word_1_507' title='bbox 1790 4183 1887 4264; x_wconf 78' lang='lat' dir='ltr'>pottdt</span> 
     </span>
     <span class='ocr_line' id='line_1_43' title="bbox 320 4275 1888 4357; baseline 0.001 -22"><span class='ocrx_word' id='word_1_508' title='bbox 320 4278 456 4337; x_wconf 89' lang='lat' dir='ltr'>titicante</span> <span class='ocrx_word' id='word_1_509' title='bbox 485 4276 602 4354; x_wconf 83' lang='lat' dir='ltr'>Spiritu</span> <span class='ocrx_word' id='word_1_510' title='bbox 620 4295 627 4336; x_wconf 91' lang='lat'><strong>:</strong></span> <span class='ocrx_word' id='word_1_511' title='bbox 644 4294 683 4336; x_wconf 83' lang='lat' dir='ltr'>ex</span> <span class='ocrx_word' id='word_1_512' title='bbox 704 4294 767 4355; x_wconf 93' lang='lat' dir='ltr'>quo</span> <span class='ocrx_word' id='word_1_513' title='bbox 788 4281 820 4337; x_wconf 90' lang='lat' dir='ltr'>et</span> <span class='ocrx_word' id='word_1_514' title='bbox 843 4275 881 4337; x_wconf 89' lang='lat' dir='ltr'>de</span> <span class='ocrx_word' id='word_1_515' title='bbox 900 4278 988 4338; x_wconf 89' lang='lat' dir='ltr'>Patre</span> <span class='ocrx_word' id='word_1_516' title='bbox 1007 4278 1090 4339; x_wconf 90' lang='lat' dir='ltr'>idem</span> <span class='ocrx_word' id='word_1_517' title='bbox 1140 4279 1280 4339; x_wconf 88' lang='lat' dir='ltr'>Christus</span> <span class='ocrx_word' id='word_1_518' title='bbox 1294 4277 1397 4338; x_wconf 85' lang='lat' dir='ltr'>vocari</span> <span class='ocrx_word' id='word_1_519' title='bbox 1409 4276 1495 4337; x_wconf 89' lang='lat' dir='ltr'>nullo</span> <span class='ocrx_word' id='word_1_520' title='bbox 1510 4278 1602 4337; x_wconf 91' lang='lat' dir='ltr'>modo</span> <span class='ocrx_word' id='word_1_521' title='bbox 1616 4277 1728 4357; x_wconf 89' lang='lat' dir='ltr'>potuit.</span> <span class='ocrx_word' id='word_1_522' title='bbox 1743 4276 1828 4339; x_wconf 78' lang='lat' dir='ltr'>uliud</span> <span class='ocrx_word' id='word_1_523' title='bbox 1839 4280 1888 4347; x_wconf 86' lang='lat' dir='ltr'>est,</span> 
     </span>
     <span class='ocr_line' id='line_1_44' title="bbox 320 4367 1888 4449; baseline -0.002 -20"><span class='ocrx_word' id='word_1_524' title='bbox 320 4372 399 4429; x_wconf 87' lang='lat' dir='ltr'>esset</span> <span class='ocrx_word' id='word_1_525' title='bbox 412 4382 614 4447; x_wconf 86' lang='lat' dir='ltr'>consequeus.</span> <span class='ocrx_word' id='word_1_526' title='bbox 631 4368 793 4447; x_wconf 87' lang='lat' dir='ltr'>Siquidem</span> <span class='ocrx_word' id='word_1_527' title='bbox 807 4368 839 4429; x_wconf 92' lang='lat' dir='ltr'>id</span> <span class='ocrx_word' id='word_1_528' title='bbox 853 4370 937 4449; x_wconf 91' lang='lat' dir='ltr'>quod</span> <span class='ocrx_word' id='word_1_529' title='bbox 959 4368 1091 4431; x_wconf 83' lang='lat' dir='ltr'>sanctifi·</span> <span class='ocrx_word' id='word_1_530' title='bbox 1138 4371 1164 4431; x_wconf 89' lang='lat' dir='ltr'>si</span> <span class='ocrx_word' id='word_1_531' title='bbox 1190 4377 1221 4431; x_wconf 92' lang='lat' dir='ltr'>et</span> <span class='ocrx_word' id='word_1_532' title='bbox 1240 4369 1376 4430; x_wconf 89' lang='lat' dir='ltr'>nominis</span> <span class='ocrx_word' id='word_1_533' title='bbox 1401 4370 1586 4449; x_wconf 84' lang='lat' dir='ltr'>phantasma</span> <span class='ocrx_word' id='word_1_534' title='bbox 1607 4369 1773 4436; x_wconf 80' lang='lat' dir='ltr'>affectavit.</span> <span class='ocrx_word' id='word_1_535' title='bbox 1799 4390 1814 4425; x_wconf 75' lang='grc' dir='ltr'><strong>ο</strong></span> <span class='ocrx_word' id='word_1_536' title='bbox 1840 4367 1888 4426; x_wconf 88' lang='lat' dir='ltr'>Hic</span> 
     </span>
     <span class='ocr_line' id='line_1_45' title="bbox 320 4457 1884 4540; baseline 0.001 -19"><span class='ocrx_word' id='word_1_537' title='bbox 320 4466 379 4535; x_wconf 89' lang='lat' dir='ltr'>cat,</span> <span class='ocrx_word' id='word_1_538' title='bbox 396 4479 433 4521; x_wconf 92' lang='lat' dir='ltr'>eo</span> <span class='ocrx_word' id='word_1_539' title='bbox 445 4460 637 4539; x_wconf 79' lang='lat' dir='ltr'>prestantius</span> <span class='ocrx_word' id='word_1_540' title='bbox 652 4466 707 4530; x_wconf 90' lang='lat' dir='ltr'>est,</span> <span class='ocrx_word' id='word_1_541' title='bbox 724 4461 806 4540; x_wconf 84' lang='lat' dir='ltr'>qaod</span> <span class='ocrx_word' id='word_1_542' title='bbox 822 4461 1038 4523; x_wconf 78' lang='lat' dir='ltr'>sanctificatur.</span> <span class='ocrx_word' id='word_1_543' title='bbox 1050 4464 1091 4523; x_wconf 80' lang='lat' dir='ltr'>At</span> <span class='ocrx_word' id='word_1_544' title='bbox 1138 4462 1348 4524; x_wconf 85' lang='lat' dir='ltr'>Tertullianus</span> <span class='ocrx_word' id='word_1_545' title='bbox 1374 4462 1495 4522; x_wconf 86' lang='lat' dir='ltr'>videtur</span> <span class='ocrx_word' id='word_1_546' title='bbox 1528 4460 1708 4522; x_wconf 83' lang='lat' dir='ltr'>unctionem</span> <span class='ocrx_word' id='word_1_547' title='bbox 1739 4457 1884 4540; x_wconf 86' lang='lat' dir='ltr'>ejusmodi,</span> 
     </span>
     <span class='ocr_line' id='line_1_46' title="bbox 320 4553 1888 4633; baseline -0.004 -18"><span class='ocrx_word' id='word_1_548' title='bbox 320 4555 397 4615; x_wconf 91' lang='lat' dir='ltr'>illud</span> <span class='ocrx_word' id='word_1_549' title='bbox 409 4553 577 4615; x_wconf 89' lang='lat' dir='ltr'>absurdum</span> <span class='ocrx_word' id='word_1_550' title='bbox 599 4559 656 4616; x_wconf 89' lang='lat' dir='ltr'>est.</span> <span class='ocrx_word' id='word_1_551' title='bbox 676 4574 692 4612; x_wconf 86' lang='lat' dir='ltr'>o</span> <span class='ocrx_word' id='word_1_552' title='bbox 710 4554 830 4633; x_wconf 84' lang='lat' dir='ltr'>Quippe</span> <span class='ocrx_word' id='word_1_553' title='bbox 852 4559 966 4615; x_wconf 89' lang='lat' dir='ltr'>natura</span> <span class='ocrx_word' id='word_1_554' title='bbox 986 4563 1090 4617; x_wconf 85' lang='lat' dir='ltr'>sancta</span> <span class='ocrx_word' id='word_1_555' title='bbox 1138 4556 1222 4616; x_wconf 85' lang='lat' dir='ltr'>unde</span> <span class='ocrx_word' id='word_1_556' title='bbox 1237 4553 1346 4615; x_wconf 87' lang='lat' dir='ltr'>Christi</span> <span class='ocrx_word' id='word_1_557' title='bbox 1364 4571 1481 4613; x_wconf 92' lang='lat' dir='ltr'>nomen</span> <span class='ocrx_word' id='word_1_558' title='bbox 1499 4559 1672 4633; x_wconf 88' lang='lat' dir='ltr'>sumptum,</span> <span class='ocrx_word' id='word_1_559' title='bbox 1687 4554 1888 4627; x_wconf 74' lang='lat' dir='ltr'>exaaama</span> 
     </span>
    </p>
   </div>
   <div class='ocr_carea' id='block_1_3' title="bbox 319 4744 1888 5405">
    <p class='ocr_par' dir='ltr' id='par_1_5' title="bbox 319 4744 1888 4987">
     <span class='ocr_line' id='line_1_47' title="bbox 319 4744 1887 4823; baseline -0.002 -22"><span class='ocrx_word' id='word_1_560' title='bbox 319 4748 554 4821; x_wconf 61' lang='lat' dir='ltr'>aasvtpaaoaaat</span> <span class='ocrx_word' id='word_1_561' title='bbox 567 4752 611 4815; x_wconf 77' lang='grc' dir='ltr'>τῆς</span> <span class='ocrx_word' id='word_1_562' title='bbox 622 4749 729 4821; x_wconf 75' lang='grc' dir='ltr'>μεγάλης</span> <span class='ocrx_word' id='word_1_563' title='bbox 745 4749 836 4820; x_wconf 79' lang='grc' dir='ltr'><strong>βουλῆς</strong></span> <span class='ocrx_word' id='word_1_564' title='bbox 850 4750 953 4822; x_wconf 75' lang='grc' dir='ltr'>αίφῃιεν</span> <span class='ocrx_word' id='word_1_565' title='bbox 973 4749 1086 4822; x_wconf 74' lang='grc' dir='ltr'>ἅγγελος,</span> <span class='ocrx_word' id='word_1_566' title='bbox 1136 4751 1251 4822; x_wconf 63' lang='lat' dir='ltr'>lineata</span> <span class='ocrx_word' id='word_1_567' title='bbox 1263 4747 1291 4802; x_wconf 78' lang='lat' dir='ltr'>ot</span> <span class='ocrx_word' id='word_1_568' title='bbox 1310 4748 1358 4823; x_wconf 66' lang='grc' dir='ltr'>γὰρ</span> <span class='ocrx_word' id='word_1_569' title='bbox 1373 4749 1500 4821; x_wconf 77' lang='grc' dir='ltr'>κέχριαται</span> <span class='ocrx_word' id='word_1_570' title='bbox 1513 4749 1568 4802; x_wconf 84' lang='grc' dir='ltr'>κατ’</span> <span class='ocrx_word' id='word_1_571' title='bbox 1593 4746 1655 4802; x_wconf 72' lang='grc' dir='ltr'>ἰδίαν</span> <span class='ocrx_word' id='word_1_572' title='bbox 1674 4748 1744 4820; x_wconf 67' lang='lat' dir='ltr'>plora</span> <span class='ocrx_word' id='word_1_573' title='bbox 1764 4748 1812 4809; x_wconf 66' lang='lat' dir='ltr'>tcta</span> <span class='ocrx_word' id='word_1_574' title='bbox 1827 4744 1887 4798; x_wconf 72' lang='lat' dir='ltr'>dcl</span> 
     </span>
     <span class='ocr_line' id='line_1_48' title="bbox 321 4828 1888 4905; baseline -0.001 -18"><span class='ocrx_word' id='word_1_575' title='bbox 321 4831 390 4888; x_wconf 80' lang='lat' dir='ltr'>Vide</span> <span class='ocrx_word' id='word_1_576' title='bbox 404 4838 433 4888; x_wconf 85' lang='lat' dir='ltr'>et</span> <span class='ocrx_word' id='word_1_577' title='bbox 447 4847 509 4902; x_wconf 83' lang='lat' dir='ltr'>pag.</span> <span class='ocrx_word' id='word_1_578' title='bbox 526 4847 603 4902; x_wconf 76' lang='lat' dir='ltr'>seqq.</span> <span class='ocrx_word' id='word_1_579' title='bbox 1135 4833 1218 4905; x_wconf 76' lang='grc' dir='ltr'><strong>λόγος.</strong></span> <span class='ocrx_word' id='word_1_580' title='bbox 1229 4832 1314 4905; x_wconf 76' lang='grc' dir='ltr'><strong>γέγονε</strong></span> <span class='ocrx_word' id='word_1_581' title='bbox 1328 4829 1354 4885; x_wconf 71' lang='grc' dir='ltr'>δὲ</span> <span class='ocrx_word' id='word_1_582' title='bbox 1366 4832 1461 4904; x_wconf 65' lang='grc' dir='ltr'><strong>μᾶλλον</strong></span> <span class='ocrx_word' id='word_1_583' title='bbox 1480 4831 1587 4905; x_wconf 75' lang='grc' dir='ltr'>ἧχρίοις</span> <span class='ocrx_word' id='word_1_584' title='bbox 1604 4830 1674 4886; x_wconf 70' lang='lat' dir='ltr'>adab</span> <span class='ocrx_word' id='word_1_585' title='bbox 1691 4834 1746 4905; x_wconf 74' lang='grc' dir='ltr'>περὶ</span> <span class='ocrx_word' id='word_1_586' title='bbox 1762 4832 1789 4886; x_wconf 75' lang='lat' dir='ltr'>rb</span> <span class='ocrx_word' id='word_1_587' title='bbox 1805 4828 1888 4899; x_wconf 62' lang='grc' dir='ltr'>Μού-</span> 
     </span>
     <span class='ocr_line' id='line_1_49' title="bbox 356 4914 1216 4987; baseline -0.001 -17"><span class='ocrx_word' id='word_1_588' title='bbox 356 4931 377 4970; x_wconf 84' lang='grc' dir='ltr'>α</span> <span class='ocrx_word' id='word_1_589' title='bbox 395 4914 453 4971; x_wconf 85' lang='lat' dir='ltr'>Lib.</span> <span class='ocrx_word' id='word_1_590' title='bbox 470 4915 493 4970; x_wconf 88' lang='lat' dir='ltr'>tl</span> <span class='ocrx_word' id='word_1_591' title='bbox 510 4921 615 4970; x_wconf 76' lang='lat' dir='ltr'>scutra</span> <span class='ocrx_word' id='word_1_592' title='bbox 625 4917 701 4971; x_wconf 73' lang='lat' dir='ltr'>Neri.</span> <span class='ocrx_word' id='word_1_593' title='bbox 715 4915 749 4969; x_wconf 77' lang='lat' dir='ltr'>it</span> <span class='ocrx_word' id='word_1_594' title='bbox 763 4916 827 4987; x_wconf 66' lang='lat' dir='ltr'>sip</span> <span class='ocrx_word' id='word_1_595' title='bbox 841 4915 1036 4987; x_wconf 75' lang='grc' dir='ltr'>Χριοτδςόνομά</span> <span class='ocrx_word' id='word_1_596' title='bbox 1050 4934 1087 4979; x_wconf 82' lang='grc' dir='ltr'>τε,</span> <span class='ocrx_word' id='word_1_597' title='bbox 1135 4934 1216 4970; x_wconf 70' lang='lat' dir='ltr'>atuor.</span> 
     </span>
    </p>

    <p class='ocr_par' dir='ltr' id='par_1_6' title="bbox 319 4993 1885 5405">
     <span class='ocr_line' id='line_1_50' title="bbox 319 4993 1885 5071; baseline -0.002 -20"><span class='ocrx_word' id='word_1_598' title='bbox 319 4998 361 5051; x_wconf 78' lang='grc' dir='ltr'>καὶ</span> <span class='ocrx_word' id='word_1_599' title='bbox 375 5003 461 5071; x_wconf 77' lang='grc' dir='ltr'>χρῆμα</span> <span class='ocrx_word' id='word_1_600' title='bbox 473 4999 561 5070; x_wconf 78' lang='grc' dir='ltr'>πρέποι</span> <span class='ocrx_word' id='word_1_601' title='bbox 573 5000 601 5051; x_wconf 76' lang='grc' dir='ltr'>ἂν</span> <span class='ocrx_word' id='word_1_602' title='bbox 615 4997 671 5052; x_wconf 88' lang='grc' dir='ltr'>κατ’</span> <span class='ocrx_word' id='word_1_603' title='bbox 689 4997 777 5053; x_wconf 71' lang='lat' dir='ltr'>editae</span> <span class='ocrx_word' id='word_1_604' title='bbox 791 5000 883 5070; x_wconf 78' lang='grc' dir='ltr'><strong>τρὸπον</strong></span> <span class='ocrx_word' id='word_1_605' title='bbox 901 5004 938 5071; x_wconf 80' lang='grc' dir='ltr'>τῷ</span> <span class='ocrx_word' id='word_1_606' title='bbox 956 4998 982 5052; x_wconf 71' lang='grc' dir='ltr'>ἐκ</span> <span class='ocrx_word' id='word_1_607' title='bbox 997 4999 1088 5071; x_wconf 68' lang='grc' dir='ltr'>πατρόὶ</span> <span class='ocrx_word' id='word_1_608' title='bbox 1172 4999 1189 5054; x_wconf 84' lang='lat' dir='ltr'>b</span> <span class='ocrx_word' id='word_1_609' title='bbox 1207 5000 1316 5055; x_wconf 75' lang='lat' dir='ltr'>Crustu.</span> <span class='ocrx_word' id='word_1_610' title='bbox 1329 4996 1371 5054; x_wconf 78' lang='lat' dir='ltr'>(td</span> <span class='ocrx_word' id='word_1_611' title='bbox 1384 5002 1461 5054; x_wconf 78' lang='lat' dir='ltr'>Ilion.</span> <span class='ocrx_word' id='word_1_612' title='bbox 1486 4996 1557 5069; x_wconf 73' lang='lat' dir='ltr'>‘li-sle</span> <span class='ocrx_word' id='word_1_613' title='bbox 1568 4996 1615 5069; x_wconf 72' lang='grc' dir='ltr'>γὰρ</span> <span class='ocrx_word' id='word_1_614' title='bbox 1629 4997 1770 5068; x_wconf 66' lang='lat' dir='ltr'>scriptioni</span> <span class='ocrx_word' id='word_1_615' title='bbox 1782 4993 1885 5065; x_wconf 71' lang='lat' dir='ltr'>liperi-</span> 
     </span>
     <span class='ocr_line' id='line_1_51' title="bbox 321 5074 1884 5155; baseline -0.003 -21"><span class='ocrx_word' id='word_1_616' title='bbox 321 5082 373 5135; x_wconf 81' lang='grc' dir='ltr'>ὄντι</span> <span class='ocrx_word' id='word_1_617' title='bbox 386 5082 456 5154; x_wconf 78' lang='grc' dir='ltr'>λόγῳ</span> <span class='ocrx_word' id='word_1_618' title='bbox 465 5086 562 5153; x_wconf 78' lang='grc' dir='ltr'>γυμνῷ,</span> <span class='ocrx_word' id='word_1_619' title='bbox 581 5081 621 5133; x_wconf 77' lang='grc' dir='ltr'>καὶ</span> <span class='ocrx_word' id='word_1_620' title='bbox 630 5081 683 5134; x_wconf 79' lang='grc' dir='ltr'>καθ’</span> <span class='ocrx_word' id='word_1_621' title='bbox 701 5080 798 5149; x_wconf 74' lang='grc' dir='ltr'>ἑαυτὸν,</span> <span class='ocrx_word' id='word_1_622' title='bbox 808 5083 848 5135; x_wconf 77' lang='grc' dir='ltr'>καὶ</span> <span class='ocrx_word' id='word_1_623' title='bbox 861 5081 909 5150; x_wconf 79' lang='grc' dir='ltr'>ἔξω</span> <span class='ocrx_word' id='word_1_624' title='bbox 927 5082 1014 5154; x_wconf 72' lang='grc' dir='ltr'>σαρκὸς</span> <span class='ocrx_word' id='word_1_625' title='bbox 1029 5083 1088 5153; x_wconf 73' lang='grc' dir='ltr'>πρὸς</span> <span class='ocrx_word' id='word_1_626' title='bbox 1135 5103 1187 5144; x_wconf 68' lang='lat' dir='ltr'>oro&lt;</span> <span class='ocrx_word' id='word_1_627' title='bbox 1196 5082 1271 5155; x_wconf 78' lang='grc' dir='ltr'>τρίας·</span> <span class='ocrx_word' id='word_1_628' title='bbox 1285 5083 1354 5152; x_wconf 74' lang='grc' dir='ltr'>ἅγιος</span> <span class='ocrx_word' id='word_1_629' title='bbox 1367 5081 1481 5152; x_wconf 75' lang='grc' dir='ltr'>δαατὴρ,</span> <span class='ocrx_word' id='word_1_630' title='bbox 1492 5082 1561 5152; x_wconf 75' lang='grc' dir='ltr'>ἅγιος</span> <span class='ocrx_word' id='word_1_631' title='bbox 1570 5083 1610 5134; x_wconf 84' lang='grc' dir='ltr'>καὶ</span> <span class='ocrx_word' id='word_1_632' title='bbox 1624 5081 1699 5145; x_wconf 68' lang='grc' dir='ltr'>δαῖος</span> <span class='ocrx_word' id='word_1_633' title='bbox 1708 5074 1884 5140; x_wconf 53' lang='lat' dir='ltr'>obtinebam&amp;</span> 
     </span>
     <span class='ocr_line' id='line_1_52' title="bbox 319 5161 1883 5238; baseline -0.003 -21"><span class='ocrx_word' id='word_1_634' title='bbox 319 5165 391 5238; x_wconf 73' lang='grc' dir='ltr'>ἡμῶν</span> <span class='ocrx_word' id='word_1_635' title='bbox 405 5165 542 5236; x_wconf 81' lang='grc' dir='ltr'><strong>νοουμένῳ.</strong></span> <span class='ocrx_word' id='word_1_636' title='bbox 556 5162 577 5215; x_wconf 84' lang='grc' dir='ltr'>εἰ</span> <span class='ocrx_word' id='word_1_637' title='bbox 588 5163 614 5216; x_wconf 78' lang='grc' dir='ltr'>δὲ</span> <span class='ocrx_word' id='word_1_638' title='bbox 624 5163 653 5231; x_wconf 79' lang='grc' dir='ltr'>δὴ</span> <span class='ocrx_word' id='word_1_639' title='bbox 663 5164 762 5236; x_wconf 77' lang='grc' dir='ltr'>λίγοιτο</span> <span class='ocrx_word' id='word_1_640' title='bbox 776 5165 881 5219; x_wconf 75' lang='grc' dir='ltr'>κενῶσαι(</span> <span class='ocrx_word' id='word_1_641' title='bbox 890 5184 916 5219; x_wconf 81' lang='grc' dir='ltr'>τε</span> <span class='ocrx_word' id='word_1_642' title='bbox 933 5165 1028 5231; x_wconf 75' lang='grc' dir='ltr'>ἑαυτὸν,</span> <span class='ocrx_word' id='word_1_643' title='bbox 1044 5184 1088 5228; x_wconf 84' lang='grc' dir='ltr'>κας</span> <span class='ocrx_word' id='word_1_644' title='bbox 1134 5166 1177 5219; x_wconf 81' lang='grc' dir='ltr'>τὸν</span> <span class='ocrx_word' id='word_1_645' title='bbox 1192 5162 1246 5217; x_wconf 75' lang='grc' dir='ltr'><strong>ἴσον</strong></span> <span class='ocrx_word' id='word_1_646' title='bbox 1262 5167 1362 5235; x_wconf 83' lang='grc' dir='ltr'><strong>τρόπον.</strong></span> <span class='ocrx_word' id='word_1_647' title='bbox 1378 5165 1469 5237; x_wconf 79' lang='grc' dir='ltr'><strong>ὁμοίως</strong></span> <span class='ocrx_word' id='word_1_648' title='bbox 1486 5164 1512 5218; x_wconf 81' lang='lat' dir='ltr'>st</span> <span class='ocrx_word' id='word_1_649' title='bbox 1526 5165 1567 5217; x_wconf 77' lang='grc' dir='ltr'>καὶ</span> <span class='ocrx_word' id='word_1_650' title='bbox 1584 5164 1614 5218; x_wconf 75' lang='lat' dir='ltr'>rb</span> <span class='ocrx_word' id='word_1_651' title='bbox 1627 5170 1729 5237; x_wconf 76' lang='grc' dir='ltr'>πνεῦμα.</span> <span class='ocrx_word' id='word_1_652' title='bbox 1739 5161 1819 5215; x_wconf 73' lang='lat' dir='ltr'>oiseis</span> <span class='ocrx_word' id='word_1_653' title='bbox 1832 5161 1883 5212; x_wconf 77' lang='grc' dir='ltr'>ὅσον</span> 
     </span>
     <span class='ocr_line' id='line_1_53' title="bbox 320 5236 1882 5321; baseline -0.002 -20"><span class='ocrx_word' id='word_1_654' title='bbox 320 5247 345 5302; x_wconf 82' lang='grc' dir='ltr'>ἐι</span> <span class='ocrx_word' id='word_1_655' title='bbox 356 5253 386 5321; x_wconf 82' lang='grc' dir='ltr'>τῇ</span> <span class='ocrx_word' id='word_1_656' title='bbox 395 5241 441 5301; x_wconf 70' lang='grc' dir='ltr'>τοῦ</span> <span class='ocrx_word' id='word_1_657' title='bbox 450 5247 539 5302; x_wconf 76' lang='grc' dir='ltr'><strong>δούλου</strong></span> <span class='ocrx_word' id='word_1_658' title='bbox 547 5246 683 5299; x_wconf 75' lang='grc' dir='ltr'>καθικέσθαι</span> <span class='ocrx_word' id='word_1_659' title='bbox 694 5252 786 5320; x_wconf 76' lang='grc' dir='ltr'>μορφῇ,</span> <span class='ocrx_word' id='word_1_660' title='bbox 796 5248 836 5301; x_wconf 78' lang='grc' dir='ltr'>καὶ</span> <span class='ocrx_word' id='word_1_661' title='bbox 843 5248 897 5301; x_wconf 79' lang='grc' dir='ltr'>καθ’</span> <span class='ocrx_word' id='word_1_662' title='bbox 906 5248 969 5320; x_wconf 70' lang='grc' dir='ltr'>ὑμᾶς</span> <span class='ocrx_word' id='word_1_663' title='bbox 977 5250 1087 5321; x_wconf 70' lang='grc' dir='ltr'>γενέσθαι</span> <span class='ocrx_word' id='word_1_664' title='bbox 1134 5245 1149 5317; x_wconf 72' lang='grc' dir='ltr'><strong>ἦ</strong></span> <span class='ocrx_word' id='word_1_665' title='bbox 1160 5267 1200 5302; x_wconf 83' lang='grc' dir='ltr'>κεν</span> <span class='ocrx_word' id='word_1_666' title='bbox 1211 5247 1244 5310; x_wconf 82' lang='grc' dir='ltr'>οἶς</span> <span class='ocrx_word' id='word_1_667' title='bbox 1254 5247 1317 5300; x_wconf 77' lang='grc' dir='ltr'>ἰδίαν</span> <span class='ocrx_word' id='word_1_668' title='bbox 1326 5249 1407 5319; x_wconf 72' lang='grc' dir='ltr'>φύσιν,</span> <span class='ocrx_word' id='word_1_669' title='bbox 1427 5246 1476 5320; x_wconf 76' lang='grc' dir='ltr'>οὔχ</span> <span class='ocrx_word' id='word_1_670' title='bbox 1483 5246 1596 5319; x_wconf 71' lang='grc' dir='ltr'>ἡγίασται</span> <span class='ocrx_word' id='word_1_671' title='bbox 1619 5249 1755 5320; x_wconf 70' lang='grc' dir='ltr'>καταμόνας</span> <span class='ocrx_word' id='word_1_672' title='bbox 1768 5245 1781 5298; x_wconf 81' lang='lat' dir='ltr'>d</span> <span class='ocrx_word' id='word_1_673' title='bbox 1798 5242 1822 5296; x_wconf 74' lang='grc' dir='ltr'>ἔκ</span> <span class='ocrx_word' id='word_1_674' title='bbox 1833 5236 1882 5295; x_wconf 62' lang='grc' dir='ltr'>θεῶ</span> 
     </span>
     <span class='ocr_line' id='line_1_54' title="bbox 320 5329 1314 5405; baseline -0.001 -21"><span class='ocrx_word' id='word_1_675' title='bbox 320 5331 360 5384; x_wconf 77' lang='grc' dir='ltr'>διὰ</span> <span class='ocrx_word' id='word_1_676' title='bbox 372 5332 417 5398; x_wconf 76' lang='grc' dir='ltr'>τὴν</span> <span class='ocrx_word' id='word_1_677' title='bbox 427 5332 515 5402; x_wconf 81' lang='grc' dir='ltr'>σάρκα,</span> <span class='ocrx_word' id='word_1_678' title='bbox 525 5329 668 5397; x_wconf 70' lang='grc' dir='ltr'>κεκλήσεται</span> <span class='ocrx_word' id='word_1_679' title='bbox 681 5331 722 5383; x_wconf 76' lang='grc' dir='ltr'>καὶ</span> <span class='ocrx_word' id='word_1_680' title='bbox 739 5331 809 5394; x_wconf 76' lang='grc' dir='ltr'>αὐτὸς</span> <span class='ocrx_word' id='word_1_681' title='bbox 817 5332 857 5385; x_wconf 81' lang='grc' dir='ltr'>διά</span> <span class='ocrx_word' id='word_1_682' title='bbox 872 5351 910 5385; x_wconf 85' lang='grc' dir='ltr'>τοι</span> <span class='ocrx_word' id='word_1_683' title='bbox 923 5331 952 5385; x_wconf 73' lang='grc' dir='ltr'>τὸ</span> <span class='ocrx_word' id='word_1_684' title='bbox 962 5331 1087 5405; x_wconf 56' lang='lat' dir='ltr'>nepotatur</span> <span class='ocrx_word' id='word_1_685' title='bbox 1134 5330 1226 5404; x_wconf 76' lang='grc' dir='ltr'>πατρὸς</span> <span class='ocrx_word' id='word_1_686' title='bbox 1234 5332 1314 5402; x_wconf 74' lang='grc' dir='ltr'><strong>λόγος.</strong></span> 
     </span>
    </p>
   </div>
   <div class='ocr_carea' id='block_1_4' title="bbox 348 5501 635 5547">
    <p class='ocr_par' dir='ltr' id='par_1_7' title="bbox 348 5501 635 5547">
     <span class='ocr_line' id='line_1_55' title="bbox 348 5501 635 5547; baseline -0.003 -3"><span class='ocrx_word' id='word_1_687' title='bbox 348 5503 357 5544; x_wconf 88' lang='lat' dir='ltr'>l</span> <span class='ocrx_word' id='word_1_688' title='bbox 371 5505 416 5547; x_wconf 78' lang='lat' dir='ltr'>Act.</span> <span class='ocrx_word' id='word_1_689' title='bbox 427 5513 447 5547; x_wconf 85' lang='lat' dir='ltr'>r.</span> <span class='ocrx_word' id='word_1_690' title='bbox 458 5501 500 5544; x_wconf 76' lang='lat' dir='ltr'>-t</span> <span class='ocrx_word' id='word_1_691' title='bbox 508 5501 568 5546; x_wconf 83' lang='lat' dir='ltr'>Prot.</span> <span class='ocrx_word' id='word_1_692' title='bbox 581 5511 635 5544; x_wconf 81' lang='lat' dir='ltr'>mv.</span> 
     </span>
    </p>
   </div>
   <div class='ocr_carea' id='block_1_5' title="bbox 0 0 1989 6148">
    <p class='ocr_par' dir='ltr' id='par_1_8' title="bbox 0 0 1989 6148">
     <span class='ocr_line' id='line_1_56' title="bbox 0 0 1989 6148; baseline 0 0"><span class='ocrx_word' id='word_1_693' title='bbox 0 0 1989 6148; x_wconf 95' lang='lat' dir='ltr'> </span> 
     </span>
    </p>
   </div>
  </div>
 </body>
</html>
