3956 6158
455 255 505 321 DE
525 256 832 337 incantantur.
853 256 931 325 hill.
954 258 1029 337 x11‚
1051 260 1136 328 ΟΛΡ.
1158 260 1247 326 xltt.
1580 261 1640 333 ttt

77 415 237 475 eommunis
257 418 341 496 panis
355 425 411 497 est,
426 422 480 483 sed
493 423 686 485 Eucharistia
700 442 739 486 ex
753 426 827 487 dua·
875 425 1002 502 caeteris,
1026 425 1079 505 qui
1103 444 1174 488 utrm
1195 423 1262 506 ipso
1283 432 1382 502 ararat,
1411 444 1537 507 prorsus
1562 445 1645 489 narn·

75 503 126 566 has
138 505 225 566 rebus
237 516 389 583 constans,
410 517 533 576 terrena
548 523 578 577 et
591 518 721 592 coelesti3
740 518 828 578 sicet
875 535 969 596 quiam
983 518 1199 598 presbyterum
1209 519 1368 599 ischyram
1379 518 1472 581 luisse
1482 519 1528 579 ί.»
1548 520 1644 598 igitur

75 615 190 675 corpora
200 605 510 683 nostrapercipientia
526 608 751 670 Eucharistiam
760 610 826 688 jam
875 627 914 669 ex
925 610 1001 671 tutti
1016 612 1121 690 Papa,
1135 617 1166 671 et
1175 611 1333 672 Athanasii
1347 610 1560 673 testificatione
1572 628 1645 672 con-

74 707 130 750 non
153 698 224 752 sunt
242 696 464 774 corruptibilia,
488 717 576 779 spem
594 702 827 763 resurrectionis
875 706 1110 784 statapacyopta,
1125 703 1158 763 id
1181 709 1228 764 est
1251 702 1424 765 oblationem
1451 703 1485 763 in
1511 703 1643 766 Ecclesia

74 780 217 844 habentia.
246 786 411 849 Cllerimus
450 798 557 852 autem
584 793 613 853 ei
648 813 713 854 non
738 796 825 874 quasi
875 792 967 856 fuisse
984 814 991 855 ε
1008 796 1156 875 adquam
1170 796 1345 858 usuierant
1367 814 1558 872 sacravasa,
1574 813 1644 857 ma·

72 874 222 955 indigenti,
248 880 301 940 sed
315 882 429 955 gratias
447 890 572 959 agentes
585 886 747 947 donationi
760 889 826 966 ejus
875 886 1020 966 ximeque
1052 888 1134 950 cotie
1160 888 1310 971 mysticas,
1335 894 1371 949 at
1402 905 1475 950 eram
1501 890 1644 951 nominet

73 971 511 1038 etsaoctificantescreaturam.
528 1001 540 1035 ν
559 980 643 1040 Ηαοο
654 980 754 1059 ipsam
765 981 825 1040 Eu·
876 979 1023 1058 synodica
1034 980 1235 1042 Alexandrini
1249 982 1372 1044 concilii
1383 980 1416 1042 in
1428 979 1535 1041 eadem
1550 981 1644 1043 Atha-

72 1061 247 1137 charistiam,
263 1072 294 1126 et
306 1066 565 1132 ablationemesse
575 1072 686 1133 Christi
700 1091 824 1134 carnem
876 1069 956 1129 nasii
970 1087 1061 1131 cerasa
1076 1068 1084 1103 ¹
1101 1070 1174 1131 :uti
1187 1077 1218 1132 et.
1227 1071 1288 1132 hoc
1300 1070 1423 1150 legitur,
1439 1069 1535 1131 inille
1549 1069 1643 1133 calice

72 1153 145 1214 testis
157 1161 201 1215 est
213 1157 350 1235 tgnatius
358 1167 477 1240 martyr
487 1162 520 1222 in
534 1163 661 1242 epistola
671 1161 712 1223 od
719 1163 825 1246 Smyr
877 1161 1076 1241 propinatum
1088 1163 1180 1225 larissa
1195 1164 1304 1226 Christi
1316 1165 1512 1243 sanguinem,
1523 1169 1643 1244 myste-

71 1262 138 1307 καοσ
146 1245 193 1306 his
202 1249 317 1325 verbis,
333 1270 404 1330 quaa
425 1253 464 1314 ab
478 1255 671 1318 'theodoreto
693 1256 827 1318 citantur
876 1253 1007 1329 riorum,
1024 1260 1056 1317 et
1069 1255 1209 1317 sacrificii
1227 1262 1367 1336 tempore
1383 1275 1391 1315 t
1408 1256 1446 1316 ad
1460 1256 1553 1335 idque
1567 1274 1642 1317 can·

25 1397 27 1402 .
70 1337 99 1397 ia
110 1338 249 1415 dialogo:
271 1344 514 1422 «Eucharistias,
530 1353 560 1407 et
578 1348 748 1410 oblationes
763 1369 826 1410 non
877 1348 1057 1423 sacratione,
1069 1349 1299 1410 etordinatiane
1307 1347 1442 1410 ministri
1449 1366 1528 1427 opus
1536 1348 1640 1411 larissa.

70 1430 210 1509 probent:
225 1452 264 1494 co
279 1437 362 1514 qnod
377 1456 441 1498 non
464 1439 650 1501 confitentur
665 1442 826 1503 Eucharis·
877 1440 952 1515 Qnae
965 1441 1070 1503 omnia
1083 1441 1117 1502 in
1132 1442 1208 1502 actis
1221 1441 1385 1522 synodicis,
1395 1447 1426 1503 et
1435 1446 1500 1503 tota
1513 1441 1565 1503 illa
1574 1460 1645 1504 nar-

72 1522 146 1597 tiam,
174 1545 300 1588 munem
336 1549 401 1591 esse
430 1531 597 1594 Salvatoris
624 1535 721 1595 nostri
752 1536 827 1596 iesu
876 1534 996 1596 ratione
1010 1535 1048 1595 de
1062 1534 1189 1613 Iscbyra
1203 1534 1411 1595 continentur.

71 1614 183 1689 Christi,
210 1639 283 1699 qaam
308 1640 365 1700 pro
390 1624 522 1702 peccatis
545 1644 630 1705 passa
655 1634 827 1707 cst:quam
917 1626 1083 1706 Dionysius
1106 1626 1333 1688 Alexandrinus
1352 1628 1513 1706 episcopus
1531 1627 1564 1688 in
1578 1645 1642 1689 rea·
1691 1657 1793 1713 mm,

70 1704 148 1769 Pater
161 1730 216 1772 sna
225 1712 418 1792 benignitate
432 1717 623 1780 suscitavita.
638 1741 653 1779 ν
668 1722 712 1781 lta
723 1723 825 1782 Thea·
876 1720 1028 1799 pensione
1062 1720 1102 1780 ad
1136 1719 1241 1781 decem
1275 1720 1459 1798 quaestiones
1493 1721 1643 1783 al‘aala
1668 1709 1802 1810 nemppe-

69 1799 199 1881 dorctns3
221 1824 293 1886 quae
320 1809 355 1867 in
375 1809 508 1887 vulgatis
532 1812 644 1890 Ignatii
673 1813 827 1876 codicibus
878 1812 1081 1873 Samosateno
1109 1812 1289 1892 propositas,
1314 1813 1353 1873 de
1379 1812 1440 1873 hoc
1463 1828 1551 1874 novae
1567 1812 1644 1889 legis

69 1903 279 1960 nonexstant:
301 1900 355 1960 sed
377 1901 412 1961 in
436 1902 570 1963 editione
593 1923 712 1986 nupera
733 1906 827 1968 Isaaci
876 1904 1037 1976 sacrificio,
1061 1904 1209 1983 antiquis,
1226 1911 1257 1965 et
1279 1904 1416 1965 Judaicis
1438 1904 1560 1966 abolitis
1583 1904 1644 1967 sul·

69 1983 166 2063 Vossii,
191 2008 231 2050 ex
261 1991 440 2052 Florentino
464 1996 684 2076 manuscripto,
713 2016 827 2076 repraa·
875 1996 964 2072 fecto,
981 1996 1145 2075 insigniter
1158 1996 1296 2075 disputat
1306 1996 1355 2057 his
1367 1998 1468 2057 serbis
1480 2016 1488 2057 ι
1501 1997 1643 2059 evertam

68 2084 227 2143 acuatur.
246 2084 286 2143 In
299 2103 362 2163 qna
373 2094 520 2169 προσευχὰς,
536 2106 601 2148 non
617 2097 756 2169 προσφορὰς
780 2090 824 2152 le·
875 2089 1008 2167 seipsam
1036 2088 1225 2161 exinanivit,
1263 2094 1426 2169 propterca
1459 2090 1642 2168 mysterium

67 2168 150 2246 gitur.
167 2173 228 2235 Sed
244 2177 458 2238 Theodoretus
471 2180 524 2255 ita,
541 2185 577 2240 ut
594 2181 824 2261 descripsimus,
875 2179 1030 2241 ineffabile
1046 2180 1085 2239 ab
1100 2180 1167 2259 ipso
1181 2182 1242 2239 Deo
1256 2186 1384 2241 vocatur
1405 2198 1523 2242 novum
1536 2183 1642 2243 Testa·

67 2259 164 2325 habuit
182 2267 216 2327 in
238 2286 296 2329 saro
316 2271 497 2349 exemplari.
523 2272 623 2346 Quare
639 2274 826 2336 Eucharistia
876 2280 1029 2343 mentum,
1045 2290 1082 2334 ea
1097 2272 1180 2352 qnod
1202 2272 1338 2351 seipsum
1359 2273 1489 2334 deditio
1510 2272 1643 2352 mystica

68 2360 106 2413 etl
117 2369 253 2439 myope,
271 2362 304 2422 id
318 2369 362 2424 est
375 2361 498 2434 ablatio,
514 2373 542 2424 et
561 2364 737 2446 sacrificium
760 2385 826 2428 cor-
875 2385 963 2429 coena
976 2385 984 2440 ;
999 2383 1063 2426 non
1077 2372 1113 2427 ut
1135 2364 1220 2439 alim,
1240 2365 1295 2443 qui
1314 2365 1458 2425 beronici
1480 2366 1642 2427 sacerdotii

66 2453 138 2528 poris
151 2454 280 2524 Christi,
297 2456 380 2534 quod
394 2456 427 2516 in
441 2474 530 2517 cratae
546 2458 692 2537 pependit
712 2477 751 2519 ex
768 2478 824 2520 an·
874 2458 936 2539 legi
956 2457 1230 2537 obtemperabant,
1255 2448 1411 2536 pecudum
1425 2475 1533 2519 carnes
1553 2458 1643 2520 altari

67 2543 216 2623 liquissimi
233 2550 416 2609 Graeccrum
431 2551 560 2608 Petrum
570 2551 682 2629 Ignatii
692 2551 822 2627 sincero,
874 2551 1087 2631 imponebant.
1105 2550 1176 2611 ldeo
1191 2550 1345 2611 Mosesita
1359 2550 1485 2611 scribit’
1503 2570 1510 2610 :
1531 2548 1643 2615 cama

67 2633 233 2720 liquidoque
250 2641 439 2703 testimonia.
873 2652 983 2705 sancite
996 2650 1083 2704 erunt
1093 2661 1180 2723 super
1193 2642 1299 2717 altere,
1315 2653 1341 2703 et
1352 2643 1481 2703 comedet
1491 2641 1641 2724 papulas:

20 2801 24 2809 ,
100 2739 150 2801 IV.
160 2738 253 2816 Apud
268 2734 665 2817 Atlranasinminrlpctopiu
677 2737 822 2811 secanda,
873 2743 903 2796 et
916 2734 1009 2795 omen
1018 2734 1194 2814 quicumque
1206 2734 1334 2813 tetiycrit
1347 2752 1384 2794 ca
1401 2735 1444 2794 eis
1459 2733 1639 2811 immundus,

36 2831 41 2843 ‘
68 2831 131 2892 tulii
143 2837 240 2893 exstat
253 2830 382 2910 epistola
394 2828 433 2890 ad
448 2828 577 2889 Amanus
590 2829 758 2908 episcopos,
769 2830 823 2908 qni
871 2826 991 2905 peribit.
1021 2827 1111 2886 Nunc
1134 2831 1240 2885 autem
1264 2843 1330 2885 non
1351 2825 1394 2885 ita
1418 2826 1465 2885 fit.
1489 2826 1551 2886 Sed
1574 2827 1640 2904 ipsc

68 2941 99 2986 er
115 2925 304 2989 Antiocheae
318 2922 438 3003 synodo
451 2922 490 2981 ed
509 2920 610 3000 ipsum
627 2920 820 3000 scripserant3
873 2919 1034 2985 Dominus.
1049 2924 1080 2978 et
1094 2919 1174 2979 Deris
1193 2916 1285 2978 lsrael
1309 2917 1449 2978 Salvator
1462 2924 1568 2980 noster
1583 2919 1637 2986 ait,

67 3017 94 3080 in
105 3020 212 3100 qtiade
224 3035 314 3080 sacro
337 3015 429 3077 calice
442 3031 536 3091 agens
550 3031 568 3073 a
581 3013 712 3073 Macaria
727 3013 822 3073 Atha·
874 3012 933 3088 Qui
950 3009 1109 3072 οιαιιιίιιααι
1123 3029 1178 3085 rae,
1206 3014 1235 3070 ct
1259 3007 1309 3069 iile
1327 3008 1403 3070 nivet
1412 3017 1534 3090 propter
1562 3011 1637 3073 me'.

67 3113 132 3172 ursii
147 3111 330 3191 presbytero
352 3107 519 3179 cantaneto,
536 3104 612 3164 dum
635 3103 728 3165 sacris
747 3123 820 3180 ope·
872 3106 955 3166 Deus
969 3102 1061 3178 igitar
1075 3101 1217 3162 habitans
1232 3101 1264 3161 iu
1276 3100 1377 3176 nobis,
1392 3101 1565 3163 secundum
1577 3108 1639 3163 tes·

66 3212 175 3266 caretur
188 3205 342 3283 ischyras,
354 3199 411 3259 ista
424 3197 549 3258 scribit:
561 3197 821 3273 «Quoniampacto
871 3200 1055 3266 lamentum,
1072 3194 1155 3273 quod
1177 3192 1327 3272 disposuit
1346 3192 1508 3254 nobiscum
1520 3195 1637 3269 dicens,

65 3295 124 3357 lieri
136 3297 246 3377 potuit,
256 3300 293 3354 ut
306 3292 360 3371 iyai
369 3289 563 3371 postostiam
574 3287 682 3348 morbo
695 3287 820 3348 decum-
871 3288 1006 3368 Accipite
1019 3286 1072 3346 troc
1088 3295 1118 3346 ct
1132 3283 1255 3347 dividite
1275 3284 1353 3345 inter·
1373 3284 1454 3363 eos&
1469 3285 1522 3347 hoc
1533 3305 1637 3348 κοοιιαι

65 3386 152 3459 heret,
168 3395 246 3449 trine
270 3390 395 3457 astaret,
415 3390 444 3444 et
470 3380 563 3442 sacris
585 3386 774 3460 operaretur,
791 3385 822 3441 et
874 3379 1087 3441 Testamentum
1100 3383 1142 3439 est
1155 3398 1165 3445 ;
1179 3375 1234 3437 hoc
1244 3376 1335 3457 facite
1346 3386 1368 3437 ⁶.
1385 3398 1400 3434 a
1605 3377 1609 3385 '

65 3480 187 3551 offerret,
200 3486 259 3542 aut
272 3475 429 3558 qaromodo
442 3471 821 3555 proponioblatiopotuis-
912 3472 948 3531 V.
981 3470 1128 3530 Eusebius
1159 3468 1352 3529 Caesariensis
1376 3467 1455 3530 libro
1480 3469 1582 3550 primo
1602 3468 1639 3533 de

63 3579 113 3647 set,
128 3592 197 3636 cum
220 3573 307 3633 intus
326 3573 427 3630 esseut
454 3562 686 3627 catechumeni?
701 3565 777 3624 Nam
793 3563 819 3624 si
867 3560 1117 3624 Demomtratioae
1131 3559 1162 3622 Ε
1163 3559 1327 3639 vunyeiiea,
1356 3560 1453 3642 capite
1468 3568 1590 3638 vocure,
1603 3561 1637 3624 in

63 3663 249 3728 inluserunt
276 3658 502 3734 catechumeni,
528 3658 669 3718 nondum
697 3662 819 3735 tempas
868 3673 930 3734 quo
944 3653 1108 3715 Christiani
1123 3652 1254 3712 instituti
1264 3653 1417 3714 rohonem
1430 3654 1542 3726 reddit,
1552 3655 1635 3736 qnod

63 3756 215 3819 oblationis
228 3774 295 3817 esse
307 3752 418 3834 potuit.
442 3752 524 3823 liceo,
541 3754 578 3808 ut
595 3749 661 3827 jam
678 3749 817 3828 exposui,
868 3747 906 3807 ab
919 3746 1056 3808 Judaieis
1070 3745 1225 3806 sacrifieiis
1242 3745 1389 3808 desistere
1403 3746 1553 3827 precipit,
1568 3749 1635 3811 hec

62 3867 110 3929 pro
123 3869 154 3913 se
170 3849 292 3913 dicebat
313 3845 474 3926 episcopus
495 3841 691 3915 Athanasius,
702 3847 731 3902 et
751 3856 819 3900 rem
868 3838 907 3899 de
920 3857 1013 3912 novo,
1027 3858 1063 3899 ac
1084 3837 1296 3919 prestantium
1310 3838 1461 3900 sacrificio
1475 3841 1634 3919 prodidit:

61 3941 99 4003 ita
111 3961 173 4005 esse
187 3961 227 4004 ex
239 3940 316 4002 actis
327 3935 579 4017 probabat,idem
594 3931 818 3994 affirmantibus
872 3931 1007 3992 cMerito
1022 3931 1158 4011 carparis
1172 3931 1279 4010 ipsius,
1291 3938 1323 3992 et
1337 3930 1496 4010 sanguinis
1519 3949 1636 3995 memo-

92 4149 110 4190 a
127 4134 219 4190 tenir.
236 4129 280 4189 oct
294 4131 410 4200 Sinara.
426 4126 499 4199 apud
513 4124 677 4182 theodoret.
693 4123 758 4180 dial.
771 4124 818 4180 ΙΙΙ.
905 4140 920 4181 c
939 4125 1018 4182 Dran.
1045 4127 1077 4180 to
1097 4120 1231 4196 Respuit
1252 4138 1299 4194 qu.
1317 4137 1353 4179 ru
1368 4121 1445 4180 Pauli
1468 4125 1542 4181 Satn
1568 4122 1636 4180 Ἀλλ’

61 4215 225 4290 δθραριστίας,
242 4216 284 4269 καί
299 4211 440 4285 προσφορὰς
453 4209 497 4262 οὒκ
510 4210 683 4281 ἀποδέχονται,
692 4208 732 4261 διὰ
742 4206 771 4262 το
786 4207 818 4279 μή
849 4204 854 4214 '
869 4207 955 4262 ίαυτδν
979 4205 1089 4263 tatiane.
1105 4207 1143 4260 at
1162 4205 1202 4260 aei
1222 4207 1251 4261 τδ
1273 4209 1405 4279 μυστήριον
1420 4207 1449 4261 τδ
1462 4206 1633 4280 ἀνεκδιήγητον

60 4299 181 4374 ὁμολογεῖν
202 4300 248 4367 τήν
276 4294 429 4369 εθχαριστίαν
455 4294 534 4364 σάρκα
557 4286 618 4345 εἶναι
642 4296 685 4345 τοῦ
709 4294 820 4363 σωτῆρος
867 4290 908 4345 ὑπ’
923 4285 1120 4345 atteiensem
1135 4295 1179 4344 τοῦ
1197 4289 1282 4358 tentia
1301 4289 1371 4358 καινή
1390 4289 1491 4358 διαθήκη
1505 4289 1534 4345 τθ
1551 4290 1635 4346 ἑαυτὸν

59 4380 122 4453 ήμῶν
139 4383 225 4453 Ἰησοῦ
239 4382 354 4454 Χριστοῦ,
376 4376 420 4445 τὴν
443 4375 503 4448 θτὲρ
526 4380 575 4429 τῶν
603 4373 729 4447 ἁμαρτιῶν
747 4374 817 4445 ἡμῶν
867 4374 935 4442 (ίοι.
952 4378 1002 4446 τῷ)
1016 4373 1074 4446 ἡμῖν
1089 4368 1172 4428 δοῦναι
1187 4371 1211 4427 ἔν
1227 4380 1264 4446 τῷ
1279 4379 1387 4446 μυστικῷ
1401 4373 1503 4445 δείπνῳ,
1518 4373 1547 4428 οὔ
1561 4375 1634 4428 καθεί-

58 4468 185 4533 amno,
196 4469 227 4533 ils
241 4461 402 4537 χρησθτητιὸ
416 4459 496 4532 πατὴρ
506 4460 612 4531 ήγειριν.
867 4477 912 4529 περ
926 4456 949 4509 oi
961 4456 1023 4510 κατὰ
1037 4457 1124 4529 νόμον,
1139 4460 1182 4525 τῆς
1195 4462 1239 4510 τοῦ
1258 4456 1351 4528 Ἀαρὼν
1370 4455 1488 4529 ίερατείας
1500 4457 1559 4527 κρέα
1575 4456 1634 4511 tit

90 4549 182 4606 θίιιι.
203 4548 284 4619 episi.
311 4547 372 4602 ttth.
395 4546 452 4607 Πῶς
472 4537 526 4597 οἶόν
549 4562 574 4597 τε
596 4542 638 4595 ita
664 4541 761 4595 ὄπισθεν
776 4545 819 4609 τής
867 4537 1008 4611 γωνέιτίτδ
1024 4541 1193 4611 θυσιαστήριον
1209 4540 1238 4593 τδ
1251 4540 1328 4594 πάλαι
1343 4538 1476 4594 ἔπετίθονν.
1495 4541 1536 4594 καί
1549 4541 1635 4612 γράφοι

58 4632 122 4703 θθρας
133 4635 200 4706 νόσῳ
217 4629 404 4703 κατακείμενον,
418 4630 476 4682 τότε
493 4625 627 4695 ἔστηκέναι,
648 4626 688 4678 καί
707 4626 818 4697 λειτοορ·
867 4623 975 4689 ίίίωθσῆς
995 4623 1085 4695 λέγων,
1100 4624 1139 4677 θτι
1152 4624 1212 4695 κρέα
1226 4623 1282 4694 ἅγια
1301 4621 1340 4676 tet
1356 4624 1386 4677 ‘cb
1399 4625 1579 4695 θυσιαστήριον
1595 4626 1636 4677 καί

58 4719 113 4786 γεῖν,
127 4719 166 4771 καί
176 4715 331 4789 προσφέρειν,
346 4714 362 4779 ἢ
376 4718 428 4773 πῶς
445 4705 499 4764 cita
517 4729 543 4763 τε
557 4706 586 4777 ἦν
604 4708 745 4780 προσρορδν
757 4727 818 4780 προ·
867 4704 946 4759 ἔδεται
960 4705 974 4758 6
987 4706 1057 4767 λαός.
1069 4707 1109 4759 καί
1123 4708 1181 4773 παῖς,
1191 4707 1228 4770 ὅς,
1242 4725 1278 4768 τις
1294 4707 1380 4778 ἅψεται
1397 4705 1421 4768 ἔξ
1435 4705 1517 4760 αθτῶν
1531 4706 1636 4780 ἀκάθαρ·

58 4799 141 4853 κεῖσθαι
161 4799 231 4854 ἔνδον
245 4798 393 4851 ὄντων-τῶν
408 4794 615 4867 κατηχουρίνωνς
639 4790 670 4846 El
683 4792 730 4864 γὰρ
748 4790 818 4845 ἔνδον
867 4786 1156 4860 τοςέξολοθρευθήσεται.
1171 4793 1212 4841 νῦν
1240 4787 1267 4843 tt
1289 4788 1338 4862 οθχ
1354 4789 1440 4851 οὕτως·
1456 4789 1514 4843 ἀλλ’
1535 4789 1635 4852 nectet

58 4875 345 4953 ήσανοίαατηγοθρινοι,
361 4876 428 4932 οὔπω
441 4873 471 4945 ἦν
485 4876 499 4929 t
512 4875 594 4948 καιρδς
608 4877 651 4942 τῆς
666 4876 816 4946 προσφορᾶς.
866 4871 956 4943 κύριος,
979 4870 1020 4924 καί
1043 4871 1095 4934 θεδς
1114 4869 1229 4943 Ἰσραήλ,
1244 4871 1259 4924 θ
1272 4871 1355 4943 σωτήρ
1376 4873 1447 4944 ήμῶν
1466 4871 1544 4944 λίγα,
1568 4873 1636 4928 ὅτιὸ

59 4967 138 5028 reice,
152 4964 236 5034 ὥσπερ
255 4960 360 5035 ιίρηται,
382 4959 465 5031 ἔλεγον
486 4958 501 5012 t
522 4955 651 5021 ἐπίσκοπος
666 4955 817 5022 Ἀθανάσιος,
866 4954 968 5025 τρώγων
983 4972 1023 5025 με·
1037 4951 1147 5018 κάκείνας
1157 4954 1255 5023 ζήσεται
1269 4952 1302 5008 δι’
1327 4952 1380 5027 lyci.
1401 4953 1462 5017 Θτδς
1484 4954 1532 5028 ἄρα
1545 4954 1560 5009 t
1574 4953 1636 5009 ίνοι·

58 5044 93 5098 καί
106 5044 132 5100 ta
146 5051 197 5102 τῶν
212 5045 394 5118 θιιορνηρίτων
409 5039 524 5108 licturus,
541 5039 759 5112 διαθιδαιουρίνων
777 5038 818 5093 καί
866 5040 916 5090 κῶν
928 5033 952 5090 ίν
966 5033 1025 5108 ἡμίν
1045 5035 1109 5091 κατὰ
1122 5034 1166 5104 τήν
1190 5036 1315 5107 διαθήκην,
1333 5040 1363 5106 ἢν
1382 5037 1473 5092 διίθιτο
1488 5036 1547 5111 apte
1559 5034 1634 5111 ἡμᾶς,

59 5132 103 5180 τῶν
116 5129 157 5183 σ’νν
171 5127 250 5201 sich,
265 5124 326 5199 μηδὲ
335 5126 399 5189 ὅλως
412 5123 485 5178 αὺτὸν
498 5121 816 5196 τρισίίτερονγιγινήσθαι.
866 5118 956 5190 λέγων,
980 5118 1067 5173 idisti
1087 5122 1160 5173 τοῦτο
1168 5158 1176 5185 ,
1204 5121 1245 5171 καί
1268 5119 1425 5192 διαμερίσατε
1445 5118 1479 5182 eie
1497 5118 1603 5185 ίαντοίις·
1620 5119 1636 5189 h

866 5201 934 5270 καινή
949 5201 1050 5270 διαθήκη
1066 5199 1126 5256 ἔστί.
1142 5205 1216 5257 τοῦτο
1230 5204 1332 5256 ποιεῖτε.

84 5349 91 5390 t
105 5324 154 5403 tuot
175 5360 201 5402 ιι,
213 5349 262 5393 tna
274 5347 323 5390 -2
332 5351 380 5393 ten.
392 5360 430 5398 ιιι,
442 5359 484 5391 sec.
498 5358 543 5391 ιιι.
552 5346 601 5390 -t
612 5348 674 5391 Ιοιιιι.
684 5356 714 5389 rr.
725 5367 752 5378 -
764 5343 776 5387 d
795 5347 843 5389 tna.
856 5356 906 5389 ιιιι.

210 5429 284 5490 Tan.
310 5428 362 5487 t'l.
1475 5429 1513 5486 ‘d'i
