3936 6146
467 338 517 398 DE
536 332 834 406 INCARNATIONE,
857 334 931 395 LlB.
961 336 999 412 X,
1022 334 1105 397 CAP.
1128 337 1179 398 lv,

1555 334 1613 396 369

42 502 191 568 nmesdtas
205 503 359 565 obtineret
375 523 383 564 ε
400 503 453 564 sed
466 520 524 564 sua
536 503 570 563 in
583 500 730 563 omnibns
745 516 797 560 vo·
845 505 880 559 ut
903 501 1008 575 homo,
1030 520 1095 562 non
1109 506 1175 563 erat
1192 500 1365 581 tragilitatis
1379 517 1544 589 corporeae,
1562 499 1614 559 sed

41 598 132 659 luntas
144 602 351 676 permaneret.
367 597 536 675 Eaprcpter
550 595 629 656 sieut
646 597 797 655 natusest
845 594 975 675 scelestis
989 594 1094 672 gratiae
1108 599 1346 656 sacramentum.
1363 617 1378 653 u

41 690 153 770 qnando
165 689 275 764 voluit,
291 689 333 750 sic
346 706 454 767 passus
467 694 513 749 est
535 706 606 767 quae
627 686 734 761 voluit,
750 685 795 745 al·
884 687 1001 747 Verum
1021 688 1157 748 loannes
1171 693 1338 767 utrumque
1357 689 1459 750 locum
1479 687 1521 748 sio
1535 686 1615 749 aoei-

43 782 132 843 llietus
151 787 185 842 ut
208 781 308 842 voluit
324 801 331 841 :
347 800 412 841 non
433 780 552 842 habens
574 785 736 853 naturam,
761 782 797 837 ut
844 777 958 858 piabat,
975 785 1010 839 ut
1023 780 1268 841 subaudiendam
1293 798 1359 841 osse
1382 785 1505 860 putaret
1519 777 1616 857 parti·

42 876 113 936 sicut
129 894 183 936 nos
203 873 309 935 dolere
323 879 505 953 cogeretur3
529 873 583 933 sed
602 870 720 931 habens
737 888 796 929 ro-
845 872 965 948 onlam,
995 879 1107 933 tautum
1144 892 1151 933 :
1187 879 1336 951 tanquam
1370 874 1413 933 ita
1448 871 1617 950 scripsisset

46 969 193 1042 luntatem,
217 972 255 1027 ut
277 966 472 1027 condolendo
494 965 606 1026 nostris
638 961 796 1024 doloribus
845 966 1048 1043 Augustinus,
1067 963 1216 1027 Christum.
1231 985 1290 1027 acu
1300 965 1477 1047 cadamitate
1490 971 1614 1035 tautam,

46 1061 218 1123 mederetur.
231 1081 247 1118 n
846 1055 991 1119 sedetiam
1004 1066 1141 1138 potestate
1150 1076 1207 1119 esso
1218 1056 1366 1120 turbatum
1377 1077 1387 1118 .·
1399 1059 1438 1117 Et
1451 1057 1614 1130 Maximus,

78 1153 277 1228 Quamobrem
291 1151 457 1214 arbitratus
472 1159 527 1226 est,
550 1149 707 1212 Christum
725 1164 797 1209 vere
847 1166 905 1208 nou
938 1160 1003 1210 erat
1036 1150 1217 1231 baptistatus
1251 1168 1393 1231 corporeae
1421 1154 1548 1223 taetram,
1570 1145 1642 1208 sed

46 1248 91 1308 illa
102 1246 225 1325 quidem
240 1246 385 1307 tolerasse
403 1246 520 1322 omnia,
539 1262 610 1324 qnae
629 1248 702 1303 suut
714 1240 799 1301 intir-
847 1241 971 1302 coelestis
987 1243 1095 1323 pratia
1114 1252 1337 1303 sacromentum.
1356 1242 1416 1304 Sed
1432 1244 1512 1303 hanc
1527 1241 1617 1302 euvil-

46 1340 149 1400 mitntis
174 1339 334 1413 humanae,
362 1339 487 1413 famem,
511 1337 616 1413 sitim,
645 1332 798 1396 lassitudi·
847 1334 995 1395 lationem
1024 1336 1135 1397 merito
1169 1336 1367 1416 reprehendit
1396 1335 1557 1415 Philippus
1585 1335 1616 1394 in

47 1450 119 1502 nem,
147 1431 312 1508 tristitiam,
340 1432 491 1502 dolorem,
516 1448 552 1490 ae
585 1437 719 1489 mortem
746 1425 797 1486 de·
848 1425 976 1507 epistola
989 1434 1085 1489 sexta.
1108 1431 1148 1488 Et
1165 1436 1211 1489 est
1231 1448 1304 1490 sane
1322 1429 1473 1489 ridicula:
1491 1447 1548 1489 noo
1566 1427 1618 1487 ad-

45 1524 127 1603 nique
143 1544 150 1584 :
164 1524 216 1586 sed
230 1523 401 1599 voluntate,
417 1542 482 1584 non
500 1521 678 1582 infirmitate
697 1520 800 1599 pertu-
849 1519 932 1580 mitti
946 1521 1010 1582 ullo
1025 1522 1117 1582 modo
1132 1522 1233 1597 debet,
1246 1521 1291 1583 nti
1307 1540 1380 1582 mox
1394 1523 1565 1583 ostendam.

45 1617 114 1677 iisse.
134 1618 197 1677 rln
217 1616 278 1678 boe
301 1616 416 1697 quippe
434 1634 546 1696 eorpus
566 1615 644 1694 ejus,
659 1614 709 1674 rel
729 1611 798 1673 ani·
889 1613 943 1673 lv.
967 1615 1053 1675 Hanc
1080 1614 1222 1695 Philippi,
1251 1621 1282 1675 et
1307 1615 1437 1677 tloannis
1463 1615 1560 1691 litem,
1587 1618 1618 1675 et
1691 1628 1742 1670 rum

46 1728 106 1771 mus
117 1729 136 1771 a
149 1715 252 1771 nostro
266 1709 439 1783 differebat,
455 1710 540 1790 quod
558 1727 614 1769 sua
628 1726 700 1768 eum
715 1705 800 1766 intir-
847 1708 1080 1771 contentionem
1094 1707 1213 1768 dirimit
1229 1709 1355 1769 tandem
1371 1708 1534 1769 llunaldus
1547 1706 1616 1786 qui·
1643 1681 1789 1777 ”iiiiiississssu

47 1804 124 1864 miras
133 1803 235 1864 dolere
248 1821 314 1864 non
326 1803 471 1880 cogebat,
491 1802 544 1863 sed
553 1800 701 1879 quiaejus
711 1799 801 1860 dolor

849 1797 932 1875 darn,
947 1798 1087 1879 epistolal
1093 1819 1188 1879 quam
1198 1802 1236 1861 ad
1249 1803 1266 1863 ‚J
1270 1820 1402 1862 oannem
1416 1800 1617 1880 Praepositum
1661 1789 1773 1894 ,Qffiffi

850 1892 965 1967 scribit,
982 1892 1125 1953 omnium
1144 1900 1312 1971 postrema,
1336 1900 1366 1955 et
1387 1894 1615 1955 eruditissima:
1644 1894 1683 1937 ¹¹⁰⁸
1695 1901 1790 1989 332⁰ss

850 1984 938 2063 eujus
966 2003 1121 2046 summam
1146 1986 1197 2046 hic
1218 1986 1306 2047 breti
1330 1987 1526 2066 complectar.
1546 1985 1620 2046 Phi·
1650 1961 1789 2044 voluntatem

851 2075 926 2155 lippi
943 2076 1081 2156 primum
1101 2079 1287 2139 senteutiam
1310 2085 1437 2139 eatenus
1451 2079 1616 2159 improbat,
1653 2053 1790 2109 ⁰¹'‘⁰¹‘'·'¹⁰¹¹¹·

851 2168 935 2248 qrrod
950 2169 1147 2231 Dominieum
1161 2188 1273 2250 eorpus
1293 2175 1357 2230 tam
1369 2172 1459 2231 tirma
1474 2171 1621 2231 constitu·

851 2261 936 2322 tione
948 2261 1041 2323 fuisso
1054 2263 1202 2339 erederet,
1219 2268 1255 2322 ut
1275 2263 1423 2324 inusitata
1437 2264 1489 2323 illa
1511 2269 1541 2324 et
1560 2268 1621 2323 stu-

47 1893 124 1954 nobis
135 1890 326 1961 neeessarius
347 1891 508 1965 existebat,
522 1890 624 1967 uobis,
643 1907 708 1950 non
728 1887 797 1964 sihi,

47 1986 172 2047 dolorem
184 1986 398 2046 voluntarium
411 1983 587 2046 sufferebat,
599 2005 614 2041 n

80 2078 170 2140 Panlo
183 2084 253 2159 post
273 2077 379 2155 etiam,
402 2098 418 2137 a
435 2076 631 2138 affectionem
644 2074 800 2137 esuriendi

49 2172 196 2233 inChristo
207 2170 302 2232 tuisse
315 2171 369 2247 ait,
386 2171 451 2231 sine
473 2169 537 2230 ulla
556 2168 734 2230 necessitate
752 2185 801 2229 co-

49 2265 174 2326 medendi
201 2284 209 2324 ε
238 2262 313 2343 quia
337 2263 415 2324 siaiu
440 2262 555 2342 potuit,
585 2279 657 2322 eum
687 2260 798 2334 voluit,

51 2358 165 2420 esuriem
183 2357 353 2432 sustinere,
375 2355 475 2416 sicud
495 2372 562 2417 eam
580 2353 801 2415 removendam

52 2451 123 2511 nullo
135 2450 201 2512 cibo
214 2451 362 2512 inventus
370 2455 416 2510 est
427 2448 576 2526 indigere.
593 2468 609 2504 u

4 2606 8 2613 ,
84 2544 130 2603 lll.
149 2544 287 2605 loannes
308 2559 381 2602 aero
406 2540 603 2620 Praepositus,
619 2544 655 2600 ut
677 2556 714 2600 ex
736 2537 804 2617 ejus

14 2678 18 2689 .
54 2636 162 2714 epistola
184 2639 401 2714 constatque
415 2638 486 2713 post
506 2632 639 2712 Philippi
661 2631 803 2711 epistolas

0 2733 2 2746 “
18 2726 27 2807 f
54 2729 184 2805 estedita,
199 2727 234 2788 in
249 2744 287 2788 eo
301 2726 443 2806 Philippo
471 2723 706 2799 assentiebatur,
720 2723 804 2802 quod

56 2819 193 2882 Christum
217 2824 385 2895 assereret,
408 2818 496 2878 nulla
517 2817 698 2878 necessitate
722 2833 805 2876 ooao·

55 2916 118 2988 tum,
131 2914 181 2974 sed
191 2913 355 2974 uoluntate
364 2917 474 2971 olmeto
486 2909 665 2970 sustinuisse
682 2929 689 2968 :
706 2908 758 2969 sed
772 2908 806 2968 in

56 3022 84 3063 eo
96 3005 263 3077 dissidebat,
275 3004 359 3084 quod
369 3003 463 3063 etiam
474 3001 653 3062 infirmitate
660 3000 806 3061 tolerasse

56 3096 188 3159 credebat.
209 3119 225 3155 o
239 3098 341 3157 Verus
353 3095 436 3157 enim
450 3094 557 3170 homo,
570 3092 683 3172 inquit,
696 3092 804 3164 doluit,

56 3187 155 3250 habens
174 3195 336 3263 naturam,
358 3194 394 3248 ut
414 3187 474 3247 nisi
494 3186 706 3255 manducaret,
730 3184 807 3244 defi-

57 3290 141 3355 ceret3
154 3288 365 3361 mergeretur,
376 3280 402 3341 si
410 3297 503 3360 super
512 3280 611 3340 undas
621 3276 803 3352 ambularet;

57 3391 222 3443 moreretur,
239 3374 263 3434 si
279 3373 519 3452 crucifigeretur,
536 3371 596 3431 nisi
610 3369 759 3431 miraculo
774 3368 807 3428 id

57 3484 109 3527 non
129 3468 193 3528 fieri
220 3466 314 3527 uellet
331 3486 369 3526 :n
401 3464 575 3542 eujusmodi
597 3464 631 3524 in
654 3462 808 3542 plerisque

58 3558 159 3622 Martis
171 3560 280 3622 iecisse
293 3559 416 3635 legitur,
433 3562 469 3617 ut
482 3552 552 3618 eu'm
573 3557 701 3616 Petrum
714 3572 807 3634 super

57 3670 136 3729 aquas
146 3652 358 3713 ambulantem
371 3650 411 3710 ad
421 3668 452 3711 se
462 3647 672 3726 venirejussit.
683 3649 725 3707 At
733 3664 807 3707 vero

58 3742 204 3824 Philippus
218 3743 355 3823 negabat
368 3743 427 3803 hoe
440 3742 473 3801 iu
486 3741 608 3802 Christo
623 3738 809 3800 miraculum

58 3834 157 3903 hdsse'.
172 3837 255 3918 qnod
278 3835 483 3916 quadraginta
497 3833 574 3909 dies,
590 3830 722 3911 exempli
738 3846 810 3906 gra-

60 3927 103 4003 tia,
114 3928 283 4009 jejunaret3
309 3927 364 3989 sed
385 3926 530 4001 naturali,
545 3930 576 3985 et
594 3924 634 3984 ab
652 3925 718 4004 ipso
738 3942 811 3985 eou-

60 4027 137 4098 ceptu
159 4023 251 4083 insita
269 4022 314 4096 ri,
337 4039 373 4081 ae
399 4018 580 4079 fortitudine
608 4035 673 4078 esse
696 4016 812 4078 laetum

61 4112 175 4177 solebat.
193 4115 281 4190 Quod
296 4112 466 4190 Augustini
476 4104 653 4172 testimonio
666 4126 812 4188 compro-

61 4199 149 4279 babat,
161 4204 203 4265 ita
223 4200 406 4266 scribentis'
424 4221 431 4260 ε
451 4201 553 4261 «Sive
567 4217 641 4278 ergo
666 4199 724 4259 isto
745 4198 813 4258 loeo

62 4292 146 4371 ipsum
154 4298 268 4359 tudam
281 4300 466 4376 percuntem
478 4292 656 4353 miserando
670 4290 814 4351 turbatus

63 4393 115 4460 eat;
132 4390 192 4450 sire
216 4407 275 4449 sua
297 4392 398 4448 morte
418 4385 646 4465 propinquante
670 4382 815 4443 turbatus

15 4502 17 4547 ς
64 4484 181 4553 estnon
200 4487 366 4543 esttamen
389 4478 453 4538 ullo
476 4477 569 4538 modo
596 4475 813 4551 dubitandum,

65 4589 117 4632 non
128 4592 197 4635 eum
210 4575 309 4635 animi
322 4571 513 4645 infirmitate,
525 4569 577 4630 sed
592 4573 742 4648 potestate
752 4573 815 4627 tur-

65 4661 166 4736 batum,
185 4686 227 4729 ue
249 4665 340 4727 nobis
364 4663 537 4743 desperatio
561 4660 668 4722 salutis
686 4661 814 4735 oriatur,

66 4759 173 4832 quando
183 4777 250 4820 non
262 4762 424 4837 potestate,
440 4754 492 4816 sed
512 4752 691 4814 infirmitate
711 4752 816 4812 turha·

68 4866 162 4910 mur·

100 4943 144 5002 Sic
161 4944 257 5005 etiam
280 4942 434 5003 Maximus
458 4939 492 5000 in
514 4939 644 5001 bomilia
666 4936 767 5019 prima
785 4934 820 4998 de

68 5030 171 5111 rejecto
188 5033 437 5116 quodopesimm
458 5031 655 5112 «Ignorabat
667 5030 820 5091 nimirum

70 5124 208 5204 diabolus,
228 5129 341 5208 inquit,
362 5127 437 5206 quia
453 5126 537 5205 quod
560 5124 700 5186 Christus
721 5123 821 5184 nutri-

71 5226 162 5281 menta
168 5220 339 5302 perferebat
350 5218 501 5295 infantiae,
515 5217 660 5297 quodque
667 5214 821 5277 esuriebat

851 2355 953 2433 penda
985 2360 1105 2415 naturae
1144 2355 1228 2415 illius
1269 2355 1454 2416 adscriberet
1492 2376 1499 2415 ι
1535 2356 1620 2416 velut

852 2446 1057 2525 quadraginta
1098 2447 1220 2508 dierum
1256 2445 1433 2525 jejunium,
1468 2454 1500 2509 et
1529 2448 1623 2510 maris

853 2539 1064 2617 calcationem,
1081 2560 1096 2597 a
1110 2541 1194 2619 quod
1209 2558 1282 2600 vero
1296 2541 1440 2615 doluerit,
1453 2546 1482 2601 et
1492 2541 1623 2602 dolendo

854 2636 995 2692 mortuus
1009 2632 1059 2707 sit,
1073 2638 1186 2711 praeter
1200 2637 1358 2705 naturam,
1376 2639 1407 2694 et
1421 2652 1477 2712 per
1490 2634 1623 2695 miracu·

853 2722 920 2784 lum
946 2723 1062 2784 laetum
1090 2743 1155 2785 osse
1183 2724 1306 2785 diceret.
1320 2746 1335 2782 »
1367 2726 1455 2798 Quod
1483 2744 1569 2786 secus
1593 2747 1625 2787 se

853 2815 997 2878 babuisse
1010 2816 1109 2876 docet.
1132 2817 1201 2876 Nou
1215 2817 1300 2877 enim
1314 2825 1472 2877 certatura
1491 2817 1625 2878 desueui-

856 2909 924 2969 totis
944 2908 1039 2968 talem
1067 2907 1156 2968 illum
1184 2908 1399 2970 fortitudinem
1426 2914 1622 2983 contraxisse,

854 2997 904 3059 sod
929 3019 966 3060 eo
988 2999 1090 3081 pratia
1118 2998 1251 3062 habuisse
1270 3008 1384 3062 censet.
1419 3004 1515 3063 uHoc
1542 3004 1626 3064 euim

856 3091 1025 3152 divinitatis
1041 3093 1115 3153 nnio
1134 3093 1303 3173 personalis
1319 3094 1419 3155 eidem
1433 3095 1575 3172 contulit,
1592 3102 1627 3157 ut

856 3184 943 3244 omni
963 3191 1083 3245 naturas
1106 3203 1214 3246 rerum
1235 3186 1401 3265 imperaret
1419 3192 1449 3247 et
1464 3188 1543 3248 nihil
1563 3208 1626 3249 suae

857 3276 1011 3337 resisteret
1024 3277 1216 3338 voluntati.»
1236 3279 1352 3338 Verum
1373 3279 1528 3358 duplicem
1549 3280 1628 3341 inte-

857 3367 919 3429 rim
934 3368 1126 3430 voluntutem
1147 3370 1315 3444 discernit3
1343 3372 1443 3431 Unam
1469 3373 1627 3432 «rationa-

858 3460 932 3534 lem,
948 3461 1119 3521 secundum
1132 3480 1227 3540 quam
1242 3462 1325 3523 idem
1335 3462 1534 3524 voluithomo
1544 3467 1628 3544 quod

860 3554 952 3613 [lens.
964 3574 979 3609 n
991 3552 1129 3614 Alteram
1145 3555 1322 3634 «appetitus
1340 3552 1462 3635 (nempe
1477 3557 1630 3618 inferioris

860 3649 891 3705 et
903 3642 1031 3725 sensilis)
1047 3646 1217 3707 seeundum
1239 3665 1332 3725 quam
1347 3648 1459 3709 dicitur
1477 3650 1555 3711 rollo
1578 3670 1629 3711 eo-

861 3737 996 3813 medere,
1025 3737 1079 3817 qui
1102 3740 1195 3799 etiam
1215 3738 1371 3819 jejunium
1395 3740 1564 3819 celebrans,
1591 3742 1630 3803 ab

861 3831 937 3891 escis
962 3830 1030 3890 vult
1057 3830 1224 3892 abstinere.
1255 3834 1330 3893 Vult
1356 3833 1452 3912 igitur
1478 3835 1573 3904 idem,
1601 3841 1632 3898 et

860 3941 924 3983 non
938 3922 1006 3983 vult
1018 3924 1191 3985 comedere.
1209 3925 1246 3984 Et
1260 3923 1332 3986 huie
1342 3926 1467 4004 qtridem
1480 3928 1631 3989 volantati

861 4014 960 4075 multa
994 4015 1132 4076 Christus
1161 4016 1232 4077 tulit
1266 4018 1420 4078 centraria
1447 4037 1454 4079 ε
1483 4019 1528 4079 illi
1559 4040 1632 4082 vero

862 4107 983 4167 nihil.»

901 4201 971 4260 tam
997 4218 1071 4261 vero
1096 4220 1169 4262 oum
1193 4218 1315 4262 neeesse
1345 4202 1377 4262 id
1396 4220 1460 4262 esse
1481 4201 1631 4281 dicatur‘,

865 4290 943 4371 quod
958 4292 1136 4373 impossihile
1148 4300 1189 4353 est
1202 4312 1260 4354 uon
1275 4312 1341 4365 esso,
1357 4293 1494 4354 nonfuit
1518 4297 1587 4355 talis
1600 4296 1634 4357 in

865 4383 986 4444 Christo
1007 4386 1144 4464 patiendi
1169 4386 1349 4461 necessitas3
1373 4404 1430 4446 neo
1450 4387 1564 4448 inritus
1583 4389 1635 4449 illa

864 4495 972 4556 passus
986 4483 1042 4554 est,
1055 4483 1205 4556 tanquam
1222 4478 1320 4540 vitam
1341 4497 1405 4539 nou
1419 4486 1530 4557 posset.
1556 4482 1635 4541 Nam

865 4569 891 4629 si
918 4569 1028 4645 rellet,
1058 4570 1136 4630 nihil
1163 4570 1278 4631 horum
1308 4570 1436 4631 omnino
1463 4577 1632 4650 pateretur.

866 4662 966 4735 Quare
991 4662 1074 4740 quod
1109 4663 1261 4722 Maximus
1294 4662 1387 4742 paulo
1423 4661 1532 4723 citatus
1564 4672 1637 4727 ante

867 4752 997 4832 scripsit,
1009 4772 1093 4814 <cnon
1106 4753 1197 4814 luisse
1206 4753 1379 4832 fragilitatis
1389 4772 1544 4833 corporeae
1554 4759 1637 4837 qnod

867 4844 1005 4906 Christus
1018 4845 1146 4906 esuriit:
1162 4867 1177 4902 c
1191 4853 1245 4906 aut
1259 4863 1331 4906 eum
1344 4847 1538 4923 Augustinus
1552 4849 1638 4910 iufir-

868 4938 1009 4998 mitatem
1029 4958 1048 4997 a
1062 4938 1180 4999 Christo
1195 4944 1334 4998 removet
1349 4958 1356 4998 ε
1373 4940 1416 4999 sic
1437 4940 1640 5021 intelligenda

868 5029 1031 5107 istasunt,
1055 5049 1119 5091 non
1145 5036 1179 5090 ut
1207 5030 1371 5091 infirmitas
1397 5031 1450 5093 illa
1476 5053 1585 5095 revera
1607 5037 1640 5097 in

869 5122 990 5183 Christo
1004 5141 1069 5182 non
1082 5122 1186 5199 luerit,
1207 5144 1222 5181 o
1236 5141 1307 5183 cum
1321 5123 1388 5203 ipse
1397 5126 1526 5189 esuriret
1544 5149 1550 5188 :
1568 5129 1642 5189 alio·

871 5214 946 5293 quin
961 5214 1076 5277 esurire
1098 5234 1161 5276 non
1177 5222 1279 5295 posset
1300 5235 1306 5276 :
1329 5218 1382 5279 sed
1401 5219 1473 5299 quia
1494 5221 1642 5300 fragilitas

94 5428 175 5490 {Epist
189 5445 220 5478 u.
232 5457 260 5468 -
271 5432 351 5489 thus.
366 5432 439 5477 Trrct.
455 5443 480 5476 tr
493 5430 518 5475 ia
532 5430 611 5476 loona.
627 5427 667 5475 suh
680 5430 718 5474 ttu.
733 5448 757 5463 ··
773 5426 893 5484 sthitipp.
907 5426 937 5472 ih.
952 5426 1002 5471 -l
1015 5426 1070 5472 thid.

219 5514 296 5574 Tou.
312 5513 364 5573 Vl.

1486 5512 1525 5570 il
