3936 6152
536 321 586 382 66
605 310 908 401 includimus,
930 316 1004 384 nc.
1027 318 1081 399 n,
1103 318 1189 386 car.
1211 323 1254 384 11.
1631 310 1690 375 ua

119 482 212 545 fecisse
225 486 317 564 negat
332 506 340 546 ι
357 490 388 548 61
409 486 493 566 quod
506 486 546 548 irb
566 488 762 567 Evangelistrl
778 487 871 568 scrip
920 489 1059 568 exposui.
1076 489 1164 550 Idem
1183 488 1217 548 in
1235 486 1465 549 commentariis
1479 481 1688 556 indoenuem‘,

120 582 179 638 tom
190 582 242 647 est,
261 577 424 657 profecisse
438 584 473 641 ut
493 584 594 654 etate,
609 580 652 642 ita
665 586 696 641 ct
708 580 868 659 sapientia,
921 582 1093 662 profectum
1106 581 1197 642 illum
1217 581 1311 643 refert
1324 582 1363 641 cd
1376 579 1520 660 speciem,
1536 576 1689 637 66161161-

119 669 263 750 gratiaque
286 670 443 733 Christum
459 673 567 733 :idad
587 673 684 733 solam
706 673 800 734 refert
817 691 869 733 eo·
920 693 995 735 nam
1021 674 1279 753 significationem
1307 674 1417 735 eodem
1443 690 1475 733 se
1495 669 1637 732 habentis
1650 686 1689 729 ex

118 780 196 837 rum,
220 780 290 842 qum
313 764 533 843 perfectissima
552 763 620 843 jam
647 765 706 844 ipsi
734 764 868 841 inerant,
919 767 1089 828 sesemodo
1103 767 1272 845 sapientie.

116 860 357 917 ornamentorum
390 856 646 936 significationem
686 862 719 918 et
744 865 868 937 ἔκρανσω.
960 861 1002 919 X.
1025 858 1282 919 Theodoretusin
1302 855 1503 935 libroquinto
1521 853 1557 915 de
1570 853 1689 915 lorett-

119 947 200 1025 Cujus
211 946 271 1008 loci
284 949 489 1028 prioreverhs
499 950 565 1029 jam
575 949 667 1010 retuli
677 950 870 1011 antecedenti
920 953 963 1013 cis
978 950 1268 1034 sobrelr's,cap.r111,
1288 950 1435 1010 adversus
1455 946 1689 1026 Apollinaristas

116 1037 233 1119 capite¹.
260 1041 443 1118 Posteriora,
457 1042 570 1121 quibus
593 1042 766 1122 profectum
780 1043 870 1103 illum
918 1044 1040 1123 probat,
1064 1043 1220 1104 Christum
1258 1044 1395 1104 animam
1418 1038 1585 1118 suscepisse
1616 1056 1688 1099 cum

114 1131 245 1209 declarat,
261 1137 335 1194 sunt
346 1134 546 1213 hujusmodi:
566 1134 754 1209 «Quomodo
772 1135 868 1213 igitur
919 1154 1059 1215 corpore,
1075 1134 1209 1214 hocipso
1225 1132 1384 1213 Evangelii
1398 1130 1587 1206 testimonio,
1604 1130 1688 1209 quud

113 1223 262 1305 proiecisse
275 1225 376 1287 dictus
389 1222 455 1287 esti
476 1227 643 1304 Nimirum,
659 1233 693 1287 ut
707 1245 763 1305 ego
784 1227 866 1287 arbi-
918 1244 983 1289 non
998 1228 1099 1288 solum
1114 1234 1215 1303 atate,
1229 1228 1281 1288 sed
1296 1226 1390 1288 etiarn
1404 1223 1562 1305 sapientie,
1579 1230 1608 1283 et
1620 1241 1689 1303 pro-

112 1322 178 1393 tror,
191 1317 275 1397 quod
289 1318 370 1379 Deus
382 1318 520 1380 Verbum
533 1338 606 1380 curn
619 1321 821 1395 incremento,
838 1324 868 1381 et
920 1320 961 1381 u'a
976 1320 1065 1380 illum
1077 1319 1240 1399 proiecisse
1253 1319 1337 1380 dicit.
1353 1317 1446 1397 Atqui
1459 1315 1614 1396 profectus
1631 1315 1687 1376 iste

26 1440 29 1475 ι
112 1412 189 1469 etate
201 1410 593 1488 corporissui,divinorum
605 1411 760 1473 honorum
771 1411 867 1490 signi·
918 1410 1030 1472 animae
1044 1410 1188 1491 proprius
1200 1416 1259 1487 cst,
1275 1429 1338 1470 non
1355 1407 1535 1470 divinitatis.
1557 1406 1688 1467 Modum

26 1518 28 1537 *
110 1502 277 1563 1661166661
301 1520 497 1575 commensus
519 1504 648 1565 favent«.
673 1526 689 1562 a
718 1505 868 1579 Quocirca
917 1510 1023 1565 autem
1045 1503 1225 1583 proficiendi
1238 1505 1281 1564 sic
1302 1503 1452 1582 explicat:
1470 1521 1484 1557 ιι
1497 1500 1617 1572 Merito,
1638 1499 1686 1559 in·

110 1594 225 1674 pmfecit
237 1594 309 1656 ideo
323 1594 461 1656 Christus
474 1596 568 1657 homo
588 1596 750 1676 sapientia,
766 1601 795 1658 et
808 1598 869 1656 vir-
917 1597 994 1675 quit,
1012 1614 1083 1656 cum
1095 1596 1191 1656 aetatis
1209 1597 1418 1669 incremento,
1440 1591 1602 1670 conjunxit
1613 1611 1686 1673 pro·

109 1686 270 1766 tute,quod
294 1705 352 1766 pro
377 1696 505 1748 aetatum
528 1688 655 1749 modulo
674 1688 756 1748 illius
774 1698 866 1767 argu·
915 1688 1030 1749 fectum
1051 1688 1219 1767 sapientiae.
1246 1688 1324 1748 Nam
1347 1705 1404 1766 pro
1423 1702 1570 1757 mensura
1589 1685 1687 1746 6616116

109 1782 217 1853 menta,
252 1783 285 1839 et
317 1777 431 1840 indicia
461 1779 594 1859 praebuit
610 1798 616 1839 :
634 1796 736 1859 neque
768 1780 867 1859 qualis
918 1798 1086 1860 corporeae,
1104 1779 1207 1840 divina
1222 1785 1335 1840 natura
1354 1779 1512 1857 propriam
1532 1775 1687 1837 revelabat

108 1873 218 1931 maturo
230 1870 310 1948 iam,
325 1877 357 1931 ct
370 1871 437 1931 viro
451 1872 639 1951 congruebat
654 1872 785 1945 indoles,
797 1890 867 1932 carn
918 1871 1144 1952 sapientiam.»
1163 1873 1236 1945 Quas
1246 1872 1324 1933 ratio
1340 1889 1404 1931 non
1418 1871 1491 1930 satis
1505 1869 1544 1929 ad
1559 1868 1685 1928 institu-

107 1963 135 2022 in
150 1962 362 2038 infantill,aut
388 1964 500 2042 puerili
520 1964 630 2025 habitu
652 1964 789 2042 corporis
812 1981 865 2025 ex·
917 1971 982 2025 tarn
1001 1965 1303 2043 argumentationem
1331 1962 1430 2023 facere
1455 1961 1589 2022 videtur.
1616 1961 1686 2021 Non

107 2054 214 2134 pressit,
232 2072 276 2115 ne
300 2068 365 2114 non
386 2055 460 2116 satis
483 2074 540 2133 pro
562 2075 636 2117 vero
656 2073 721 2117 sese
739 2056 867 2118 homine
915 2057 999 2118 enirn
1018 2075 1057 2116 ex
1070 2075 1107 2117 eo
1128 2057 1279 2136 sequitur,
1300 2056 1473 2117 humanam
1497 2071 1568 2114 curn
1593 2071 1685 2113 carne

106 2152 214 2226 gereret
232 2166 241 2207 ε
259 2146 309 2207 vel
324 2147 465 2223 monstri,
484 2155 515 2210 et
528 2148 642 2210 ostenti
656 2148 754 2209 instar
766 2148 864 2209 habe·
917 2149 1055 2210 animam
1066 2149 1264 2228 assumpsisse
1287 2148 1453 2223 Christum,
1467 2145 1551 2225 quod
1564 2145 1685 2225 sapien-

106 2244 191 2301 retnr.
914 2245 968 2315 tia,
987 2252 1019 2303 ct
1033 2241 1133 2320 gratio
1152 2242 1315 2320 profecisse
1338 2240 1463 2316 legitur,
1486 2239 1512 2298 si
1531 2237 1687 2317 profectus

140 2331 196 2393 Sed
207 2332 364 2393 rationem
374 2351 429 2393 cur
441 2331 572 2392 minime
587 2331 750 2410 profecerit
760 2332 864 2394 statim
914 2335 966 2396 ille
980 2335 1014 2395 in
1027 2334 1092 2394 sola
1114 2333 1272 2412 sapientias
1297 2332 1502 2394 declaratione
1522 2330 1660 2390 consistit
1675 2348 1683 2388 ι

105 2423 218 2503 subjicit
230 2424 367 2503 Cyrillus
380 2423 593 2485 observatione
611 2442 676 2484 nou
690 2425 860 2500 indignum.
914 2428 1074 2507 quoniam,
1088 2426 1145 2487 etsi
1171 2428 1284 2486 animm
1297 2425 1402 2485 locum
1416 2429 1470 2485 aut
1482 2422 1612 2499 mentis,
1636 2422 1685 2482 di·

105 2516 275 2576 Cumenim
289 2516 450 2577 Nestorius
467 2515 622 2576 Christum
630 2516 784 2595 paulatim
794 2534 865 2597 pro
913 2520 1025 2580 vinitas
1051 2518 1206 2598 impleret,
1233 2525 1270 2578 ut
1298 2516 1470 2598 Apollinari
1499 2515 1602 2575 visum
1629 2521 1684 2590 est,

102 2609 234 2688 passione
250 2608 345 2687 facto,
357 2608 525 2689 pervenisse
541 2607 656 2668 diceret
680 2606 718 2668 od
731 2608 863 2688 Poutr'fi·
913 2617 1017 2692 posset
1030 2612 1139 2673 eodem
1158 2610 1252 2670 modo
1275 2609 1346 2684 dici,
1358 2608 1523 2689 proiecisse
1537 2607 1686 2687 sapientia

102 2704 166 2760 61661
191 2699 372 2779 dr'puitutem
386 2698 411 2760 1.·
438 2699 541 2777 arguit
562 2699 622 2761 hoc
650 2698 804 2779 Cyrillus,
834 2707 864 2761 et
913 2704 1050 2765 Christus
1057 2723 1065 2779 ;
1087 2708 1241 2783 quatenus
1253 2702 1352 2763 latens
1371 2702 1405 2761 in
1422 2718 1514 2761 carne
1528 2698 1683 2776 divinitas,

102 2793 203 2871 querit
226 2792 270 2852 de
295 2791 371 2864 illo,
397 2791 553 2870 quomodo
578 2791 617 2852 ad
645 2791 864 2853 sacerdotalem
912 2814 970 2876 pro
991 2797 1089 2857 aetatis
1101 2796 1311 2870 incrementis,
1333 2794 1465 2869 diversa,
1482 2796 1513 2853 et
1531 2791 1686 2872 prioribus

101 2884 285 2946 functionem
299 2884 414 2945 sensim
440 2884 613 2963 profecerit,
638 2890 669 2944 et
682 2890 863 2946 utrumnam
912 2888 1096 2967 perfectiora
1105 2884 1541 2967 consequentiadarctindicia
1549 2883 1683 2961 virtutis,

101 2978 267 3039 accessione
283 2975 409 3037 virtutis
423 2976 455 3038 id
470 2977 510 3037 sit
523 2976 627 3055 aliqua
645 2977 771 3038 16616111.
798 2978 863 3038 Hoc
912 2984 944 3042 ct
954 2981 1122 3058 sapientiae.

99 3086 164 3130 vero
181 3070 271 3131 dictu
289 3068 376 3130 nefas
397 3086 474 3141 esse,
490 3067 600 3148 probat
623 3087 661 3129 ex
675 3087 723 3143 eo,
750 3070 864 3149 equod
951 3073 1087 3134 loannes
1100 3090 1174 3133 vero
1189 3073 1396 3133 Damascenus
1406 3070 1683 3131 diserteaccurate·

99 3163 240 3242 quidquid
256 3161 344 3223 abest
357 3180 376 3221 a
387 3161 572 3239 perfectione
591 3161 725 3237 virtutis,
741 3162 862 3242 vitupc-
912 3184 973 3245 que
988 3166 1181 3245 pronuntiat,
1197 3164 1291 3226 solius
1306 3159 1586 3233 demonstrationis,
1603 3164 1634 3221 et
1648 3160 1686 3219 si-

98 3254 207 3317 ratione
220 3255 358 3332 dignum
370 3258 425 3315 est.
443 3268 545 3332 neque
555 3253 724 3333 peromnia
737 3254 865 3315 laudan·
912 3256 1333 3337 gnificatfonistalemChristi
1340 3255 1514 3336 profectum
1522 3253 1682 3315 exstitisse:

99 3347 165 3408 dum
179 3369 187 3408 :
203 3346 272 3409 imo
289 3364 365 3407 vero
389 3346 515 3406 fortasse
540 3346 638 3426 culpae
662 3346 863 3407 tribuendum
916 3347 1560 3429 oquvrdvidelicetsapientiam,quaeinerat
1573 3344 1685 3423 ipsi,in

98 3447 147 3502 est.
189 3439 290 3520 Atqui
326 3456 437 3500 verum
475 3438 556 3499 istud
590 3443 657 3512 est,
699 3456 756 3499 nou
797 3457 863 3499 curn
912 3447 1054 3521 apertum
1082 3446 1301 3520 promeretur>
1335 3439 1429 3499 addit
1457 3438 1529 3498 huic
1556 3435 1684 3496 alteram

97 3532 187 3611 fectu
217 3538 376 3613 pareutum
410 3548 500 3611 neque
533 3529 681 3591 inuentum
715 3550 772 3592 case
808 3529 861 3590 do·
911 3533 1064 3614 profectus
1085 3532 1168 3592 illius
1189 3531 1495 3610 interpretationem,
1532 3546 1626 3608 quam
1646 3546 1685 3589 ex
1784 3542 1789 3549 ·

99 3622 154 3683 lau
178 3631 209 3684 ru
230 3642 285 3683 ore
311 3622 375 3702 ejus
391 3621 415 3697 ²,
437 3621 483 3682 uti
510 3623 659 3702 seriptum
685 3628 742 3683 est.
773 3623 864 3702 Ejus·
911 3624 1128 3704 Amphilochio
1145 3624 1238 3703 paulo
1257 3629 1329 3684 ante
1351 3620 1677 3695 commemoravimus,

97 3716 176 3777 modi
187 3717 285 3796 igitur
299 3715 387 3775 omni
401 3720 538 3793 exparte
561 3715 713 3794 perfectus
727 3721 783 3786 est,
805 3732 864 3776 nec
913 3715 1104 3795 minimeque
1118 3715 1310 3795 probabilem
1326 3733 1390 3776 esse
1404 3715 1558 3776 diximus:
1570 3731 1683 3792 nempe

96 3806 138 3868 illi
159 3809 332 3888 quidquam
360 3806 444 3868 deest
466 3807 505 3867 ed
528 3806 701 3867 absolutam
724 3802 863 3868 numeris
912 3808 1067 3870 Christum
1087 3809 1119 3869 in
1143 3807 1241 3869 scilla
1261 3808 1466 3881 transtulisse,
1489 3825 1559 3886 qum
1579 3811 1686 3866 nostra

97 3901 234 3962 omnibus
252 3899 475 3960 nutarent»
510 3899 625 3959 Verum
651 3918 717 3959 non
741 3899 863 3961 videtur
912 3908 985 3962 sum
1008 3920 1015 3961 ι
1039 3907 1085 3977 ut,
1112 3901 1260 3980 quoniam
1282 3901 1425 3961 homines
1444 3899 1526 3961 illius
1548 3899 1607 3959 hoc
1630 3896 1685 3957 ad·

97 4008 293 4072 consequens,
319 3991 363 4051 ibi
382 4009 447 4051 esse
470 3991 608 4070 crrlpam,
633 4008 669 4052 ac
682 3998 860 4070 peccatum,
911 4000 1020 4068 ventu,
1036 4012 1072 4054 66
1095 3993 1245 4055 beneficio
1259 3999 1331 4054 sunt
1349 3993 1464 4070 adepti,
1481 3997 1517 4052 ut
1531 3989 1685 4069 sapientia

97 4083 146 4144 ubi
156 4103 220 4145 non
235 4091 283 4145 est
296 4082 438 4143 absoluta
450 4084 607 4162 perfectio.
619 4084 662 4144 De
674 4102 736 4163 qua
750 4102 783 4144 re
799 4085 862 4146 dixi
911 4086 1144 4165 perficerentur,
1165 4091 1197 4146 et
1218 4089 1327 4162 gratia,
1354 4083 1440 4145 istud
1461 4083 1575 4162 ipsum,
1600 4081 1684 4161 quod

96 4175 192 4255 ulibi²,
212 4192 288 4238 cum
310 4176 349 4236 de
367 4175 554 4255 perfectione
576 4177 631 4236 Dei
653 4177 813 4254 agebatur,
833 4182 864 4238 ct
911 4178 1059 4238 membris
1073 4178 1139 4256 ejus
1151 4178 1306 4252 convenit,
1323 4176 1415 4256 capiti
1429 4176 1595 4236 tribuatur.
1615 4175 1682 4234 Cae-

96 4267 357 4345 quemadmodum
384 4268 491 4329 dextre
517 4267 594 4328 illud
622 4268 718 4347 accipi
752 4266 862 4332 debeat
913 4275 1016 4331 terum
1042 4287 1111 4347 cos,
1141 4270 1253 4350 quibus
1271 4288 1343 4330 vere
1362 4267 1524 4348 profecisse
1544 4266 1684 4328 Christus

129 4487 149 4526 a
166 4473 281 4527 Ctutct..
300 4470 359 4533 Πῶς
372 4463 414 4523 οὖν
429 4469 476 4542 ἄρα
488 4470 634 4540 προκόπτειν
645 4467 755 4543 εἴρηται;
771 4490 864 4543 cuppe-
914 4472 1045 4541 πετο1ηκεν
1067 4472 1200 4545 όμαρτ1αν,
1224 4470 1280 4526 otte
1295 4471 1377 4543 ιόρόόη
1397 4472 1471 4532 δόλος
1485 4468 1509 4523 ἰν
1529 4474 1564 4542 τῷ
1577 4471 1684 4543 στόματι

95 4558 212 4626 τροόντος,
235 4556 272 4617 ὥς
294 4573 323 4626 γε
345 4548 425 4625 οἶμαι,
446 4558 490 4607 τοῦ
513 4545 569 4605 θεοῦ
592 4553 668 4623 λόγου
692 4557 722 4621 τῆ
743 4553 864 4607 totihioc
914 4554 999 4608 αὐτοῦ.
1021 4555 1083 4609 κατὰ
1096 4557 1239 4628 γέγραπται.
1255 4555 1396 4615 nacturus
1416 4548 1459 4605 οὖν
1479 4551 1494 4605 ό
1514 4552 1612 4607 τοιόοδι
1625 4553 1685 4625 πρός

96 4639 204 4709 σώματος
218 4637 318 4705 cit-dou
332 4656 368 4699 τι,
389 4636 429 4690 sal
441 4636 526 4708 ἡλικίᾳ
539 4642 590 4690 τῶν
610 4634 714 4690 ἐνόντων
730 4635 798 4709 αὗτῷ
812 4638 865 4690 dec·
913 4640 961 4691 πᾶν
976 4639 1001 4703 ὁ,
1017 4644 1094 4703 cnoel,
1109 4639 1150 4691 καὶ
1163 4638 1218 4693 κατ’
1232 4637 1320 4691 olbiae
1333 4639 1422 4709 τρόπον
1438 4637 1467 4688 liv
1488 4634 1543 4708 ἔχοι
1557 4635 1587 4689 τό
1606 4633 1684 4698 tricia

95 4719 428 4793 manducaverimus
442 4719 565 4791 lupercis.
914 4726 958 4775 τοῦ
970 4720 1059 4794 ἀρτίως
1072 4721 1174 4793 ἔχοντος
1186 4719 1219 4783 εἰς
1232 4720 1382 4792 κατόρθωσιν
1391 4717 1485 4790 ἀρετῆς.

129 4805 280 4861 tdssroa.
295 4802 369 4873 apud
384 4802 478 4873 Cprtll.
501 4801 548 4858 lib.
573 4800 607 4857 111
625 4808 730 4858 contro
751 4802 864 4859 Nestor.
950 4804 1184 4860 ctTnaonoasros
1202 4803 1249 4859 lib.
1267 4804 1288 4859 ll
1304 4802 1340 4858 de
1354 4807 1431 4858 Har.
1448 4816 1508 4871 cap.
1531 4798 1683 4856 16111161-

97 4880 179 4950 Οότος,
191 4887 205 4940 ό
217 4885 285 4940 κατὰ
303 4886 397 4960 μικρόν,
416 4884 530 4957 ciperani,
549 4883 581 4949 εἰς
595 4884 728 4958 ἀρχιερέως
743 4887 866 4958 προκόψας
915 4907 963 4950 τως
974 4888 1001 4941 δὲ
1011 4887 1179 4959 σονέζεοξετῇ
1199 4891 1242 4955 τῆς
1257 4882 1352 4953 ἥλοι1ας
1369 4882 1466 4952 editori
1479 4883 1523 4953 τὴν
1537 4888 1580 4952 τῆς
1598 4885 1684 4957 οορῑας

98 4969 200 5041 όξιώριιι.
916 4966 1032 5023 irridetur.
1048 4970 1108 5042 πρός
1120 4969 1168 5042 γὰρ
1182 4970 1211 5023 τό
1228 4970 1316 5041 μέτρον
1338 4971 1382 5036 τῆς
1395 4972 1439 5021 τοῦ
1453 4968 1569 5039 σώματος
1588 4967 1684 5035 diridet

130 5069 145 5108 c
162 5053 231 5109 lbid.
254 5046 318 5107 Eira
331 5058 385 5115 πῶς
399 5051 443 5117 όν;
457 5054 472 5120 ἢ
488 5051 560 5105 πόθεν
580 5051 706 5105 εἰδοιάοειέ
720 5071 765 5115 τις,
784 5054 822 5105 ότι
836 5052 865 5106 τό
915 5052 1107 5120 insidiamini]
1118 5054 1171 5105 θεία
1182 5053 1251 5124 prisce
1265 5051 1309 5120 τὴν
1323 5050 1414 5105 cinctas
1425 5051 1522 5122 σοφίαν.

98 5132 234 5209 ἧμαρτηκός
244 5139 289 5190 τοῦ
299 5135 397 5197 relatore
410 5134 511 5207 ἔχοντος
524 5133 587 5186 κατὰ
601 5132 699 5207 ἀρετὴν,
716 5134 764 5188 tat
778 5141 865 5207 μῶμον
951 5152 965 5192 6
984 5136 1084 5191 Dauus.
1101 5135 1148 5191 1111.
1175 5137 1221 5201 111,
1238 5153 1299 5207 cup.
1316 5150 1382 5192 xxti.
1404 5135 1449 5188 Διὰ
1464 5134 1491 5188 δὲ
1507 5138 1551 5203 τῆς
1562 5133 1684 5202 αὗξήοιως

100 5216 174 5285 ἔσται,
190 5220 232 5271 aad
249 5217 295 5271 οὖιι
309 5217 343 5280 εἷς
356 5220 420 5271 ἅπαν
434 5216 639 5289 τεόαορασμένον,
654 5218 749 5290 μᾶλλον
763 5216 790 5271 δὲ
799 5219 866 5291 τάχα
915 5224 958 5286 τῆς
967 5218 1061 5286 ἡλικίας
1074 5218 1117 5287 rip
1133 5218 1317 5294 ἐνυπάρχουσαν
1327 5220 1393 5292 αιίτῳ
1408 5218 1495 5290 copim
1505 5217 1538 5280 εἰς
1546 5219 1684 5289 φανέρωσον

100 5320 143 5357 τοι
155 5302 254 5357 collant
268 5302 362 5373 γραφὴν
379 5301 514 5374 apamiae
528 5298 594 5353 tili
613 5301 659 5373 μὴν
677 5298 771 5373 ἀληθὲς,
784 5302 822 5355 ότι
837 5301 865 5353 οὺ
916 5302 992 5373 ἄγων.

127 5480 137 5523 t
153 5479 196 5536 5⁹·
206 5502 236 5516 -
247 5477 292 5523 ti·
304 5479 350 5523 Pet.
360 5487 385 5522 rr.
394 5501 422 5513 -
432 5479 516 5524 81661.
527 5479 545 5529 1,
560 5479 601 5524 lib.
615 5478 642 5522 ul
656 5488 705 5534 cap.
716 5474 836 5535 11611111
847 5486 894 5535 seq,
903 5502 932 5517 -
940 5476 954 5524 t
962 5480 1010 5535 Cpr.
1025 5480 1065 5524 lib.
1079 5480 1127 5526 ltu
1139 5484 1218 5530 16666.
