3932 6142
345 212 404 275 190
850 217 1176 281 Tflmolnotcottutt
1201 217 1419 282 recusauit

344 394 410 438 non
422 377 575 456 ejusmodi
587 384 633 439 est
643 377 699 440 illa
705 397 908 460 personarum
922 372 1109 458 differentia,
1162 382 1298 463 theologi
1309 402 1382 446 eum
1396 383 1492 446 secuti
1506 383 1721 464 segregandam
1729 382 1884 464 judicarunt

344 467 469 548 qualem
483 469 639 532 Tritheitae
647 470 722 533 laiso
733 473 877 551 suspicati
887 480 960 536 sunt
970 494 978 550 ;
990 480 1026 536 ut
1036 480 1110 535 totae
1162 477 1273 536 merito
1287 476 1427 537 abdicata
1440 475 1542 537 luerit.
1559 476 1674 538 Verum
1688 494 1749 537 non
1774 478 1887 538 estuari·

344 578 409 622 asc
423 566 533 622 mutuo
551 562 712 641 disjuncte
734 565 806 638 sint,
827 571 892 627 tam
909 568 1028 628 netmis
1047 566 1111 626 sin·
1160 564 1280 642 simile;
1302 567 1365 628 imo
1384 567 1582 629 falsissimum
1601 573 1655 641 est,
1675 572 1720 629 tot
1736 573 1850 643 muetos,
1866 575 1888 629 ct

342 652 436 732 gulis,
445 671 541 733 quam
549 672 754 735 personarum
766 658 1018 738 proprietatibus,
1027 658 1111 738 quod
1160 658 1296 719 eruditos
1309 659 1426 737 Patres,
1439 659 1493 740 qui
1505 658 1592 722 illam
1600 659 1806 735 adhibuerunt,
1816 659 1888 721 utu

342 760 443 807 unum
457 746 618 808 Athanasii
637 746 690 810 illa
703 748 791 811 locus
813 749 942 830 excepit.
965 751 1010 811 lta
1026 750 1110 811 enim
1160 749 1188 810 ei
1212 750 1471 831 significationem
1494 751 1668 831 subjecisse,
1692 751 1730 813 oh
1750 768 1832 831 quam
1849 751 1889 811 alii

342 854 452 899 revers
477 837 512 898 in
540 846 669 900 mictum
699 841 865 920 gentilium
899 842 1110 904 Christianum
1159 842 1412 919 proscribendum
1432 851 1628 906 censuerunt.
1653 842 1889 923 Augustinusuni

342 927 456 1008 dogma
474 928 698 1008 prolaberetur.
724 933 846 994 Rursus
870 934 955 1013 quod
976 933 1110 995 alterum
1159 950 1227 994 cam
1240 933 1324 995 illius
1344 934 1531 998 damnande
1548 935 1710 996 locutionis
1726 934 1806 995 aliast
1815 935 1889 994 ratio

342 1018 471 1082 nitemur
489 1027 731 1100 argumentum
752 1040 819 1087 non
845 1025 944 1086 videri
972 1024 1109 1086 Athana-
1159 1041 1245 1100 nem,
1256 1025 1340 1104 quod
1353 1026 1442 1088 iesus
1451 1026 1590 1087 Christus
1600 1044 1665 1088 non
1678 1022 1890 1086 citherollcni·

340 1111 421 1174 sium
437 1111 647 1194 Expositicuss
664 1113 739 1196 fidei
752 1116 830 1177 duas
842 1114 1038 1178 elucubrasse
1054 1135 1061 1177 :
1076 1116 1115 1179 id'
1159 1117 1256 1177 nscia:
1293 1115 1344 1178 sed
1370 1117 1522 1180 Dominus.
1558 1118 1592 1181 Si
1629 1117 1668 1180 de
1698 1118 1769 1179 iesu
1792 1115 1889 1176 Ohrhto

340 1221 380 1265 ex
413 1204 598 1266 Theodoreti
629 1207 807 1269 testimonio
837 1208 1000 1284 refellitur,
1026 1209 1110 1289 quod
1158 1206 1308 1287 loquitur,
1322 1214 1487 1288 quamtus,
1499 1215 1531 1271 et
1542 1209 1890 1289 integerspsctatur,rsctc

340 1314 436 1377 supra
447 1296 674 1376 descripsimus.
1011 1293 1013 1297 ’
1158 1298 1202 1360 sit
1224 1318 1289 1361 non
1311 1319 1383 1362 eum
1405 1319 1470 1363 esse
1484 1301 1670 1364 dominicum
1692 1299 1831 1370 lorasham
1849 1298 1890 1359 sed

382 1389 443 1450 Sed
463 1388 549 1468 quod
561 1387 595 1449 in
622 1388 676 1449 illc
695 1387 816 1449 Ruffini
830 1386 911 1466 loco,
924 1396 956 1451 et
968 1395 1034 1451 tota
1052 1390 1110 1452 ista
1158 1389 1300 1453 hominem
1315 1392 1485 1456 Dominum.
1502 1394 1646 1455 Continet
1657 1393 1740 1455 enim
1755 1389 1889 1471 appellatio

340 1480 518 1543 narratione
534 1479 782 1554 observandum,
794 1486 888 1561 atque
900 1481 977 1543 adeo
991 1482 1108 1543 miran-
1159 1482 1271 1544 Christi
1281 1492 1311 1547 rt
1325 1494 1519 1565 συνιμφὸτιρον,
1530 1491 1567 1547 ut
1578 1486 1785 1546 GreciPatres
1795 1482 1888 1558 dicunt,

340 1572 417 1635 dum
436 1571 596 1646 essedixit,
613 1572 689 1634 illud
704 1578 760 1646 est,
777 1572 861 1652 quod
874 1573 1108 1654 Apollinarium
1157 1572 1218 1635 hoc
1239 1581 1285 1636 est
1308 1582 1472 1657 utramque
1494 1584 1650 1655 naturam,
1673 1577 1735 1638 sire
1755 1576 1851 1650 Deum,
1866 1578 1890 1634 at

340 1664 386 1727 ait
398 1664 504 1725 audito
528 1663 706 1743 haajusmodi
722 1664 884 1741 vocabulo,
903 1664 988 1727 homo
1006 1665 1108 1727 Domi·
1158 1667 1329 1728 hominem.
1355 1668 1410 1729 Sin
1431 1675 1488 1743 est,
1515 1674 1552 1729 ut
1569 1668 1707 1731 humana
1723 1666 1784 1729 sola
1802 1671 1889 1727 uatum
1905 1670 1946 1739 tt!

340 1755 434 1829 nima,
442 1756 580 1818 nouitate
592 1756 745 1817 sermonis
758 1756 983 1837 obstupefactos
995 1764 1110 1836 esse,et
1158 1757 1293 1820 hominis
1317 1758 1468 1821 vocabulo
1496 1766 1644 1838 notetur,
1670 1760 1806 1839 idemque
1826 1754 1889 1837 quod
1913 1724 1946 1872 'E

340 1847 414 1911 hnic
427 1848 555 1911 lituram
572 1848 742 1923 induxisse,
757 1867 830 1911 cum
844 1850 882 1911 ab
903 1850 1106 1931 Hieronymo,
1159 1857 1336 1932 assumptus
1352 1851 1527 1926 aliomino,
1549 1852 1634 1915 idest
1654 1872 1674 1914 a
1692 1851 1789 1913 Verbo
1807 1848 1888 1920 inerit,
1920 1882 1946 1927 ,q

340 1941 395 2021 qui
408 1958 447 2002 ex
459 1941 627 2003 Athanasio
640 1940 744 2003 locum
763 1940 951 2022 protulerat,
968 1943 1108 2004 codicem
1158 1940 1329 2005 Dominicis
1337 1943 1521 2024 appelletur,
1535 1962 1601 2006 non
1611 1944 1714 2018 video,
1724 1937 1890 2005 cucnomiu's

340 2034 527 2113 accepissant
542 2032 630 2115 (Num
641 2035 868 2115 Hieronymum
876 2034 937 2097 illic
947 2036 986 2096 ab
996 2036 1108 2097 Rufino
1158 2033 1251 2115 hujus
1264 2037 1415 2116 poenitere
1427 2036 1549 2098 debean.
1564 2037 1645 2113 Quid
1659 2034 1764 2099 euim?
1776 2034 1835 2096 lion
1845 2048 1890 2092 m·

340 2126 496 2201 designari
510 2144 602 2189 nemo
617 2144 681 2188 non
695 2125 803 2207 videt.)
818 2127 912 2207 Atqui
931 2128 1023 2208 paulo
1037 2134 1109 2189 anta
1158 2127 1283 2207 pissime
1305 2133 1370 2190 tam
1397 2127 1437 2190 ab
1450 2127 1649 2206 Augustum,
1677 2144 1769 2209 mam
1790 2125 1824 2188 ab
1841 2123 1891 2184 aliis

342 2218 527 2298 Gregorium
541 2219 770 2281 Nazianzenum
778 2219 982 2281 audiebamus
989 2220 1108 2300 Apolli·
1159 2220 1284 2294 munh,
1298 2220 1474 2300 Graechqm
1487 2220 1639 2300 theologis
1653 2220 1818 2282 humanitas
1828 2213 1892 2277 thn-

340 2310 751 2373 naristisusumuovseillius
764 2312 848 2374 vocis
856 2311 1107 2392 exprobrantem.
1159 2311 1210 2388 sti,
1238 2312 1334 2373 homo
1354 2311 1486 2388 dicitur;
1513 2320 1545 2376 st
1564 2330 1621 2394 pro
1646 2310 1834 2392 simplicibus,
1855 2304 1891 2367 sal

342 2402 502 2464 Scribebat
515 2407 620 2464 autem
639 2403 805 2482 Gregorius
826 2404 936 2465 codam
956 2409 1107 2486 tempore,
1160 2403 1319 2466 abstractis
1340 2404 1501 2484 complexa
1523 2405 1654 2468 nomina
1676 2405 1710 2467 in
1728 2419 1813 2466 usum
1828 2398 1892 2461 adhi-

341 2512 404 2574 quc
417 2495 475 2555 snb
491 2495 681 2557 Damasorcs
693 2495 746 2557 illa
759 2496 901 2573 contigit·
1159 2495 1282 2558 bentur.

178 2618 317 2675 ,mm
382 2587 434 2648 lii.
469 2587 665 2667 Prmcipuum
692 2588 731 2649 cd
765 2588 852 2649 iham
885 2588 1110 2667 repudiandam
1199 2590 1261 2650 Leo
1274 2594 1358 2651 certe
1375 2587 1516 2668 pontifex
1538 2587 1665 2651 Deitatis
1682 2585 1816 2647 homiuem
1831 2600 1891 2643 nun·

169 2671 318 2780 ffiggghffl’
341 2679 508 2742 dictionem
521 2686 719 2742 momentum
731 2680 845 2742 hahere
857 2680 1024 2759 Augustini
1037 2699 1110 2743 auc·
1161 2683 1304 2760 cupavit3
1322 2702 1338 2739 o
1353 2682 1455 2755 Quum
1472 2680 1568 2760 igitur
1583 2679 1768 2753 misericors,
1785 2669 1893 2754 inquit,

171 2786 308 2876 ”iiiam
340 2770 448 2833 toritas
461 2771 594 2847 videtur,
615 2772 719 2853 quiin
740 2772 821 2834 libro
840 2774 942 2853 primo
958 2772 1110 2834 [temacta-
1161 2773 1418 2852 omnipotensque
1435 2773 1575 2834 Salvator
1593 2772 1637 2832 ita
1655 2766 1893 2868 susceptionishu-

184 2883 315 2941 suganam
340 2864 464 2942 toccum,
476 2865 575 2947 capite
589 2881 647 2935 ins,
659 2866 860 2944 semetipsum
874 2865 1012 2944 castigat,
1027 2866 1111 2945 qnod
1161 2883 1265 2927 mance
1279 2866 1492 2943 moderaretur
1505 2863 1644 2940 exordia,
1661 2870 1697 2925 ut
1714 2863 1845 2924 virtutus
1858 2873 1894 2916 m·
1945 2890 1946 2959 q

340 2957 374 3018 in
400 2976 438 3020 eo
460 2957 540 3034 loco,
567 2976 662 3038 quem
689 2976 784 3038 supra
810 2957 1054 3019 memoravimus
1073 2976 1112 3019 ex
1161 2957 1433 3037 separabilisasuo
1445 2956 1574 3019 homine
1583 2952 1895 3035 deitatispervelcmcn
1945 2964 1946 3017 ι

340 3049 477 3111 secundo
490 3049 570 3111 libro
592 3048 628 3110 de
652 3049 789 3113 sermon
811 3049 869 3111 Dei
882 3054 915 3110 io
933 3048 1052 3123 montc¹,
1068 3050 1112 3112 ita
1162 3054 1277 3111 ncstrae
1301 3049 1490 3111 infirmitatis
1517 3047 1732 3123 absconderet,
1753 3067 1768 3106 n
1791 3051 1841 3106 etc.
1859 3038 1896 3101 Sic

340 3148 418 3202 essct
445 3141 591 3202 locutus:
612 3162 627 3200 a
642 3142 704 3203 Sed
721 3160 786 3203 non
811 3141 919 3215 video,
936 3142 988 3213 ait,
1005 3146 1111 3201 unum
1161 3140 1307 3204 hominem
1324 3133 1896 3204 ScicctcrisdixitPetrusAlexandrinut

339 3237 423 3294 recte
436 3232 558 3295 dicetur
572 3234 667 3294 homo
681 3233 864 3308 Dominicis,
881 3232 936 3314 qui
946 3239 987 3294 est
999 3232 1110 3295 medic·
1164 3233 1320 3295 Athanasii
1336 3250 1501 3308 successor,
1522 3232 1670 3295 Facundo
1689 3227 1791 3293 teste‘.
1805 3230 1841 3289 At
1853 3224 1895 3303 Gr·

339 3332 387 3385 tor
398 3323 456 3386 Dei
469 3332 498 3387 st
511 3323 673 3403 hominum,
688 3325 771 3387 horno
786 3324 921 3388 Christus
934 3324 1027 3398 lesus,
1039 3344 1112 3386 cum
1161 3326 1250 3386 rillus
1262 3325 1343 3386 libro
1362 3330 1448 3387 sexto
1466 3325 1497 3385 in
1515 3324 1661 3386 loannem
1680 3323 1767 3385 valde
1784 3315 1897 3398 suggillti

339 3416 379 3478 sit
392 3417 501 3497 utique
515 3417 679 3480 Dominus.
696 3416 880 3479 Dominicus
899 3423 1005 3478 sutem
1018 3419 1112 3478 homo
1161 3417 1242 3479 hanc
1251 3418 1452 3493 locutionem,
1462 3415 1546 3477 homo
1556 3413 1676 3478 Christi
1686 3434 1694 3478 ι
1703 3409 1899 3493 eamqueaotti

339 3509 411 3587 quis
423 3509 459 3571 in
485 3509 553 3589 ejus
572 3515 678 3572 sancta
700 3510 817 3572 familia
831 3528 897 3572 non
910 3514 1011 3589 potest
1023 3508 1112 3570 dicit
1166 3506 1383 3586 «imperitam,
1395 3511 1426 3567 et
1437 3504 1588 3585 impiam:
1603 3504 1827 3584 quoniemcnm
1838 3498 1899 3558 licus

340 3600 378 3660 Et
390 3600 451 3663 hoc
475 3602 602 3681 quidem
623 3612 660 3663 ut
686 3602 832 3675 dicerem,
855 3602 939 3682 apud
961 3601 1113 3680 quosdam
1162 3604 1251 3673 esset,
1274 3600 1369 3660 homo
1390 3597 1488 3659 iactus
1506 3601 1562 3672 est,
1582 3600 1614 3657 et
1630 3592 1820 3657 indivisibilis
1835 3588 1898 3649 inec

339 3689 402 3769 legi
414 3697 596 3753 mactatores
612 3693 963 3755 catholicosdivinorum
977 3692 1114 3772 eloquio·
1161 3691 1239 3771 ipso,
1263 3691 1348 3770 quod
1372 3691 1454 3753 Deus
1476 3692 1550 3765 erat,
1577 3692 1608 3749 et
1627 3687 1726 3749 Filius
1748 3684 1830 3748 etism
1845 3692 1900 3741 cum

339 3799 423 3843 rum.
441 3782 504 3844 Sed
529 3783 718 3864 ubicumque
742 3785 802 3847 hoc
822 3785 907 3854 dixi,
930 3784 1042 3845 dixisse
1061 3802 1113 3846 me
1161 3792 1319 3845 carnem
1886 3861 1891 3872 Ι

339 3873 466 3936 nollem.
478 3873 921 3957 Posteaquippcvidinonesse
932 3876 1110 3951 dicendum,
1201 3874 1238 3936 X.
1263 3872 1357 3953 Atqui
1370 3890 1434 3936 non
1446 3873 1517 3953 plus
1533 3871 1614 3934 inest
1633 3868 1776 3952 periculi,
1791 3860 1815 3927 si
1830 3860 1900 3923 ivm*

341 3965 482 4042 quamvis
495 3968 649 4029 nonnulla
668 3969 766 4049 possit
791 3970 911 4031 radone
936 3967 1071 4030 delendi.
1092 3988 1109 4027 s
1161 3975 1234 4047 nem!
1249 3964 1374 4042 Christi,
1388 3966 1439 4027 vel
1460 3964 1612 4028 solcctcris
1635 3962 1762 4035 dixeris,
1784 3967 1899 4039 ptumi

340 4058 386 4119 lta
406 4059 616 4137 Augustinus,
632 4061 687 4140 qui
709 4067 815 4123 tamen
842 4061 897 4135 ibi,
920 4058 976 4121 uhi
997 4060 1112 4120 lihrum
1162 4057 1374 4120 humanitatem
1399 4055 1523 4135 Christi,
1546 4055 1699 4136 qnoniam
1724 4052 1841 4135 quidem
1861 4041 1900 4147 tir

339 4166 432 4211 strum
445 4150 481 4213 ds
502 4152 650 4233 octoginta
664 4152 761 4214 tribus
781 4150 990 4234 questionibus
1003 4169 1112 4213 recen·
1161 4149 1254 4213 tinuit
1272 4168 1359 4227 usus,
1384 4155 1420 4210 ut
1441 4147 1524 4210 homo
1542 4166 1599 4228 pro
1614 4146 1797 4210 tenacitate
1809 4150 1900 4221 pamm

339 4240 414 4320 suit,
429 4242 541 4323 inquo
555 4244 604 4305 bis
619 4263 656 4306 ca
669 4263 747 4311 soce
759 4264 835 4308 usus
846 4250 924 4323 erat,
939 4243 1059 4305 nullam
1072 4244 1112 4307 de
1160 4248 1339 4322 usurpetur,
1366 4240 1405 4303 dc
1427 4258 1490 4321 quo
1514 4246 1632 4320 postea.
1653 4238 1716 4301 Sed
1736 4250 1831 4315 neque
1846 4241 1900 4289 cum

339 4335 582 4398 asmentiouem
599 4337 713 4416 attigit.
1158 4333 1303 4396 hominem
1330 4332 1521 4395 Dominicum
1548 4331 1708 4409 audimus,
1735 4340 1852 4424 neccsse·
1866 4318 1901 4379 tii

170 4467 315 4514 sancimen
380 4426 558 4506 Augustini,
573 4427 620 4489 uti
634 4428 826 4499 dictumest,
842 4426 1025 4489 auctoritate
1040 4445 1111 4506 per·
1162 4425 1280 4489 Christi
1290 4422 1438 4486 hominem
1446 4423 1642 4503 intelligere:
1659 4439 1769 4486 verum
1781 4416 1901 4478 umnec

179 4520 306 4619 ‘ffoeiffl‘
339 4516 417 4579 moti
439 4519 586 4599 Magister
607 4517 874 4595 Senunumumt,
897 4524 929 4579 et
952 4525 1023 4598 post
1039 4537 1112 4581 cum
1166 4518 1265 4591 Verbi,
1281 4517 1456 4596 quietique
1469 4518 1551 4579 Deus
1563 4521 1620 4591 est,
1635 4522 1666 4577 et
1680 4513 1833 4577 Dominus.

186 4585 314 4672 oeii'anns-
342 4607 376 4670 S.
392 4610 527 4673 Thomas
538 4609 562 4689 ⁸,
575 4612 764 4673 locutionem
776 4610 869 4672 istam
880 4609 1020 4672 tunditus
1033 4612 1113 4690 rejo-
1201 4611 1241 4671 At
1262 4609 1296 4671 S.
1324 4610 1470 4683 Thomas,
1498 4607 1692 4670 locutionem
1719 4607 1816 4679 istam,
1837 4595 1904 4657 teuc

180 4683 302 4779 '4¹ssssssss
341 4707 461 4765 cerunt.
476 4703 538 4765 Nec
551 4704 683 4765 dubium
696 4709 753 4777 est,
772 4701 849 4782 quin
864 4719 901 4763 eo
915 4701 1112 4764 sensuintel·
1161 4699 1344 4775 Dominicis,
1367 4699 1522 4780 improbat
1536 4701 1597 4761 hoc
1608 4691 1902 4779 argumentosam:

340 4789 430 4870 lecta,
444 4792 533 4873 cnjus
541 4795 642 4875 gnada
652 4799 775 4858 sanctus
788 4792 1002 4870 idemdoctor,
1017 4800 1049 4858 et
1059 4793 1114 4858 elii
1165 4814 1181 4855 e
1195 4792 1365 4873 quodcum
1378 4791 1490 4855 dicitur
1503 4791 1599 4855 homo
1614 4792 1754 4855 Christus
1765 4789 1854 4858 Jeeus,
1866 4777 1905 4839 di·

375 4990 397 5031 a
415 4976 525 5033 Crattt.
542 4978 577 5036 Vl
592 4981 625 5035 itt
642 4983 728 5037 Joatt.
752 4978 909 5036 ’Acciisnros
927 4974 969 5034 οὖν
988 4980 1045 5053 ipo,
1065 4978 1107 5034 scol
1159 4997 1206 5042 πος
1224 4982 1268 5032 τοῦ
1283 4978 1399 5051 Χριστοῦ.
1416 4978 1476 5041 θεὸς
1497 4976 1546 5051 γὰρ
1562 4980 1598 5032 ὢν
1619 4978 1721 5052 quevo
1740 4942 1904 5048 dvipcmul

339 5057 452 5123 iuwsslt
468 5061 557 5134 κομιδῆ
571 5061 601 5117 τὸ
618 5062 699 5137 lituu
713 5063 894 5139 turpissimos
906 5063 975 5129 τινὰς
986 5063 1001 5119 6
1014 5063 1106 5137 iripo-
1160 5059 1297 5133 ἀδιαίρετος
1309 5062 1368 5116 ticos
1383 5061 1416 5124 εἰς
1437 5061 1467 5116 rh
1487 5054 1550 5115 sisui
1570 5061 1633 5127 θεὸς,
1650 5061 1694 5115 sel
1721 5058 1781 5124 υἱὸς,
1801 5055 1838 5109 uui
1855 5044 1904 5123 wi

1159 5143 1258 5216 σαρκὸς.

366 5305 465 5364 ineu.
480 5306 717 5365 u-snunmup.
732 5321 773 5356 ιιι.
785 5309 813 5354 ιι.
827 5331 855 5345 -
869 5310 919 5357 ιιι
931 5309 962 5357 ιιι
974 5322 1069 5369 aequ.
1081 5322 1127 5361 ιιι.
1143 5313 1186 5354 ιιι.
1206 5311 1227 5355 a.
1239 5310 1291 5355 -a
1302 5309 1356 5356 vles
1369 5310 1409 5357 ιιι.
1422 5311 1459 5360 ιι.
1470 5321 1559 5368 opat,
1569 5321 1617 5368 pn.
1627 5309 1705 5358 c-s
1722 5308 1764 5355 uo
1780 5312 1864 5353 mu
1882 5296 1903 5339 t·

337 5367 511 5426 dottcmsep.
523 5381 589 5419 ru·
601 5370 723 5417 erasum.
733 5371 775 5419 lit.
786 5371 815 5418 il.
