3932 6142
288 339 352 417 292
793 341 1117 405 runebeeleehutt
1140 340 1357 403 DOGMATUM

330 504 500 566 Dorotheus
509 504 542 565 in
557 505 696 568 doctrina
704 506 818 588 prima,
835 526 905 569 eum
916 506 1053 581 dixisset,
1105 511 1279 568 monstrant
1304 506 1338 566 in
1360 503 1575 585 indifferentia,
1604 509 1636 565 et
1649 504 1793 566 utriusvis
1807 523 1868 566 am-

288 595 458 672 hemines¹,
479 603 645 677 antequam
667 601 858 678 Redemptor
885 600 1052 673 adveniret,
1105 598 1275 677 plectendi,
1304 598 1353 658 rel
1382 597 1565 679 repudiandi
1594 597 1692 659 litera
1724 602 1871 678 potestate

287 689 320 749 vi
333 706 370 749 ae
385 689 552 768 tyrannice
567 692 730 752 dominatu
751 693 863 754 diaboli
880 710 1053 772 oppresses,
1105 691 1195 752 sitam
1209 708 1274 752 esse
1295 690 1464 751 voluntatis
1478 689 1583 751 libere
1605 695 1760 766 naturam,
1776 697 1807 752 et
1826 708 1869 752 es

288 780 381 841 etiem
402 781 541 843 uolentes
555 783 587 843 iu
602 789 762 862 pecuttum
777 802 841 844 esse
864 790 1053 864 pertractos3
1105 781 1247 841 sentiam.

288 877 323 932 ut
337 873 502 952 Apostolus
517 874 565 935 his
583 875 686 936 verbis
704 875 875 954 significat3
895 875 964 937 Neu
977 875 1055 937 enim
1145 873 1230 933 XVI.
1264 870 1468 951 Theophanes
1503 872 1671 934 Cerameus
1705 872 1736 933 in
1769 871 1869 933 hemi·

288 963 364 1044 qued
386 964 449 1026 vele
476 965 590 1042 bonum,
611 966 664 1028 Ιιοο
689 968 765 1050 secio
786 988 794 1027 t
818 965 867 1028 sed
886 967 965 1048 quod
989 966 1055 1028 nelo
1104 963 1146 1024 lia
1166 981 1252 1040 xire,
1271 963 1441 1042 unicuique
1461 981 1551 1025 suum
1585 965 1742 1027 custodem
1766 964 1869 1026 adesse
1894 1007 1966 1051 m

248 1121 254 1133 ,
287 1056 408 1136 melum,
430 1057 484 1119 Ιιοο
504 1058 596 1140 eget·
619 1060 691 1120 blex
708 1061 763 1134 ait,
792 1060 976 1120 «Christum
999 1078 1057 1121 nes
1105 1056 1259 1135 Angelum
1271 1055 1391 1132 scribit,
1404 1060 1436 1117 et
1449 1056 1478 1117 ei
1488 1057 1664 1136 oppositum
1678 1057 1869 1119 malumtite
1893 1060 1939 1106 uns

287 1148 391 1210 exille
412 1151 591 1211 necessitate
604 1151 767 1227 liberasse;
792 1170 827 1212 ac
846 1151 936 1211 nebis
950 1156 1055 1230 petes·
1105 1154 1211 1209 tamen
1227 1154 1292 1208 eut
1311 1153 1422 1209 neuter
1444 1148 1510 1209 rim
1533 1148 1642 1210 afferet
1664 1169 1672 1210 t
1696 1168 1737 1211 ne
1760 1149 1866 1223 libere,
1925 1122 1956 1159 Μ

287 1245 384 1301 tatem
397 1241 514 1303 dedisse
535 1242 666 1304 faciendi
688 1243 774 1311 beni,
790 1243 815 1303 si
839 1244 965 1323 quidem
977 1243 1055 1303 reli·
1105 1241 1214 1320 suique
1223 1240 1304 1320 juris
1317 1245 1451 1320 potestas
1470 1240 1641 1303 veluntatis
1657 1242 1796 1303 laedatur.
1812 1242 1869 1303 Sed

286 1350 375 1394 mus:
392 1339 424 1393 et
436 1339 471 1394 ut
481 1352 546 1394 nen
555 1335 689 1414 amplius
698 1334 870 1412 trahamur,
884 1339 919 1395 ut
929 1335 1055 1414 quidam
1105 1338 1273 1412 utrumque
1287 1332 1441 1394 centraria
1454 1348 1630 1413 suggerere,
1645 1352 1681 1395 ac
1692 1334 1868 1410 consulere;

287 1423 409 1502 dixerit,
425 1426 573 1487 violenter
587 1426 626 1487 ad
640 1426 789 1488 maluma.
802 1448 817 1485 t)
1105 1425 1200 1486 altere
1215 1424 1353 1504 qrridem,
1369 1431 1405 1486 ut
1426 1431 1586 1505 speratum
1601 1444 1640 1486 ex
1653 1427 1767 1488 virtute
1788 1425 1869 1487 bne·

326 1518 396 1579 XV.
419 1517 552 1596 Insignis
565 1524 610 1579 est
624 1518 682 1580 hae
696 1519 734 1580 de
749 1538 783 1580 re
796 1518 883 1579 locus
892 1515 1008 1594 duplex
1022 1515 1053 1575 iu
1105 1522 1174 1578 tum
1191 1536 1198 1578 t
1212 1517 1320 1592 altero,
1337 1522 1372 1578 ut
1386 1517 1540 1593 servilem,
1555 1523 1586 1578 et
1595 1518 1807 1580 blandientem
1820 1538 1871 1580 νο·

241 1637 247 1650 ·
289 1608 422 1671 Sabellis
439 1612 478 1671 ad
498 1612 652 1672 loannem
676 1612 847 1672 Climacum
868 1609 1052 1683 adnotatus;
1105 1609 1255 1687 luptatem
1282 1614 1498 1689 persequetur.
1530 1610 1632 1671 Media
1661 1611 1758 1689 igitur
1781 1610 1869 1671 ambe

287 1720 381 1781 quem
395 1703 480 1764 haud
494 1703 555 1763 seie
570 1723 611 1763 an
622 1702 695 1764 alibi
715 1702 927 1782 descripserim
944 1719 951 1760 :
973 1704 1055 1761 certe
1104 1701 1187 1762 inter
1208 1706 1292 1762 stans
1312 1700 1410 1762 libera
1433 1701 1586 1777 voluntas,
1603 1709 1635 1763 et
1652 1702 1771 1779 electio,
1788 1702 1870 1782 quasi

286 1793 438 1874 preteriri
451 1814 516 1855 nen
529 1795 631 1856 dehet.
648 1797 701 1855 Est
715 1795 801 1856 enim
816 1793 969 1866 emnium,
986 1810 1056 1871 quea
1106 1792 1250 1854 Centurio
1264 1793 1392 1872 quidam
1406 1794 1556 1873 quidquid
1578 1794 1705 1855 hbitum
1718 1808 1776 1871 est,
1789 1795 1870 1856 velut

286 1886 324 1947 de
337 1888 396 1948 hoc
409 1892 593 1965 argumento
612 1888 714 1967 colligi
729 1891 869 1968 possunt,
886 1885 1057 1965 pulcherri·
1106 1885 1248 1963 subjectis
1260 1885 1410 1945 militibus
1428 1887 1571 1966 imperet,
1585 1892 1617 1948 et
1637 1886 1722 1947 hunc
1734 1886 1868 1960 dimittit,

286 1996 386 2054 mum,
398 1980 723 2059 expressissimumque
735 1979 962 2051 testimenium,
979 1996 1056 2057 pre·
1107 1977 1240 2038 alterum
1253 1977 1329 2038 adse
1345 1983 1483 2038 vocet‘.»
1501 1980 1566 2052 Qua
1580 1978 1715 2058 eleganti
1728 1978 1870 2058 allegoria

287 2072 394 2132 sertim
407 2072 588 2134 secuudum.
603 2072 717 2133 Scribit
726 2072 876 2133 Climacus
885 2071 919 2130 in
928 2069 1055 2131 exordio
1105 2070 1250 2149 graphice
1262 2069 1326 2130 vim
1340 2068 1431 2131 liberi
1451 2070 1582 2146 arbitrii,
1600 2077 1632 2132 ct
1643 2079 1673 2133 ιδ
1684 2079 1817 2153 ἀδιάφορον
1832 2080 1868 2133 zat
1899 2098 1927 2130 ,s
1960 2119 1961 2124 ι

286 2162 359 2223 libri
380 2163 440 2239 sui,
464 2165 639 2244 gradusque
664 2164 769 2244 primi,
789 2185 805 2222 ιι
819 2182 927 2224 omnes
950 2182 970 2223 a
992 2164 1055 2223 Deo
1106 2168 1240 2224 ἀδέσποτον
1254 2162 1397 2224 delineat.
1887 2157 1938 2194 “⁸⁸

288 2255 452 2333 productas
465 2257 632 2317 rationales
652 2262 808 2317 creaturas
829 2253 919 2315 liberi
937 2253 1055 2314 arbitrii
1149 2255 1330 2335 Suntpenes
1343 2272 1399 2316 nos
1410 2253 1546 2317 homiliae
1554 2256 1805 2319 Greeeoeleannis
1815 2258 1868 2319 Ca·
1894 2274 1911 2318 t
1956 2297 1959 2304 »

287 2346 430 2407 facultate
453 2349 628 2408 honestetis
648 2348 742 2408 essct.
760 2368 776 2404 ο
791 2348 839 2407 Ad
853 2346 937 2406 hunc
952 2344 1056 2406 lecum
1105 2346 1179 2408 leeee
1194 2347 1376 2427 patriarchas
1393 2347 1735 2427 Constantinopolitani,
1747 2369 1823 2430 quas
1834 2368 1868 2412 ex

286 2437 409 2498 Scholia
431 2440 492 2500 duo
514 2439 644 2499 totidem
657 2439 740 2500 leees
758 2438 928 2513 continent,
944 2438 1057 2516 quibus
1105 2440 1274 2500 Viennensi
1287 2440 1487 2519 Imperatoris
1501 2440 1688 2503 Bibliotheca
1708 2442 1869 2522 descriptas

285 2529 387 2590 liberii
408 2531 529 2591 arbitrii
553 2537 664 2591 nattira
687 2530 870 2591 declaratur.
897 2530 987 2590 Prior
1011 2535 1057 2591 est
1106 2530 1197 2592 nobis
1222 2531 1376 2592 commisit
1398 2533 1438 2591 R.
1464 2533 1497 2593 P.
1520 2533 1680 2594 lielthasar
1698 2535 1865 2609 Cerdcrius,

286 2623 427 2701 Gregorii
442 2623 584 2703 Nysseni,
600 2624 655 2702 qui
673 2623 716 2683 sic
733 2622 850 2684 definit.
879 2642 891 2678 ι
909 2620 1057 2682 Liberum
1107 2623 1157 2684 vir
1166 2623 1317 2698 eruditus,
1334 2629 1365 2684 et
1375 2628 1517 2685 veterum
1527 2626 1790 2688 monimentorum
1799 2646 1869 2689 cen·

284 2714 449 2776 arbitrium
464 2722 509 2776 est
522 2715 681 2776 rationalis
694 2715 807 2776 animas
821 2714 1056 2793 voluntasque
1106 2716 1235 2795 quisitor
1261 2734 1351 2789 acer,
1383 2734 1420 2777 ac
1445 2715 1585 2795 diligens,
1615 2736 1715 2797 eoque
1747 2719 1867 2780 nemine

283 2814 427 2888 prompte
445 2808 530 2869 adid
547 2813 691 2868 meretur
705 2807 926 2887 quodcumque
947 2805 1055 2867 velue·
1105 2808 1380 2869 commendandus.
1396 2808 1430 2869 ln
1440 2807 1566 2869 illarum
1580 2810 1726 2885 secunda,
1738 2812 1869 2892 preclara

283 2899 381 2961 rita»
408 2899 559 2961 Posterior
568 2917 607 2961 cx
616 2899 682 2960 Elia
693 2899 829 2961 Cretensi
836 2904 979 2978 sumptus
989 2904 1034 2958 est
1046 2918 1053 2958 :
1105 2905 1203 2960 exstat
1217 2900 1369 2961 enuntia
1381 2900 1419 2962 de
1429 2901 1548 2962 arbitrii
1557 2901 1710 2979 libertate,
1723 2903 1869 2983 quamhie

289 3018 303 3045 ι
317 2992 465 3054 Liberum
485 2990 648 3053 arbitrium
672 2997 717 3052 est
738 2991 927 3069 intelligens,
942 2990 1055 3050 animae
1104 2991 1215 3052 merite
1230 2991 1461 3053 describendam
1476 2993 1595 3072 perlevi.

282 3085 568 3163 meliosuijuris,ae
580 3083 748 3163 potestatis.
760 3082 944 3145 Undehruta
957 3083 1055 3144 bbere
1148 3105 1164 3141 ιι
1177 3086 1301 3156 Omnes,
1318 3082 1430 3164 inquit,
1446 3085 1587 3146 homines
1605 3105 1677 3147 eum
1696 3088 1816 3149 ratione
1832 3087 1868 3148 li·

283 3184 389 3237 curent
402 3176 541 3237 arbitrie.
557 3177 703 3254 Aguntur
726 3176 810 3236 enim
830 3175 929 3252 magis
945 3174 985 3234 ab
999 3193 1055 3234 na·
1103 3174 1215 3237 berum
1236 3176 1388 3238 hebentes
1413 3176 1575 3239 arbitrium
1593 3178 1689 3241 bbere
1700 3180 1867 3253 ambulant,

283 3274 364 3346 ture,
393 3286 489 3348 quem
512 3273 620 3348 agunt.
645 3268 718 3328 ldee
740 3266 876 3328 naturali
895 3266 1056 3346 cupiditati
1104 3272 1140 3328 ut
1158 3269 1278 3329 velunt.
1300 3268 1378 3329 Nam
1407 3270 1489 3330 Deus
1516 3272 1674 3332 neminem
1700 3272 1791 3351 (egit,
1807 3272 1869 3333 sire

282 3380 347 3423 nen
358 3362 538 3423 renituntur
555 3381 562 3421 :
577 3359 630 3421 sed
643 3359 747 3420 statim
762 3365 855 3438 οιιγιιο
873 3357 990 3437 aliquid
1003 3377 1055 3438 ap
1103 3366 1185 3421 recte
1208 3359 1271 3420 sive
1294 3359 1375 3421 male
1393 3360 1489 3420 vitam
1513 3362 1664 3424 instituat.
1682 3364 1744 3424 Sed
1760 3362 1818 3424 bec
1837 3364 1869 3423 in

281 3455 439 3533 petierint,
454 3454 494 3515 ad
518 3453 672 3515 actionem
694 3453 814 3532 impetu
837 3450 991 3511 feruntur.
1014 3453 1056 3510 At
1103 3452 1253 3513 electione
1266 3452 1417 3532 cujusque
1431 3453 1567 3533 pesitum
1576 3460 1632 3516 est.
1645 3455 1735 3517 Unde
1744 3455 1870 3535 quilibet

281 3548 468 3608 homocum
500 3547 540 3607 sit
559 3546 680 3606 ratione
712 3542 882 3624 preditus,
908 3549 1054 3604 naturam
1103 3544 1198 3605 homo
1221 3544 1312 3620 bene,
1331 3550 1361 3606 et
1383 3551 1420 3606 ut
1441 3546 1505 3607 Dee
1526 3547 1675 3626 placitum
1698 3554 1756 3625 est,
1774 3553 1870 3628 petest

281 3639 384 3718 potius
398 3639 473 3719 egit,
488 3655 583 3717 quam
597 3639 700 3716 agitur
713 3637 752 3698 ab
766 3655 812 3698 ea.
830 3636 904 3696 ldee
919 3654 990 3696 oum
1002 3653 1055 3714 ap
1103 3636 1225 3714 rivere3
1241 3637 1391 3718 quioniam
1409 3638 1541 3712 ratione,
1567 3658 1603 3700 ae
1624 3639 1722 3701 libere
1746 3639 1868 3701 arbitrio

281 3732 370 3811 petit,
385 3730 412 3790 si
431 3731 510 3808 vult,
531 3736 714 3810 potestatem
734 3728 829 3790 hebet
848 3727 1055 3808 reprimendas
1105 3730 1254 3809 preditus
1267 3734 1324 3792 est.
1346 3731 1526 3792 Laudamus
1549 3731 1634 3793 enim
1648 3732 1729 3811 illos,
1744 3733 1798 3813 qui
1814 3749 1869 3793 sna

280 3822 496 3904 appetitionis,
527 3827 582 3882 aut
607 3821 674 3900 ejus
694 3821 870 3900 sequendae.
900 3820 979 3881 Hine
1002 3824 1048 3881 est
1105 3820 1275 3900 voluntate,
1297 3827 1330 3884 et
1351 3822 1501 3901 electione
1522 3824 1599 3886 beni
1618 3831 1711 3902 sunt;
1733 3844 1796 3887 non
1815 3824 1869 3903 qni

280 3916 364 3996 qued
382 3913 475 3975 brute
497 3931 598 3993 neque
612 3914 789 3991 laudantur,
804 3930 906 3991 neque
923 3911 1045 3989 vitupe·
1101 3915 1282 3977 necessitate
1300 3914 1405 3995 aliqua
1427 3934 1465 3977 ee
1487 3915 1611 3979 deducti
1634 3922 1718 3979 sunt.
1740 3917 1868 3979 Maxime
1964 3982 1965 3991 γ

279 4010 390 4068 rantur
412 4026 420 4068 ι
441 4006 535 4067 home
566 4011 597 4067 et
632 4004 735 4081 laude,
763 4011 794 4067 et
825 4003 1051 4085 vituperatione
1101 4023 1174 4068 vero
1190 4007 1353 4069 Christiani
1366 4026 1432 4069 non
1460 4008 1605 4071 sinuntur
1617 4009 1870 4090 riadhibitapee·
1964 3994 1965 4047 i

279 4097 444 4163 afficiturt.
465 4120 480 4158 ο
504 4100 577 4161 Haec
596 4098 678 4160 Elius
706 4118 714 4161 ε
739 4117 809 4178 qtrae
836 4102 978 4159 accurate
996 4097 1050 4159 de·
1101 4103 1242 4161 ceterum
1253 4100 1465 4182 prolapsiones
1476 4103 1654 4165 emendare.
1670 4104 1788 4186 Quippe
1804 4118 1869 4162 nen

314 4294 335 4336 a
354 4279 476 4336 Deteret.
493 4277 567 4334 decl.
585 4292 603 4334 t.
616 4276 663 4330 Καλ
674 4275 762 4331 ἔδωκεν
772 4274 832 4349 ἡμῖν
844 4273 953 4339 lineolae
965 4275 1046 4330 nectit
1097 4275 1258 4352 ὀρεγόμενος,
1288 4276 1355 4352 εέιτιρ
1388 4277 1474 4349 ἐθέλει,
1500 4277 1608 4345 lineales
1635 4279 1688 4356 ἔχει
1716 4278 1868 4355 ἅναγαιτῖσατ
1964 4278 1965 4297 l

277 4363 307 4417 εδ
319 4362 405 4427 καλδν,
421 4360 461 4416 ἐὰν
471 4360 590 4435 θέλωμεν,
607 4361 648 4414 καλ
664 4362 749 4432 μηκέτι
764 4361 885 4428 ἕλκεσθαι,
900 4360 934 4423 ὡς
944 4362 973 4414 ἂν
983 4359 1046 4413 εἴποι
1097 4360 1187 4434 ὄρεξιν,
1207 4362 1401 4432 teotoniam
1426 4364 1497 4439 αὐτῇ.
1519 4366 1573 4419 ὅθεν
1597 4364 1628 4419 τὰ
1652 4365 1696 4438 μὲν
1718 4364 1795 4436 ἄλογα
1811 4360 1867 4416 otti
1964 4354 1965 4415 λ

277 4468 324 4516 τις,
335 4445 397 4521 μετὰ
407 4443 459 4518 βέας
473 4444 545 4508 εἰςτδ
558 4447 642 4499 κακόν.
1101 4443 1244 4515 ἐπαινεῖται,
1257 4446 1313 4501 olet
1327 4447 1436 4521 ψέγεται.
1452 4447 1505 4502 ὁδὶ
1519 4449 1656 4521 ἅνθρωπος,
1669 4448 1712 4503 καὶ
1727 4446 1867 4512 ἐπαινεῖται,

313 4532 330 4587 b
348 4531 390 4586 Je.
402 4530 480 4586 Curat.
500 4529 603 4582 Πάντων
617 4532 666 4582 τῶν
677 4524 720 4581 ὑπ’
734 4525 808 4582 αὑτοῦ
819 4526 964 4583 teretissant
975 4528 1046 4600 λογι·
1100 4529 1142 4582 καὶ
1155 4530 1263 4602 ψέγεται.

275 4620 326 4669 κῶν
343 4611 557 4681 αὗτεξονσιότοτος
566 4609 686 4684 ἀξιώματι
695 4610 854 4682 τιμηθέντων.
1134 4628 1149 4669 e
1167 4613 1384 4671 'fracenham
1402 4631 1475 4671 xttv.
1496 4613 1602 4678 Οιλδτνδς
1625 4613 1719 4670 τοότων
1741 4615 1789 4688 plat
1808 4611 1869 4667 ἐτεά-

312 4711 327 4752 o
345 4697 442 4752 Senon.
456 4711 490 4752 ex
506 4696 621 4765 Greger.
636 4694 773 4766 NyssenO,
789 4694 870 4750 elim.
891 4692 1048 4757 Αὖτεξοναιό-
1098 4716 1195 4769 γοντος,
1208 4696 1251 4751 ἵνα
1271 4696 1304 4770 μὴ
1318 4699 1430 4772 λυμανθῇ
1447 4697 1476 4752 rb
1500 4697 1653 4772 αὗτακρατές,
1668 4700 1709 4753 καλ
1724 4699 1866 4753 ἀδέσποτον·

276 4798 318 4848 της
334 4776 385 4833 ieri
409 4779 488 4852 ψυχῆς
505 4781 606 4852 λογικῆς
627 4777 723 4846 θέλησις
744 4776 848 4851 ἔτοέμως
870 4778 1000 4851 κινουμένη
1015 4776 1048 4840 εἷς
1099 4780 1156 4835 ἀλλ’
1172 4780 1285 4855 ἑκατέρου
1299 4780 1418 4837 τάναντία
1431 4782 1592 4846 detruderetur,
1599 4801 1631 4835 κα
1630 4779 1866 4856 λααμὸονλιιέοντος·

274 4862 376 4934 despit
392 4861 460 4933 θέλῃ.
1100 4863 1199 4937 τουμὲν
1214 4864 1258 4934 τὴν
1272 4863 1343 4919 δι
1345 4868 1414 4938 ρετῆς
1432 4862 1595 4937 ἐλπιζομένην
1617 4863 1766 4929 ἂστόλανσιν,
1784 4860 1869 4916 teeti

310 4942 419 5000 dlhid.
441 4940 677 5014 Αὖτιξουοιότος
649 4963 679 4998 αν
680 4945 716 5007 θές
680 4942 794 4999 θέσει
815 4943 888 5047 νοερὰ
910 4947 953 5012 τῆς
971 4944 1049 5047 ψιγχῆς
1100 4947 1144 5015 τὴν
1159 4947 1346 5021 ἀνδραποδώδη,
1360 4949 1401 5002 καὶ
1426 4948 1557 5002 σαίνουσαν
1577 4946 1678 5018 ἡδονήν
1701 4948 1771 5021 μέσον
1783 4944 1928 5027 coir-ss

273 5026 369 5095 κίνησις
383 5025 542 5098 αὖτοκράτος.
562 5027 615 5080 ὅθεν
629 5026 670 5079 καὶ
690 5027 721 5081 τὰ
739 5026 863 5129 ἅλογα’
838 5047 883 5080 ουκ
897 5026 1002 5081 εἰσλν’
976 5046 1047 5081 αντε·
1101 5029 1203 5102 ἆμροῖν,
1219 5024 1263 5084 οἷά
1274 5051 1310 5093 τις
1332 5031 1520 5105 ἑκατόνταρχος,
1543 5029 1642 5086 ἑστῶσα
1658 5030 1674 5099 ἡ
1689 4996 1928 5094 αλτεξσοσιότης

273 5108 369 5172 ξοῦσια
380 5109 517 5182 ἄγονται
490 5130 537 5182 γαρ
548 5110 642 5182 μᾶλλον
658 5109 747 5163 aab
716 5130 759 5178 της
767 5110 869 5181 ροσεως
879 5111 941 5182 έτερ
952 5110 1047 5182 ἄγουσι
1100 5111 1181 5185 ἡμῶν,
1193 5114 1233 5168 καλ
1251 5114 1399 5187 προαέρισις,
1420 5116 1528 5187 κατάπερ
1550 5114 1699 5188 έναοχειρέοις
1709 5111 1867 5185 repandens

274 5193 315 5247 ru
338 5190 393 5247 οὔτε
408 5191 561 5264 ἀντιλέγουσι
580 5195 611 5266 τῇ
629 5198 716 5266 ρνσικῇ
731 5192 818 5265 ὀρέξει,
834 5192 891 5247 ἀλλ’
912 5195 963 5266 ἅμα
977 5194 1051 5266 δρεχ-
1102 5193 1224 5250 ἐπιτάττει
1233 5199 1257 5263 δ,
1267 5217 1290 5251 τι
1299 5198 1339 5251 καλ
1350 5196 1472 5270 βοόλεται,
1482 5198 1525 5252 τδν
1539 5196 1582 5272 μὲν
1598 5197 1804 5271 ἀποπεμπόμενος»
1820 5192 1865 5246 τ’ῦ*

272 5274 337 5338 eust
350 5294 426 5340 τινος,
437 5275 533 5349 ὁρμῶσι
544 5275 605 5347 πρὸς
614 5275 656 5344 τὴν
671 5274 768 5347 πρᾶξιν.
779 5276 794 5330 ὁ
806 5276 833 5330 δὲ
847 5276 1051 5349 ἅνθρωποςλογι-
1102 5277 1129 5333 δὲ
1143 5281 1362 5354 προσκαλούμενος.

272 5358 316 5421 κδς
329 5361 379 5431 ὢν,
401 5359 455 5433 ἄγει
479 5360 573 5433 μᾶλλον
597 5359 641 5428 rbi
665 5360 746 5432 ριίαιν,
769 5361 831 5432 ἤπερ
846 5359 940 5433 ἄγεται.
956 5360 995 5414 διδ
1009 5361 1050 5413 καλ

308 5515 317 5559 t
330 5512 483 5563 verethum
497 5513 517 5560 ll
526 5514 583 5560 filli.
594 5513 645 5558 -h
657 5514 715 5558 Rem.
728 5523 769 5566 ιιι,
779 5513 817 5558 tu
