3936 6146
494 298 544 359 DE
564 296 863 369 tricennarium,
886 298 961 358 LIB.
983 298 1021 373 X,
1048 297 1131 365 cte.
1156 298 1191 357 V.
1572 296 1633 359 3¹lb

906 465 1056 525 Cunerum
1076 465 1160 529 hune
1183 482 1320 529 errarem
1334 463 1455 532 diserte,
1475 465 1632 523 neenrate-
1678 466 1807 564 lfflqqu'qtli-

866 574 925 635 que
940 556 1050 616 refellit
1063 557 1252 626 rtrrgustinns
1273 560 1405 617 tractatu
1430 555 1458 613 in
1480 551 1631 614 Psalmum
1684 579 1782 668 ¹:115ququ

866 665 955 707 ttxrn.
975 649 1109 716 «noble,
1132 649 1244 727 inquit,
1260 655 1369 727 putare
1381 665 1444 707 tren
1466 645 1558 705 inisse
1574 645 1631 703 tri·
1657 685 1714 722 „gg
1730 681 1806 721 ogga.

866 747 942 801 stem
960 741 1135 801 llomirnnn.
1149 742 1182 800 Si
1195 741 1279 800 enirn
1293 740 1351 799 hoe
1365 738 1545 801 dixerimus.
1558 737 1631 814 qnia
1657 738 1688 774 ¹³1
1698 734 1794 828 m·

865 851 928 893 nnn
942 832 1122 905 eraltristiS,
1132 851 1202 892 enm
1216 830 1515 906 lirarrgelinurdieut.
1529 828 1632 887 Tristis

6 472 48 566 ᾖ.
67 465 188 529 baminis
221 464 400 542 opinionem
430 463 577 542 llionysio
606 461 813 524 Alexandrino

6 590 20 619 r.
69 560 197 637 imputet.
209 558 265 618 Hie
285 558 368 617 enim
380 556 476 617 Paulo
491 558 690 617 Samosateuo
705 558 813 614 eontra

68 650 246 711 dinnitatem
257 649 365 710 Christi
386 648 568 728 disputanti,
595 648 679 727 quod
704 653 815 707 natura

68 744 149 803 homo
180 743 227 815 sit,
264 761 328 802 non
347 743 440 815 Dens,
477 741 563 819 eujus
597 741 699 800 anima
720 740 815 798 tristis

68 842 122 911 est;
141 835 312 914 respondet,
342 832 469 913 perinde
497 834 536 892 ud
564 833 738 913 passionem
753 832 814 891 itu-

68 945 126 986 rum
139 926 303 986 Dominum
313 927 431 995 lesum,
444 925 567 986 tristitia
580 924 722 985 allectum
738 942 813 995 esse,

68 1024 96 1078 nt
108 1018 137 1077 in
151 1017 327 1095 Scripturis,
350 1019 424 1093 Deo,
447 1024 476 1076 ot
493 1017 623 1096 Spiritui
638 1021 742 1076 saneto
757 1016 813 1090 ira,

67 1110 182 1185 tristitia,
204 1110 303 1185 dolor,
338 1110 502 1188 raeterique
530 1108 657 1169 ntleetus
685 1109 815 1169 humaui

67 1219 275 1280 nonnunquam
296 1200 401 1279 effingi
425 1202 534 1261 solent.
563 1202 680 1261 Verum
700 1202 815 1278 Diony-

67 1294 118 1352 sius
137 1293 172 1353 de
185 1293 304 1353 Christo
324 1294 381 1353 ista
402 1293 548 1364 scribens,
570 1299 743 1371 respectum
757 1293 815 1352 ira-

66 1383 121 1443 huit
141 1384 177 1443 ad
196 1384 294 1464 ipsius
315 1385 455 1444 (lisinam
476 1385 695 1457 substantiam,
722 1403 817 1462 quam

68 1476 165 1535 Paulus
184 1478 405 1536 samosatenus
432 1477 649 1554 Impugnabat3
673 1477 818 1554 quemad-

67 1568 176 1628 modum
195 1570 447 1628 Bnnnventrrram
468 1587 560 1648 supra
582 1568 717 1628 diximus
734 1568 816 1627 Hila-

67 1661 133 1720 rinm
145 1661 297 1743 explicere
311 1661 455 1721 soluisse.

93 1887 159 1939 Prima
181 1893 232 1939 ante
247 1886 398 1939 Claudianum
426 1886 560 1937 hlamertnm
575 1886 659 1945 nullus,
682 1891 734 1952 post
759 1887 820 1938 huuc

67 1962 291 2027 primusliereugarius
300 1977 352 2012 eum
364 1961 515 2027 reprehendit,
526 1961 586 2026 qnod
596 1963 724 2026 passionum
738 1961 820 2011 Christi

67 2039 164 2089 renuam
177 2043 278 2102 negaret.
296 2037 379 2088 Contra
393 2036 602 2087 abominatissimis
616 2037 742 2101 quibusque
761 2037 820 2087 doc-

68 2112 138 2163 toribus
146 2114 257 2177 sacrisque
268 2112 375 2163 conciliis
391 2117 415 2162 ut
428 2112 570 2161 venerandus
588 2116 612 2161 el
629 2111 822 2162 eatlralicuslloc-

67 2192 104 2247 tor,
115 2189 272 2241 laceramus
290 2188 344 2238 fldei
355 2187 461 2238 defensor
472 2201 561 2251 semper
575 2187 654 2237 audiit.
673 2191 702 2236 nt
718 2187 737 2236 si
751 2187 774 2236 in
796 2201 823 2236 ea

69 2262 133 2313 assu
151 2264 258 2314 monada
273 2264 307 2314 ita
324 2262 443 2326 singulari,
454 2267 479 2312 ut
497 2263 583 2311 nultum
598 2264 646 2325 ejus
666 2261 784 2325 uestigium
799 2261 822 2311 in

70 2340 127 2390 ahhs
138 2339 193 2390 illius
206 2338 360 2405 scriptoribus
374 2337 541 2403 deprehendere
559 2338 597 2398 sit,
621 2337 667 2387 imo
697 2351 746 2401 quim
771 2336 822 2387 tidei

70 2416 151 2465 maium
164 2429 277 2466 mnseusu
303 2419 399 2478 recepte
422 2420 553 2478 repugnet:
579 2418 611 2463 tot
638 2427 689 2463 eum
720 2413 824 2463 laudibus

70 2490 144 2540 minime
152 2490 314 2541 celebrassent.
330 2489 408 2552 baurge
421 2488 496 2538 minus
512 2488 531 2537 ei
546 2490 699 2553 pepercisset
712 2488 822 2549 haretici,

70 2566 100 2627 qul
112 2579 156 2616 tum
169 2566 317 2615 adversantes
328 2564 371 2614 sibi
381 2564 511 2617 Catholieos
525 2563 691 2613 alioseonlletis
702 2563 824 2613 haeresibus

71 2640 210 2705 maurisque
233 2640 349 2690 infamare
369 2639 502 2704 pronihilo
523 2638 640 2699 ducerent,
655 2638 726 2702 ipsius
749 2641 823 2687 tamen

71 2713 197 2779 hbgntatem
210 2716 418 2781 auctoritatemque
437 2729 528 2780 semper
548 2728 691 2783 summopere
717 2712 824 2763 reformi-

72 2790 143 2843 mmet.

97 2865 423 2933 lleindetlpbtartodoeitis,qui
437 2864 564 2915 lastiniam
575 2868 692 2929 regnante,
704 2879 729 2913 ae
738 2866 824 2913 insonte

73 2954 151 2992 merem
167 2942 255 2993 hilario
271 2955 285 2990 a
299 2940 411 2991 nonnullis
424 2939 562 3004 adscriptum
590 2939 747 2999 defendebant,
762 2953 825 2988 nun-

74 3029 125 3079 quam
144 3018 200 3069 seuit
216 3017 241 3068 in
273 3021 389 3073 mentem,
416 3022 441 3065 ut
463 3015 596 3065 sententiam
617 3029 681 3065 suam
702 3014 756 3064 tanti
783 3013 825 3062 siri

74 3091 146 3143 rumim
156 3095 279 3153 munirent,
294 3092 360 3156 cujus
371 3090 506 3157 jampridem
539 3090 599 3155 apud
624 3089 715 3140 Grecos
729 3087 827 3139 celebria

73 3168 218 3233 ermtscripta.

7 3236 39 3293 ,u
99 3242 183 3294 tiluic
219 3243 296 3294 errori
325 3256 404 3293 resera
424 3240 517 3292 minime
532 3238 768 3304 iuret,quudaitlib.
793 3237 823 3299 ii,

7 3300 50 3383 ff
74 3331 93 3366 rr.
107 3317 143 3368 tl.
155 3317 290 3384 assumpta
307 3332 376 3381 earo,
399 3319 426 3369 id
447 3320 484 3368 est
497 3321 561 3366 totus
578 3316 660 3373 bomo,
682 3317 825 3379 passionum

73 3394 151 3443 suune
160 3397 281 3458 permissa
294 3398 341 3447 ur.

100 3469 121 3519 l.
140 3469 212 3521 Eidem
230 3470 318 3536 passim
330 3469 472 3530 adversatur,
496 3467 535 3532 qui
548 3481 594 3518 uon
612 3466 685 3517 salum
696 3469 825 3517 constanter

74 3542 126 3595 het
137 3544 246 3597 Christum
265 3545 372 3609 gessisse,
388 3545 480 3605 dixisse,
498 3558 525 3594 ac
542 3557 634 3609 passum
647 3556 696 3592 esse
709 3556 825 3607 quaeum·

74 3632 109 3682 gua
125 3620 234 3675 bominum
249 3627 317 3679 sunt;
332 3620 373 3671 sed
390 3624 412 3669 et
425 3633 476 3671 eum
495 3618 565 3680 sitim,
584 3618 691 3679 esuriem,
711 3616 823 3667 tristitiam

74 3707 95 3745 ac
106 3695 197 3746 timorem
209 3695 349 3760 suscepisse,
366 3708 408 3745 nac
427 3709 471 3745 non
486 3694 575 3744 aurium
591 3699 613 3743 et
626 3692 823 3754 turbatumlnisse,

75 3768 147 3822 ierim
158 3788 183 3824 ac
192 3770 300 3824 docuisse
316 3770 386 3820 variis
402 3771 425 3819 in
439 3769 497 3820 locis
511 3769 638 3820 confitetur.

101 3846 173 3900 Omnes
184 3850 234 3901 illas
245 3847 363 3899 homiuum
374 3845 507 3899 afflictiones
517 3859 568 3895 vere
587 3843 695 3895 aCbristo
709 3847 825 3908 susceptas

75 3935 115 3972 esse
128 3923 178 3976 adeo
194 3938 327 3992 persuasum
340 3923 429 3981 eierat,
445 3926 469 3971 ut
482 3921 589 3975 ineamm
599 3919 674 3970 causis
687 3918 826 3984 explicandis

75 3997 200 4060 meismet
219 4013 313 4067 operam
330 3996 457 4057 collocarit,
482 3995 626 4061 proteritque
644 3994 707 4044 illum
725 4008 764 4045 eas
780 4008 825 4045 non

75 4086 116 4133 sta,
131 4076 166 4127 nt
186 4082 265 4129 nostra
291 4088 368 4135 causa,
384 4077 406 4123 et
428 4075 453 4122 ut
478 4071 598 4123 hereticus
626 4069 700 4121 earnis
726 4069 755 4121 ab
777 4070 826 4135 ipso

76 4157 176 4216 assumpte
193 4152 309 4203 ceritatem
322 4152 429 4212 negantes
444 4146 554 4198 mendacii
568 4146 720 4206 convinceret,
736 4159 827 4213 perpes·

77 4236 181 4277 uuam.

103 4300 190 4353 tcum
206 4301 318 4354 libide
340 4301 427 4352 trinit.
450 4313 464 4350 u
502 4298 533 4348 32
561 4297 669 4357 declaret,
692 4311 716 4346 se
745 4294 846 4344 librum·

78 4373 171 4427 helmum
183 4378 307 4431 instituisse
320 4374 428 4427 adsersus
447 4374 575 4434 hereticos,
601 4374 645 4437 qai
664 4373 752 4423 diuinae
764 4385 827 4436 pro-

78 4451 317 4518 palatinorumque
325 4450 523 4507 immemoresad
538 4449 670 4513 impietatis
685 4462 736 4498 srrae
750 4461 811 4510 argu

79 4536 170 4581 mentum
182 4528 369 4595 dispensationis
375 4531 441 4590 gesta
454 4526 565 4589 dictaque
576 4527 765 4585 temeritatum
784 4530 826 4581 est,

81 4606 189 4671 utplanius
209 4606 308 4671 loquitur
326 4602 367 4653 tib:
383 4601 424 4662 ut,
440 4615 462 4651 n¹
477 4602 503 4658 5,
518 4599 556 4666 qui
571 4613 624 4665 quoe
634 4598 664 4649 ab
678 4612 706 4647 eo
722 4590 828 4663 (Christo)

80 4678 392 4732 sesmdumbeminemdiata
406 4676 539 4735 sunt,dieta
548 4690 601 4725 esse
614 4674 829 4725 seauadrrmnata-

81 4757 369 4820 maerensmaerens
381 4753 543 4802 mentiuntur:
558 4750 708 4801 contuendum
721 4755 754 4798 est
764 4763 828 4813 que-

81 4831 162 4883 entra
173 4832 224 4894 sint,
238 4846 288 4896 qum
302 4829 320 4882 l.
338 4828 366 4887 l,
380 4828 488 4877 aduersus
498 4823 829 4876 christianismumhererici

81 4910 181 4975 thubal.
214 4914 279 4978 Atqui
298 4926 348 4978 qum
365 4911 393 4962 de
410 4908 492 4961 Christi
514 4908 612 4968 tristitia.
633 4908 723 4969 timore,
752 4906 829 4959 delore

82 4992 126 5039 aut
138 4988 202 5050 dicta,
223 4988 339 5051 objiciunt.
352 4986 417 5037 Ultro
431 4984 500 5048 igitur
513 4982 617 5035 concedit
629 4982 738 5042 llilarius,
761 4996 788 5033 ea
802 4982 830 5032 de

82 5058 247 5124 merentum
264 5062 378 5113 bominem
392 5074 444 5110 rere
458 5058 518 5109 dicta
534 5072 594 5109 esse.

111 5136 131 5187 l.
148 5137 179 5188 tte
192 5138 245 5188 banc
259 5138 391 5200 ignoremus
411 5133 506 5185 instituti
523 5132 691 5193 mirationem,
711 5132 752 5182 lib.
773 5133 804 5182 ill
822 5171 828 5193 ‚

12 5190 50 5229 '¹³'
83 5208 136 5261 inho
147 5226 186 5276 pre
211 5227 270 5264 more
287 5226 329 5263 suo
342 5224 471 5261 memorans
489 5207 595 5273 quidquid
613 5208 729 5273 superiore
749 5209 831 5258 eonte-

84 5285 143 5348 cerit,
166 5286 277 5337 caahrrnat
299 5300 349 5337 sese
373 5286 396 5334 in
410 5284 497 5335 decimo
519 5283 626 5333 adversus
648 5282 767 5333 hereticos
781 5283 831 5332 dis·

87 5365 173 5422 utttsse
185 5363 221 5425 qui
232 5363 436 5428 dispensationem
446 5360 564 5422 assumpti
574 5359 787 5422 eorporisrapinnt
801 5360 832 5407 ad

89 5437 397 5495 emtemettanrtivtnirutis;
407 5434 660 5497 elimpietatiseausas
672 5433 794 5497 arripiunt
803 5433 832 5482 de

864 933 903 983 est
913 925 1014 983 arrirna
1023 944 1085 983 rnen
1095 944 1184 1004 usque
1192 923 1355 983 (almariam
1369 943 1375 982 :
1388 927 1498 999 ergoet
1508 920 1631 999 qnando

866 1015 939 1075 dirit
962 1016 1176 1093 Evangelium,
1203 1015 1351 1076 Dormr‘m‘t
1372 1013 1464 1085 lesus,
1481 1031 1546 1073 non
1560 1013 1631 1070 dor-

866 1108 954 1167 mivit
981 1109 1087 1168 lesus:
1113 1114 1143 1168 et
1165 1108 1288 1186 quando
1313 1106 1515 1165 Erarr‘relium
1545 1104 1630 1173 rlieit,

868 1198 1060 1260 rllanrluratu‘t
1085 1199 1178 1272 lesus,
1210 1219 1274 1259 nrm
1310 1199 1507 1261 murrrluearit
1533 1198 1632 1257 Jesrrs.

868 1291 1008 1370 Surrrpit
1029 1293 1215 1352 vermiculus
1235 1291 1418 1371 putredinis
1439 1296 1469 1350 et
1490 1290 1567 1349 nihil
1588 1307 1636 1349 su-

868 1402 944 1443 num
954 1385 1119 1463 relinquet,
1132 1391 1167 1443 ut
1181 1386 1310 1459 ditatur,
1327 1384 1398 1462 qnia
1409 1390 1439 1443 el
1448 1400 1560 1461 eorpus
1573 1400 1637 1440 nen

868 1482 934 1536 erut
948 1494 1069 1548 rernm,
1091 1484 1120 1537 et
1144 1495 1270 1536 tarnem
1293 1494 1398 1535 reram
1424 1494 1488 1534 non
1516 1473 1635 1532 hahuit.

868 1569 1024 1647 Quidquid
1039 1588 1111 1646 ergo
1128 1569 1165 1628 de
1185 1569 1238 1628 illo
1264 1569 1410 1646 seriptum
1434 1573 1491 1635 est,
1515 1562 1633 1635 iratres,

870 1661 986 1721 fertum
1001 1668 1057 1736 est,
1073 1679 1182 1721 sertim
1198 1662 1341 1739 estnrgo
1351 1659 1446 1721 tristis
1459 1657 1537 1718 suit?
1547 1675 1635 1737 pror·

870 1888 1055 1939 salutisaestroe
1064 1888 1222 1940 Sacramenta
1232 1888 1314 1953 :quisi
1321 1886 1528 1951 Apostolicmfidsr'
1542 1890 1638 1936 tenaces

870 1967 958 2020 essent,
968 1964 1130 2027 intelligerent
1143 1966 1252 2027 eum‚qui
1265 1965 1290 2014 in
1302 1963 1382 2026 soram
1393 1963 1432 2012 dei
1446 1966 1637 2025 essetassump-

870 2041 932 2089 sisse
953 2039 1058 2101 sormam
1075 2041 1227 2104 serr-ineque
1247 2039 1352 2101 sormam
1371 2039 1435 2087 serrr'
1456 2041 1590 2087 assumeret
1607 2037 1638 2086 ad

871 2114 957 2176 [armac
965 2115 1009 2164 liei
1017 2115 1199 2164 deborrestatern
1212 2113 1339 2177 llaecigitur
1347 2128 1389 2163 una
1400 2114 1420 2162 ei
1429 2112 1456 2161 de
1465 2111 1577 2162 hereticis
1584 2125 1639 2175 que·

874 2189 920 2238 rrla
931 2190 973 2248 est,
989 2204 1033 2238 non
1048 2190 1107 2252 quod
1123 2190 1263 2238 infirmitates
1271 2194 1358 2238 nostras
1368 2187 1591 2244 Christoattribuant,
1599 2188 1640 2238 sed

872 2265 931 2328 quod
946 2264 1040 2315 sormam
1056 2264 1096 2314 liei
1119 2269 1141 2315 et
1163 2266 1257 2315 sormam
1272 2265 1330 2313 serri
1344 2264 1482 2325 distinguere
1503 2263 1638 2323 nescientes,

871 2355 922 2406 quse
936 2341 1047 2405 assumpti
1063 2340 1161 2391 bonrinis
1178 2345 1231 2391 sunt
1256 2340 1284 2390 ad
1310 2340 1406 2390 termam
1422 2338 1461 2389 liei
1486 2339 1591 2389 referant.
1615 2338 1640 2389 ln

872 2416 930 2465 libro
952 2422 1027 2466 autem
1050 2416 1137 2466 decimu
1161 2416 1188 2465 ad
1217 2415 1375 2466 coutumeliam
1404 2414 1526 2465 divinitatis
1553 2415 1642 2479 rapiunt

873 2491 979 2555 qudquid
1004 2491 1031 2541 de
1058 2491 1139 2541 Christi
1157 2491 1256 2551 tristitia,
1272 2491 1359 2551 dolore,
1374 2490 1454 2541 timore
1475 2489 1639 2554 scriptumest.

873 2566 905 2615 Ea
922 2580 986 2629 ergo,
1002 2581 1028 2615 es
1043 2566 1121 2616 llilarii
1136 2566 1254 2625 sententia,
1269 2565 1377 2629 assumpti
1387 2564 1489 2631 corporis
1502 2564 1600 2614 luerunt.

907 2641 931 2691 8.
954 2641 979 2692 Si
1001 2642 1154 2707 expendantur
1179 2642 1353 2701 hereticorum,
1380 2654 1435 2705 quos
1461 2640 1500 2690 lib.
1516 2640 1536 2690 x
1551 2638 1640 2700 refellit,

873 2716 999 2775 sententie,
1011 2718 1048 2782 qui
1064 2717 1169 2767 nimirum
1183 2716 1295 2768 Christum
1310 2716 1442 2773 dividerent,
1461 2720 1499 2764 aut
1512 2728 1563 2764 cum
1575 2728 1642 2765 earne

875 2791 972 2842 Verbum
996 2793 1172 2851 contenderem
1187 2792 1206 2842 si
1231 2805 1319 2843 rursum
1333 2792 1460 2841 attendatur
1475 2803 1583 2853 quorsum
1596 2789 1643 2840 ins·

875 2866 944 2917 tituta
958 2872 990 2917 tot
1006 2868 1151 2931 questiones,
1170 2874 1192 2916 et
1208 2881 1249 2917 eur
1266 2871 1395 2916 naturamm
1415 2865 1437 2915 in
1452 2879 1497 2915 uuo
1519 2863 1642 2928 eodemque

874 2942 963 2994 Christo
992 2942 1106 2993 distinctio
1129 2948 1175 2992 tam
1204 2956 1299 3007 operose
1332 2940 1460 2991 inculcata:
1483 2953 1527 2989 uon
1554 2938 1640 2999 latebit,

876 3017 952 3069 omnia
977 3017 1143 3083 prudentissimi
1171 3017 1270 3068 doctoris
1297 3022 1429 3078 argumenta
1452 3028 1479 3065 eo
1492 3018 1643 3078 spectare‚ut

875 3094 951 3144 multis
964 3094 1084 3145 hereticos
1100 3094 1219 3145 convineat
1240 3093 1329 3143 diversa
1355 3091 1436 3142 Christi
1459 3095 1522 3155 gesta
1537 3090 1642 3153 dietaque

875 3183 901 3220 ex
911 3184 951 3220 soa
965 3170 1066 3235 ipsorum
1080 3170 1187 3235 opinione
1200 3168 1307 3234 explicari
1325 3166 1417 3217 omnino
1431 3180 1475 3216 nou
1490 3178 1566 3230 posse,
1583 3177 1642 3215 con·

874 3246 990 3310 victosque
1004 3246 1086 3296 sensim
1104 3245 1211 3310 perducat
1228 3245 1256 3294 ad
1274 3243 1381 3295 Ecclesia
1399 3241 1481 3301 tidem,
1505 3255 1555 3305 que
1573 3253 1640 3290 uuam

874 3321 957 3373 Christi
972 3335 1089 3386 personam
1100 3322 1200 3385 duasque
1217 3324 1309 3369 naturas
1322 3319 1441 3377 coelitem,
1460 3315 1527 3366 habet
1544 3315 1603 3365 unde
1617 3316 1640 3365 in

874 3412 919 3447 unu
933 3398 1057 3462 eodemque
1070 3397 1158 3447 virtutis
1171 3396 1191 3447 si
1200 3397 1248 3456 nul,
1263 3399 1285 3445 et
1302 3394 1437 3443 intimitatis
1453 3391 1563 3441 evidentia
1575 3390 1641 3453 signe

874 3477 1003 3538 conspuunt,
1028 3473 1127 3537 scopum
1142 3472 1200 3521 bunc
1215 3470 1258 3520 sihi
1269 3470 1292 3519 in
1309 3467 1464 3532 superioribus
1476 3466 1546 3516 luisse
1556 3479 1581 3516 n.
1597 3464 1639 3526 ab,

875 3563 903 3599 ac
912 3549 1019 3612 deinceps
1027 3556 1104 3612 aperte
1118 3547 1238 3609 significat.

908 3623 970 3673 lianc
984 3623 1058 3687 itaque
1087 3620 1279 3681 Coelesiehdem,
1290 3633 1335 3683 qna
1347 3618 1449 3669 Christus
1462 3616 1573 3669 erunibus
1586 3630 1641 3682 guse

874 3697 1110 3760 infirmasuntsalra
1123 3692 1642 3760 Maiestatissuoedignitatcpertunatnsere·
1666 3698 1810 3748 iurarent.

874 3773 948 3834 ditur,
975 3774 1040 3823 unice
1058 3776 1193 3838 propugnat,
1207 3771 1260 3821 dum
1273 3770 1355 3821 aemer
1372 3768 1513 3833 persequitur
1528 3768 1643 3831 heresim,

874 3862 925 3914 quse
939 3863 966 3899 es
979 3848 1095 3899 doloribus
1112 3848 1187 3899 caruis
1213 3852 1334 3911 assumpta
1358 3844 1510 3897 infirmitatem
1524 3843 1565 3895 het
1574 3857 1643 3897 amu·

875 3924 956 3977 arentis
980 3924 1117 3975 adstruebat.
1137 3924 1200 3975 Hanc
1221 3937 1265 3973 non
1286 3921 1356 3973 semel
1384 3925 1445 3971 notat
1471 3919 1642 3986 prenuntiatus

875 3999 947 4050 Esaia
961 4000 1048 4050 verbis:
1064 4001 1115 4050 Pro
1124 4000 1193 4050 nobis
1202 3999 1276 4058 dolet,
1285 4002 1309 4047 rt
1323 4011 1368 4046 nas
1377 3996 1572 4049 existimavimus
1586 4011 1643 4046 eum

876 4077 1107 4129 indoloribusasse:
1124 4075 1187 4139 qnasi
1202 4074 1361 4126 attenuere
1376 4071 1441 4123 nobis
1450 4070 1642 4123 doletsecnndum

876 4161 978 4205 naturum
994 4151 1118 4203 anobisin
1133 4154 1388 4215 temporeassumptam,
1410 4151 1432 4197 et
1450 4160 1492 4197 uos
1508 4145 1644 4195 existimari·

877 4244 928 4281 urus
954 4243 1005 4279 eum
1032 4228 1156 4279 seeundum
1181 4226 1290 4291 potiorem
1313 4223 1463 4273 suinaturam
1500 4234 1567 4285 quam
1591 4226 1643 4270 ante

877 4311 976 4370 tempora
991 4304 1084 4363 obtinet,
1100 4303 1122 4351 in
1136 4301 1252 4355 doloribus
1275 4313 1334 4351 esse.
1355 4298 1406 4348 Non
1426 4296 1487 4349 aliud
1500 4300 1565 4349 sonat
1587 4294 1643 4345 illud

876 4385 942 4431 tract.
959 4380 1027 4430 Psal.
1039 4389 1132 4437 txvrn,
1143 4392 1166 4427 n.
1184 4376 1224 4426 23.
1239 4376 1310 4427 ituria
1324 4376 1399 4437 igitur
1411 4374 1446 4423 r'ta
1459 4387 1474 4422 a
1489 4373 1642 4435 Deopersua-

877 4470 932 4519 srrrn
944 4454 1066 4518 persecuti
1079 4457 1145 4514 suat,
1174 4465 1247 4515 super
1263 4450 1372 4499 dolorem
1391 4448 1521 4501 vernarum
1534 4445 1642 4495 dolorem

875 4530 1052 4596 persecutionis
1066 4529 1139 4591 bajus
1154 4527 1277 4577 addentes.
1291 4525 1339 4574 Pro
1353 4524 1422 4573 nabis
1435 4522 1499 4573 enim
1509 4521 1642 4573 seeundum

876 4607 1020 4672 prophetam
1036 4604 1109 4660 dotet,
1120 4607 1144 4652 et
1158 4602 1249 4651 ideireo
1266 4612 1302 4649 est
1321 4613 1373 4648 esse
1391 4600 1417 4648 ia
1436 4597 1560 4647 doloribus
1573 4597 1643 4646 oesti·

878 4688 967 4733 ruatus.
981 4681 1012 4730 lis
1030 4693 1074 4742 quo
1092 4677 1209 4728 courmode
1227 4674 1356 4737 intelligitur
1370 4673 1413 4723 bae
1426 4671 1466 4721 lih.
1488 4670 1553 4721 lldc
1574 4671 1642 4720 Tria.

879 4772 941 4807 num.
963 4757 1005 4806 te.
1024 4755 1129 4805 Fallitur
1142 4767 1199 4815 erpa
1221 4752 1335 4801 bnnraure
1357 4747 1525 4799 estimationis
1551 4746 1642 4810 opinio.

877 4838 967 4897 putans
996 4845 1052 4879 eum
1079 4829 1160 4879 dolare
1181 4827 1244 4891 quod
1259 4826 1360 4889 patitur.
1388 4822 1452 4881 Quod
1472 4821 1595 4871 illustratur
1619 4835 1645 4871 es

878 4912 943 4958 hart.
969 4906 1037 4956 Psat.
1053 4914 1182 4962 utrumn,
1201 4917 1223 4952 n.
1245 4900 1311 4950 lubi
1326 4897 1446 4963 premissis
1466 4896 1541 4947 serbis
1562 4895 1644 4957 Esaiae,

879 4983 1035 5045 infirmitates
1050 4982 1145 5028 nostras
1158 4978 1272 5041 portauit,
1289 4975 1389 5040 proxime
1397 4972 1497 5035 subjicit.
1509 4972 1577 5023 Eine
1587 4973 1645 5037 qaid

880 5060 906 5108 in
921 5055 1097 5120 impassibilem
1110 5056 1180 5117 algae
1194 5050 1392 5102 indemmabr'tem
1403 5049 1556 5099 diuinitatem
1571 5049 1645 5111 infir-

880 5134 971 5182 mitatis
987 5129 1095 5179 incidere
1109 5128 1306 5186 existimaretur;
1317 5125 1406 5188 adjecit
1424 5122 1538 5188 tEmiasl:
1553 5122 1584 5173 m
1601 5137 1645 5173 nos

878 5206 1024 5273 putabamus
1047 5217 1103 5252 eum
1126 5204 1152 5252 ia
1165 5202 1288 5253 doloribus
1302 5215 1364 5251 essa.
1379 5199 1489 5263 Suscepit
1506 5212 1563 5261 ergo
1573 5199 1646 5261 intir-

880 5284 985 5340 mitateu,
1015 5280 1072 5343 graia
1093 5279 1165 5328 bama
1185 5279 1312 5337 naseitur;
1326 5280 1348 5327 et
1364 5279 1465 5339 putatur
1491 5274 1572 5323 dolere
1588 5273 1644 5337 gaia

878 5359 985 5423 patitur,⁸
1000 5359 1065 5405 earet
1080 5368 1136 5404 uera
1149 5354 1274 5407 doloribus
1299 5353 1358 5417 ipse.
1374 5352 1431 5415 quia
1451 5350 1513 5399 [leus
1535 5352 1579 5398 cst.
1604 5346 1644 5397 Cui

881 5433 940 5482 euim
954 5429 1053 5480 Hilarius
1072 5429 1168 5480 bienna
1183 5430 1283 5479 rideatur
1309 5428 1383 5482 priora
1405 5425 1476 5474 Esaire
1505 5422 1581 5483 verba,
1598 5434 1645 5485 pro
