4076 6180
342 256 402 317 see
854 252 1179 320 canonostconuu
1200 214 1419 317 οοοιιινιιιι

342 439 418 499 eum,
434 422 623 503 poitcbebot
636 427 739 485 ιιιοοιιι
759 422 927 505 imperium,
942 421 1025 485 idest
1038 419 1104 484 dta-
1161 423 1245 481 terea
1271 419 1381 483 merito
1406 419 1602 499 splendorem
1626 419 1699 482 solis
1726 437 1920 495 aeconomum

342 511 441 576 bolom
458 535 465 575 :
480 523 508 576 οι
522 515 656 577 liberaret
670 535 726 592 eos,
742 515 795 597 qui
809 519 912 577 timore
929 514 1033 577 curtio
1052 531 1107 594 per
1159 512 1213 573 sed
1227 512 1261 575 in
1273 512 1354 574 oculi
1366 513 1512 575 morbum
1535 513 1637 593 potius
1657 528 1783 575 censum
1801 530 1924 575 omnem

341 613 430 667 totam
444 607 534 669 uitam
546 607 668 670 obnoxii
681 620 765 670 eruut
783 608 920 669 seruituti
936 627 948 669 .·
968 606 1112 668 homines
1160 603 1341 667 referemus.
1377 607 1496 686 Quippe
1529 623 1601 666 cum
1634 605 1830 668 illuminaret
1860 606 1923 679 ille,

342 699 449 760 asserit
459 699 599 777 intelligi,
611 701 667 780 qui
678 701 712 760 in
725 706 809 761 terra
827 700 946 777 degunt
963 720 970 760 ε
989 699 1027 761 de
1046 699 1113 778 qui·
1160 696 1262 759 lucem
1276 699 1332 759 iste
1345 717 1409 759 non
1420 698 1546 779 recepit.
1563 720 1579 756 ο
1604 698 1699 760 Vides
1714 704 1759 773 ut,
1775 703 1925 777 quantum

342 790 400 852 bus
412 792 447 851 in
458 791 579 853 Psalmo
590 793 703 855 dicitur
715 791 743 853 ¹:
760 792 829 874 Epo
839 792 916 867 diri,
934 792 988 853 Dii
998 791 1076 867 estes,
1086 799 1112 851 et
1161 788 1310 863 insessi,
1327 792 1409 852 Deus
1427 790 1574 852 omnibus
1590 791 1774 852 mortalibus
1784 789 1924 870 grauum,

339 882 538 964 piliiEecelsi
550 905 655 947 οιιιιιοι.
673 886 792 966 Quippe
810 891 994 964 «quantum
1007 884 1111 945 νόθοι
1163 886 1194 941 et
1211 882 1344 943 salutem
1370 883 1543 962 impertiat;
1574 883 1620 943 uti
1644 883 1691 943 sol
1716 882 1820 945 lucem
1843 898 1927 943 snam

341 977 531 1038 voluntatem
556 979 702 1059 pertinet,
715 984 747 1040 et
769 978 809 1038 ud
830 979 955 1038 insitum
975 978 1041 1055 ejus
1058 995 1112 1036 na-
1163 974 1292 1053 ubique,
1305 981 1336 1036 et
1349 976 1383 1036 in
1397 976 1539 1037 omnium
1554 974 1695 1036 immittit
1708 976 1827 1036 oculos.

341 1075 420 1130 turae
433 1068 669 1150 benignitatem,
683 1090 793 1132 omues
804 1088 940 1132 essemus
959 1070 1016 1130 tilii
1032 1089 1038 1129 :
1055 1087 1112 1130 nec
1204 1067 1307 1128 Utitur
1320 1068 1379 1129 hec
1400 1068 1507 1130 eudem
1529 1067 1732 1130 similitudine
1753 1068 1830 1129 solis
1843 1068 1926 1146 lgm·

341 1164 379 1223 ab
403 1164 500 1240 ipsius
520 1164 667 1225 affinitate
691 1165 773 1225 ullus
794 1164 957 1225 excideret.
981 1163 1110 1234 Verum,
1164 1159 1225 1221 tius
1238 1160 1271 1220 in
1285 1160 1414 1241 epistola
1427 1159 1466 1221 αιί
1479 1159 1750 1241 Pdiludetpdemes,
1759 1160 1927 1239 paulopost

341 1261 378 1316 ut
401 1255 497 1315 [levid
523 1262 667 1333 testetur,
683 1262 833 1337 tauquam
854 1256 997 1317 homines
1016 1255 1112 1315 mori·
1162 1250 1311 1313 initium:
1337 1253 1392 1313 ubi
1415 1254 1545 1333 gentiles
1570 1255 1609 1314 ad
1637 1253 1732 1314 fidem
1754 1253 1926 1314 invitandos

341 1364 425 1420 mur,
442 1355 473 1408 et
484 1347 562 1409 sieut
576 1367 658 1410 unus
671 1349 710 1410 de
734 1347 928 1429 principibus
950 1347 1110 1422 cedimus3
1162 1362 1228 1406 esse
1240 1346 1399 1415 admonet,
1411 1346 1437 1406 si
1445 1345 1524 1407 torte
1532 1352 1765 1408 convertantur.
1778 1368 1790 1403 ι
1802 1349 1927 1406 Αιιιιιιοι

341 1440 425 1519 quod
445 1441 546 1501 cernis
574 1441 789 1503 affectionibus
813 1445 952 1502 mentem
975 1446 1113 1501 nostram
1162 1438 1248 1497 enim
1268 1438 1433 1499 hominum
1456 1446 1511 1517 est,
1527 1438 1641 1518 inquit,
1656 1441 1741 1500 Deus
1762 1446 1885 1513 nostem
1898 1443 1926 1500 et

341 1532 552 1611 sibjioimuse.
570 1554 586 1591 o
1162 1531 1230 1591 νιιιι
1242 1532 1503 1593 omneshomincs
1520 1532 1622 1592 salvos
1638 1532 1717 1607 lieri,
1733 1538 1765 1594 οι
1786 1533 1829 1593 ad
1849 1532 1926 1610 agni·

382 1626 499 1687 Rursus
526 1626 608 1687 idem
641 1626 773 1706 Gyrillus
801 1626 881 1687 libro
914 1625 1051 1687 secundo
1082 1625 1114 1685 ιἰι
1163 1623 1282 1684 tionem
1293 1625 1696 1705 veritatisvcnire.Propter
1705 1625 1926 1705 quodetsolem

341 1714 464 1796 Ιιοίοοι,
480 1725 565 1780 ιοιιιο
587 1719 689 1781 tertio.
713 1720 823 1781 «Cum
846 1719 931 1781 enim
951 1718 1053 1779 bonus
1075 1718 1115 1778 sit
1163 1734 1258 1777 suum
1270 1717 1346 1778 oriri
1359 1718 1431 1780 iacit
1443 1736 1536 1798 super
1546 1718 1705 1795 bonos-et
1718 1719 1857 1796 malos,o
1873 1724 1923 1778 ete.

342 1811 486 1873 omnium
502 1812 614 1890 opifex,
640 1812 754 1891 iuquit,
769 1828 878 1873 omnes
900 1812 1012 1873 salvari
1034 1810 1112 1886 vult,
1162 1810 1284 1870 Verum
1297 1809 1382 1871 loeus
1396 1811 1453 1871 iste
1467 1811 1553 1871 deest
1572 1810 1606 1870 in
1628 1810 1806 1871 Florentino
1830 1828 1926 1871 exem·

343 1905 426 1965 etad
440 1905 630 1983 agnitionem
644 1905 781 1965 veritatis
795 1905 913 1966 venire.
929 1903 977 1963 Ob
991 1904 1023 1963 id
1033 1920 1114 1981 saepe
1163 1900 1253 1980 plari,
1269 1902 1353 1980 quod
1375 1903 1518 1964 omnium
1545 1903 1809 1965 accuratissimum
1833 1921 1927 1964 oense·

280 2066 289 2078 ,
342 1995 1110 2077 persanotosprophetossrioslsraetitnsmonuiu3s
1163 1999 1226 2054 tur.
1241 1995 1313 2056 ldeo
1326 2013 1383 2055 nos
1393 1996 1535 2057 Graeeum
1546 1996 1721 2057 omisimus.

342 2089 477 2150 maxime
491 2090 571 2168 illos,
587 2091 700 2169 iuquit,
715 2091 768 2170 qui
790 2090 961 2151 Samariam
984 2087 1113 2149 commi·
1204 2088 1242 2148 V.
1267 2089 1499 2150 Consentaneus
1513 2089 1586 2152 huic
1599 2096 1645 2150 est
1658 2095 1690 2151 et
1698 2088 1838 2151 Isidorus
1845 2088 1928 2151 Pelu-

342 2182 475 2261 grabant
485 2202 492 2243 :
504 2182 559 2261 qui
571 2188 677 2244 tamen
691 2183 725 2243 in
738 2176 857 2244 melum
870 2183 1114 2257 intemperanter
1163 2182 1241 2241 sicta
1256 2181 1336 2241 libro
1357 2183 1504 2258 sescundo,
1529 2181 1659 2262 epistola
1682 2196 1790 2255 eumn,
1812 2182 1869 2245 ubi
1889 2181 1928 2241 sic

342 2275 432 2336 effusi
455 2275 637 2355 poenitentia
660 2276 731 2337 duci
757 2275 936 2336 noluerunt.
966 2274 1114 2347 Quocirca
1164 2275 1231 2334 ait:
1251 2295 1266 2332 ο
1288 2275 1412 2335 Etenim
1437 2275 1538 2336 modis
1560 2274 1706 2335 omnibus
1729 2275 1842 2336 salvari
1867 2274 1928 2335 uult

342 2367 490 2449 reprobos
522 2368 627 2444 etiam,
662 2374 694 2427 et
728 2368 899 2428 obstinatos
925 2366 959 2427 in
991 2372 1113 2442 pcoceto
1164 2384 1227 2443 eos,
1243 2366 1343 2445 quiin
1357 2367 1433 2427 vitio
1447 2366 1638 2443 volutantur,
1653 2367 1739 2428 etnd
1750 2367 1926 2444 eosallegat,

343 2460 435 2535 Deus,
451 2465 602 2539 quantum
614 2464 712 2521 estex
722 2477 797 2536 sese,
813 2459 913 2519 salvos
935 2475 1000 2519 esse
1013 2459 1111 2536 cupit,
1164 2459 1219 2538 qui
1232 2460 1406 2521 remedium
1420 2460 1607 2535 adhibeant;
1622 2478 1689 2520 non
1701 2461 1851 2539 ignorans
1864 2460 1926 2539 qui-

342 2569 382 2612 ex
395 2552 549 2613 sententia
562 2552 678 2629 Cyrilli.
1164 2552 1237 2613 dem
1248 2550 1324 2625 iore,
1340 2558 1377 2613 ut
1389 2552 1434 2612 illi
1444 2552 1555 2614 morbo
1566 2553 1722 2614 intereant
1732 2573 1739 2612 :
1749 2554 1803 2615 sed
1817 2558 1854 2614 ut
1866 2570 1926 2614 om·

385 2645 469 2706 ldem
492 2645 624 2724 Cyrillus
647 2644 728 2705 libro
743 2645 845 2723 primo
866 2648 898 2704 tn
916 2642 1057 2704 Jocuuem
1075 2642 1115 2703 ud
1164 2661 1237 2706 nem
1250 2646 1293 2705 eis
1312 2645 1543 2706 excusationem
1565 2646 1687 2723 eripiat.
1708 2646 1794 2707 Nam
1815 2649 1871 2707 etsi
1892 2644 1927 2705 nb

343 2737 449 2814 verba,
462 2738 505 2799 Et
518 2736 644 2798 muudus
652 2755 710 2798 πον
719 2737 862 2816 cognouit,
877 2737 949 2797 inde
959 2737 1114 2796 rationem
1164 2733 1286 2794 insania
1300 2752 1365 2794 non
1376 2735 1556 2814 resipiscant
1570 2735 1641 2811 isti;
1665 2734 1725 2796 hoc
1738 2741 1848 2797 tamen
1861 2734 1926 2795 inde

343 2829 472 2909 colligit,
487 2835 721 2910 propterquam
732 2829 879 2901 mundae,
895 2829 927 2890 id
942 2834 987 2889 cst
1000 2846 1115 2907 magna
1164 2828 1283 2887 tructus
1294 2828 1504 2907 consequitur.
1520 2826 1604 2907 quod
1616 2845 1689 2888 suas
1700 2827 1766 2906 ipse
1779 2835 1881 2907 partes
1892 2827 1927 2886 sit

343 2939 415 3000 pars
439 2922 605 2983 hominum
619 2921 698 2981 nihil
712 2921 822 2982 exista
836 2921 905 2982 luce
924 2923 1112 3001 perceperit:
1164 2918 1346 2981 executust.
1363 2940 1378 2977 ι
1407 2921 1489 2981 Sene
1507 2920 1621 3000 quibus
1643 2921 1790 2982 curandis
1808 2936 1926 3001 operam

343 3015 443 3075 sedin
455 3014 592 3077 tenebris
601 3014 778 3094 perstiterit,
797 3036 812 3073 ιι
824 3014 954 3075 Αοοιιοοι
964 3014 1112 3090 mundus,
1165 3017 1259 3072 navat
1272 3013 1364 3084 Deus,
1377 3017 1413 3072 ut
1425 3013 1510 3091 quod
1523 3028 1651 3073 suarum
1675 3013 1814 3092 partium
1826 3016 1883 3085 est,
1896 3012 1927 3072 in

343 3107 456 3186 inquit,
478 3107 722 3169 imbecillitatem
752 3124 852 3168 sunm.
879 3108 1000 3167 Etenim
1022 3106 1115 3166 Filius
1164 3121 1275 3165 eorum
1294 3104 1489 3183 poenitentia,
1506 3110 1537 3166 et
1556 3105 1654 3166 salute
1671 3105 1868 3184 procuranda
1885 3104 1925 3165 ia·

344 3199 471 3278 quidem
484 3200 640 3260 illuminat
650 3220 659 3275 ;
678 3200 731 3261 sed
752 3205 894 3261 creature
912 3200 1044 3277 gretiam
1063 3201 1115 3261 he·
1164 3198 1234 3270 ciat,
1251 3205 1286 3259 ut
1299 3198 1344 3258 ait
1366 3197 1512 3272 Isidorus,
1528 3198 1631 3258 iinon
1657 3197 1710 3258 alii
1734 3204 1819 3274 sunt,
1838 3214 1927 3277 quiem

343 3290 437 3354 betat.
468 3293 576 3353 Visum
601 3293 728 3371 accepit,
756 3298 792 3353 ut
814 3293 990 3352 naturalem
1016 3294 1115 3353 iteum
1163 3290 1311 3370 reprobi,
1338 3308 1416 3370 quos
1442 3290 1648 3353 nihilominus
1682 3291 1835 3371 perituros
1868 3308 1927 3351 eme

343 3384 496 3464 intelligat
515 3405 522 3445 :
539 3385 592 3446 sed
605 3385 689 3463 quod
709 3384 816 3446 datum
839 3385 895 3446 sibi
917 3390 994 3460 eret,
1009 3386 1113 3465 prodi·
1164 3383 1307 3463 previdit
1323 3402 1330 3443 :
1346 3383 1430 3462 quod
1449 3384 1532 3445 idem
1558 3384 1671 3444 diserte
1694 3382 1865 3463 signiticut;
1883 3383 1927 3442 uir

343 3478 444 3556 gendo
472 3477 668 3557 consumpsit
695 3498 701 3538 :
725 3478 760 3538 in
790 3477 862 3538 solis
887 3477 997 3538 creatis
1020 3477 1115 3538 rebus
1163 3477 1279 3555 alioqui
1287 3494 1356 3537 non
1366 3475 1673 3551 nimisblandus,nec
1682 3476 1927 3556 praetermodum

342 3570 612 3650 contemplationis
622 3588 686 3630 suae
706 3569 835 3630 modum
852 3570 959 3630 defixit
975 3589 982 3630 :
1000 3570 1115 3630 illumi·
1164 3558 1928 3649 peecatoribus'indulgens:sedecontrariogrntis

342 3662 502 3723 ustionem
519 3679 646 3723 omnem
659 3662 798 3722 socordia
820 3661 926 3722 obruit
951 3681 958 3722 ι
984 3662 1114 3738 gratiam
1162 3678 1289 3722 morum
1296 3679 1415 3736 censor,
1431 3680 1468 3723 ec
1489 3680 1625 3731 severus,
1642 3664 1680 3723 Et
1692 3680 1733 3723 ex
1754 3660 1927 3742 hujusmodl

342 3754 509 3833 neglexit0.
525 3776 540 3813 ιι
561 3755 649 3828 Quod
672 3754 829 3834 aptissima
851 3755 1051 3815 similitudine
1076 3755 1114 3816 de
1163 3761 1269 3815 temen
1290 3755 1446 3834 opinione,
1467 3755 1672 3835 reproborum
1690 3757 1786 3816 etiem
1805 3755 1926 3816 sulutem

342 3848 406 3908 sole
433 3847 529 3927 petita
555 3847 689 3909 declarat
710 3848 754 3908 sic
782 3867 789 3907 :
815 3848 1114 3921 «Quemadmodum
1165 3846 1925 3929 nonleviter,ocperfuuctorie,sodtzsmt‹xpum,

342 3940 428 4001 enim
441 3939 729 4001 luxsolisomuibus
743 3939 843 4000 oritur
862 3947 915 4002 :ut
928 3958 967 4000 ex
980 3959 1018 4001 ea
1033 3939 1115 3999 nihil
1165 3939 1198 4000 id
1207 3939 1375 4001 estserioet
1384 3940 1466 4001 omui
1477 3941 1592 4002 ratione
1602 3949 1748 4021 procuret
1761 3944 1850 4004 lleus.

342 4032 485 4094 utilitatis
500 4051 600 4095 cecus
620 4032 729 4113 occipit
752 4051 878 4112 :neque
898 4042 1002 4093 tamen
1024 4048 1116 4111 prop
1206 4033 1358 4094 Accedant
1371 4033 1420 4095 his
1439 4034 1539 4096 Graeci
1561 4033 1755 4115 interpretes,
1771 4033 1926 4115 Theoplry·

378 4226 399 4268 a
418 4213 527 4269 Cuntnc.
538 4209 616 4266 Ὅσον
633 4210 680 4285 γὰρ
692 4208 749 4281 ἤιεν
765 4210 799 4274 είς
813 4211 842 4265 τό
855 4216 892 4284 τῷ
901 4211 950 4284 θεῷ
962 4212 1061 4276 δοκοῦν,
1070 4212 1112 4264 uel
1163 4204 1266 4272 ἆσώτοις
1280 4211 1308 4265 τό
1317 4210 1396 4266 δοθέν.
1414 4211 1487 4285 μέχρι
1501 4215 1549 4265 τῶν
1566 4212 1709 4285 ποιημάτων
1723 4210 1813 4282 ἔστησε
1821 4218 1860 4283 τῆς
1872 4212 1926 4267 θειο-

342 4296 375 4359 είς
388 4296 431 4364 τὴν
447 4295 546 4349 ἐνοῦσαν
566 4294 706 4367 ἡμερότητα
724 4295 787 4349 κατὰ
807 4295 877 4367 φθσιν
893 4294 970 4367 αὐτῷ,
985 4295 1072 4358 πάντες
1083 4297 1112 4347 ἂν
1163 4293 1216 4366 ρίας
1230 4294 1258 4348 τό
1273 4296 1371 4367 μέτρον.
1382 4296 1510 4369 κατέχωσε
1524 4294 1651 4368 ῥᾳθυμίαις
1662 4299 1706 4351 τόν
1720 4299 1853 4371 φωτισμόν,
1866 4296 1924 4368 ἠμί·

340 4376 403 4451 ἦμεν
424 4380 513 4442 τέκνα,
536 4380 576 4432 κοιλ
595 4378 731 4432 ascisset
757 4382 786 4432 ἂν
808 4378 886 4442 οθδείς
905 4382 948 4446 τῆς
970 4377 1112 4450 πρθςοιίιτθν
1161 4372 1223 4446 λησε
1238 4383 1280 4432 τοῦ
1294 4379 1458 4452 χαρίσματος,
1475 4385 1528 4437 etc.

341 4462 500 4531 οἰκειότητος.
517 4460 588 4526 ἀλλ’,
603 4463 636 4525 d<
650 4463 748 4533 φησινό
764 4463 848 4525 datto,
863 4463 897 4523 ὡς
912 4460 1034 4533 ἄνθρωποι
1049 4460 1112 4514 ἀπο·
1199 4462 1264 4517 Mox
1281 4482 1287 4516 :
1303 4460 1355 4515 ’Ὃν
1376 4479 1421 4534 περ
1449 4461 1496 4536 γὰρ
1517 4464 1609 4535 τρόπον
1629 4462 1722 4537 ἀνίσχει
1743 4463 1788 4537 μὲν
1802 4466 1924 4518 demerui

341 4546 487 4618 θνῄσκομεν,
502 4546 543 4598 καί
556 4545 590 4607 ebs
604 4538 639 4608 εἷς
652 4550 701 4599 τῶν
722 4545 848 4619 ἀρχόντων
863 4545 994 4616 πίπτομεν,
1009 4545 1060 4605 τοῖς
1070 4548 1113 4611 τῆς
1162 4543 1233 4611 ὴλίοιι
1242 4545 1271 4599 τό
1284 4551 1346 4617 φῶς,
1368 4545 1499 4616 ὠφελεῖται
1518 4546 1544 4599 δὲ
1558 4545 1627 4600 οὐδὲν
1641 4546 1655 4599 ό
1669 4547 1769 4619 τυφλός·
1784 4548 1841 4602 ἀλλ’
1850 4546 1877 4601 οὗ
1887 4545 1924 4600 θεὲ

342 4629 432 4701 σαρκός
445 4630 531 4684 πάθεσι
545 4630 588 4682 τόν
603 4628 693 4682 οίιιεῖον
707 4628 868 4701 θποφέροντες
877 4621 944 4681 νοῦν.
1163 4633 1237 4681 τοῦτο
1252 4632 1294 4695 τῆς
1311 4629 1412 4697 ἡλιακῆς
1426 4630 1455 4681 ἂν
1478 4629 1585 4701 εὐλόγως
1607 4633 1819 4707 καοιγορήοαιμιν
1843 4629 1921 4700 ripis

378 4712 492 4769 oldem
510 4715 542 4767 itt
563 4715 621 4767 Iste.
648 4711 810 4784 Ἐπειδιλγάρ
830 4710 894 4766 ἔστιν
917 4709 1038 4783 spectet
1061 4716 1111 4764 τῶν
1163 4708 1323 4782 αἰτιασόμεθα
1336 4710 1362 4764 δὲ
1376 4712 1472 4783 μᾶλλον
1487 4714 1571 4781 τὸτῆς
1589 4713 1667 4785 ὄψεως
1681 4715 1767 4778 πόθος·
1789 4715 1804 4783 ἦ
1827 4713 1922 4786 μὲνγὰρ

342 4794 408 4849 όλων
422 4795 578 4868 δημιουργός,
593 4797 686 4857 πάντας
695 4794 769 4849 ἐθέλει
779 4796 896 4863 σωθῆναι,
910 4795 952 4847 καλ
962 4794 994 4857 είς
1008 4791 1110 4866 ἑπιγνιο·
1163 4791 1289 4865 ἐφώτιζεν·
1305 4793 1361 4862 ἡδὲ
1375 4794 1417 4848 τόν
1431 4797 1557 4869 φωτισμόν
1567 4796 1613 4849 otiu
1627 4795 1735 4871 ἐδέχετο.

342 4896 380 4932 σιν
394 4877 507 4947 ἀληθείας
520 4877 608 4934 ἐλθεῖν.
623 4877 698 4952 ταύτῃ
712 4898 751 4932 τοι
760 4880 915 4948 νενουθέτηκε
923 4878 1063 4940 πλειστόπις
1071 4875 1112 4929 διὰ
1198 4877 1219 4933 d
1238 4878 1303 4934 lsln.
1320 4877 1369 4933 lib.
1386 4878 1410 4934 ll
1425 4879 1505 4950 epist.
1522 4896 1615 4935 mcxx.
1635 4880 1760 4943 Σόιζεσθαι
1770 4879 1816 4953 γὰρ
1826 4877 1850 4932 ἐι
1861 4896 1921 4932 παν-

341 4969 475 5034 προφητιῗιν
490 4961 566 5035 όγίιον
577 4966 634 5026 τοθς
647 4962 671 5031 ἐξ
685 4963 791 5034 αἵματος
810 4963 923 5035 Ἰσραήλ.
1161 4961 1203 5022 τός
1213 4962 1303 5033 τρόπον
1318 4961 1374 5023 τοὶις
1389 4961 1422 5025 εἰς
1434 4962 1520 5015 κοαίαν
1540 4960 1745 5035 καλινδουμένοις
1757 4962 1872 5033 βαόλεται,
1884 4959 1921 5012 καί

378 5060 394 5101 d
412 5047 522 5101 Creten.
538 5046 586 5102 lib.
602 5047 613 5101 l
634 5051 667 5102 itt
679 5050 765 5102 Joatt.
783 5061 840 5101 ter.
852 5047 906 5101 att.
926 5044 1047 5099 λίτιόσθοι
1061 5042 1112 5097 did
1161 5044 1250 5115 πέμπει
1262 5044 1319 5106 sois<
1333 5045 1529 5116 θεραπεύσοντας·
1549 5044 1594 5099 οθιι
1610 5046 1706 5119 ἀγνοῶν
1716 5045 1759 5117 μὲν
1777 5046 1815 5099 ὅτι
1827 5044 1919 5114 urps:-

342 5130 433 5200 αόσμος
445 5128 489 5197 τὴν
504 5129 594 5182 οἰκείαν
614 5129 747 5183 ἀσθένειαν.
769 5129 868 5200 φωτίζει
881 5129 924 5199 μὲν
946 5128 994 5200 γὰρ
1017 5127 1031 5180 θ
1049 5126 1110 5190 υίθς,
1162 5130 1276 5199 ρήσοντοιι
1289 5128 1337 5181 θπθ
1350 5130 1487 5196 τῆςνόσου,
1503 5128 1546 5197 τὴν
1555 5131 1578 5183 θ’
1588 5128 1723 5202 ἀπολογίαν
1730 5127 1810 5183 vitriis
1822 5126 1919 5197 θποτεμ-

343 5210 494 5284 ἂπαμόλίινει
508 5211 534 5265 δὲ
554 5211 598 5280 τὴν
613 5214 714 5286 χάρινὴ
731 5212 816 5274 κτίσις.
837 5210 995 5274 Ἐδανείζετο
1009 5212 1039 5263 τό
1054 5211 1111 5281 βλέ-
1163 5212 1273 5282 νόμενος·
1300 5210 1321 5264 εἰ
1338 5211 1385 5283 γὰρ
1399 5211 1560 5266 neutrorum
1583 5211 1715 5284 ἀνήνεγκαν
1734 5210 1815 5279 ἕντῆς
1827 5207 1916 5282 petiis,

342 5313 405 5361 πειν,
417 5296 459 5348 ἵνα
472 5296 515 5351 τόν
530 5295 592 5351 κατὰ
613 5296 682 5368 φύσιν
698 5298 773 5369 νοήσῃ
798 5296 861 5351 θεόν.
883 5295 924 5349 καί
948 5295 1122 5363 δεδαπάνηκεν
1162 5293 1228 5347 ἀλλὰ
1241 5294 1270 5348 τθ
1283 5312 1311 5366 γε
1320 5293 1394 5350 αὖτὀν
1402 5294 1434 5350 τὰ
1440 5294 1515 5350 edroi
1523 5297 1637 5369 πράττειν
1649 5293 1772 5350 &teitau
1779 5293 1915 5367 πεφιῐίῐνῆ

368 5439 378 5483 t
391 5441 452 5488 Ριοι.
464 5452 532 5487 iun.
