4076 6180
315 320 375 381 688
823 313 1147 379 Tanomalcoaun
1166 315 1384 380 manarum

317 492 392 560 tem,
405 503 440 546 ac
453 484 685 546 damnationem
704 483 918 565 pradestinari
936 481 1084 563 reprobos
1135 481 1224 542 triuae
1237 500 1393 544 summam
1408 502 1473 545 non
1495 486 1584 548 valde
1605 487 1760 566 pertinet;
1775 506 1812 550 ac
1828 507 1900 551 ver-

320 578 380 638 dici
395 581 561 657 oporteret,
587 595 629 637 an
649 577 752 656 potius
770 581 904 636 mortem
927 575 987 635 illis
1001 575 1086 635 dam·
1133 571 1266 652 borum,
1303 582 1333 637 et
1365 577 1517 656 loquendi
1550 579 1724 642 diversitate
1757 581 1900 660 seposita,

316 670 535 748 nationemque
562 669 719 746 destinari,
746 686 812 728 non
831 669 870 728 ad
894 666 975 728 hanc
1003 666 1081 727 illos.
1133 667 1279 747 praeclare
1305 670 1387 730 iuter
1403 688 1437 730 se
1461 671 1611 732 Gallicani
1634 671 1680 732 illi
1704 672 1854 752 theologi,
1868 692 1904 735 ac

318 763 457 836 Quorum
472 762 557 842 prius
572 761 787 823 Gothescalcus
807 761 917 821 acriter
940 759 1084 821 defende-

318 854 382 928 bat,
397 861 512 916 etcum
527 873 563 916 eo
577 853 898 930 Valentinasynodus‚
915 857 946 913 et
957 852 1085 930 llugdu·

317 948 420 1008 nensis
430 947 571 1022 ecclesia:
588 948 740 1027 posterius
751 950 856 1006 autern
868 951 937 1007 tum
948 946 1087 1006 ioannes

318 1040 426 1100 Scotus
439 1039 583 1120 Erigena,
600 1045 668 1100 tum
678 1039 832 1112 Rabanus,
849 1037 1087 1111 Hincmarus,et

317 1130 571 1192 Oarisiaceusium
594 1132 790 1196 decretorum
817 1135 1083 1210 propugnatores3

317 1223 371 1302 qui
397 1224 481 1284 nefas
507 1223 646 1285 arbitrati
668 1230 756 1293 suut,
783 1223 1086 1304 praedestinationem

317 1315 406 1376 aliter
416 1333 577 1396 usurpare,
588 1334 682 1395 quam
693 1317 732 1378 ad
746 1316 865 1377 bonum
879 1335 886 1375 :
898 1333 938 1376 ne
950 1320 1086 1375 nontam

316 1407 354 1468 ud
378 1409 492 1486 pcccati
517 1408 712 1487 supplicium.
738 1426 834 1487 quam
861 1407 900 1468 ad
926 1411 1086 1486 peccatum

316 1499 420 1578 ipsum
443 1500 613 1580 impellere,
627 1507 660 1562 et
676 1502 854 1562 necessitate
875 1499 1086 1578 constringere

317 1590 475 1653 videretur
497 1595 587 1671 Deus,
604 1593 630 1653 si
658 1593 727 1654 illos
745 1594 785 1654 ad
799 1592 1033 1654 damnationem
1047 1610 1086 1652 ex

318 1690 436 1744 esterno
451 1685 616 1746 destinasse
628 1691 803 1765 putaretur.

360 1777 421 1837 Sed
434 1777 502 1839 haec
515 1777 633 1840 ludicra
646 1779 715 1855 luit,
732 1788 762 1841 et
770 1778 997 1859 propemodum
1011 1776 1087 1838 ridi-

318 1869 387 1932 cula
402 1873 568 1946 contentio,
587 1890 658 1950 quse
671 1876 718 1932 tot
730 1871 882 1947 homines,
905 1888 962 1932 nec
975 1871 1085 1931 indoc-

318 1967 366 2022 tos
379 1963 506 2041 alioqui,
520 1965 574 2026 sed
588 1964 794 2025 contentionis
808 1963 941 2024 nimium
959 1962 1087 2043 cupidos

317 2054 352 2114 in
379 2074 430 2117 eas
463 2056 678 2117 altercationes
711 2056 844 2117 induxit.
873 2056 979 2135 Neque
1012 2072 1086 2117 vero

272 2142 277 2150 “
318 2146 491 2209 laudandus
505 2153 550 2210 est
565 2148 761 2223 liincmarus,
777 2155 808 2210 at
816 2149 842 2209 si
853 2147 907 2228 qui
921 2148 975 2208 alii
989 2149 1088 2210 lauto·

317 2256 367 2301 res
381 2239 505 2301 illarum
528 2241 664 2320 partium
685 2240 828 2316 fuerunt;
855 2239 910 2319 qui
933 2239 1086 2320 hoeprae·

317 2335 423 2411 fracte,
437 2333 591 2412 nimisque
605 2334 803 2413 pertinaciter
810 2338 975 2413 negarunt,
984 2335 1086 2395 Deum

319 2427 537 2505 praedestinare
551 2426 698 2505 reprobos
711 2426 750 2487 ad
764 2433 908 2499 mortem,
918 2426 977 2488 hoe
991 2432 1036 2487 est
1046 2428 1086 2488 ad

318 2523 470 2580 aeternum
496 2518 710 2597 supplicium:
734 2536 805 2578 cum
831 2519 862 2579 id
890 2519 1086 2579 verissimum

317 2613 375 2688 sit;
398 2628 456 2673 nec
475 2629 513 2672 ex
534 2629 570 2672 eo
591 2611 630 2673 sit
658 2629 849 2691 consequens
867 2612 1086 2691 praedestinare

317 2706 386 2766 illos
399 2707 438 2767 ad
451 2705 580 2773 malum,
598 2709 653 2764 aut
670 2704 710 2763 ad
732 2708 893 2783 peccatum
910 2723 917 2762 :
934 2708 969 2763 ut
987 2704 1085 2782 pluri-

317 2799 375 2859 bus
389 2805 453 2859 tam
465 2796 680 2859 Gotbescalcus
698 2797 762 2875 ipse
776 2795 886 2875 probat
900 2796 934 2856 in
953 2797 1088 2877 longiori

320 2890 508 2971 Confessioue
523 2909 533 2949 :
548 2907 643 2969 quam
656 2888 816 2966 Remigius
829 2889 863 2948 in
882 2887 962 2948 libro
980 2887 1016 2949 de
1028 2888 1085 2949 tri·

318 2984 370 3045 bus
382 2983 512 3065 epistolis
525 2988 570 3043 :et
582 2982 615 3042 in
625 2980 703 3042 libro
711 2979 747 3041 de
757 2978 906 3042 retinenda
916 2979 1086 3061 Scripturoe

317 3076 491 3138 auctoritate
501 3073 719 3155 Lugdunensis
730 3073 868 3135 ecclesia.
881 3073 1003 3135 Etenim
1014 3090 1086 3135 eum

317 3175 440 3250 peccata
455 3168 577 3248 punire,
593 3172 625 3229 et
636 3166 685 3243 iis,
701 3166 754 3245 qui
768 3165 948 3245 inpeccatis
966 3166 1086 3228 haerere

317 3262 514 3342 pertinaciter
531 3260 652 3337 volunt,
666 3264 796 3319 aeterum
809 3276 917 3338 poenas
930 3258 1083 3338 infligere,

314 3354 522 3433 justissimum
535 3354 573 3414 sit
598 3372 605 3413 :
627 3351 687 3413 boc
712 3352 820 3431 utique
846 3351 924 3427 vult,
952 3370 988 3413 ac
1013 3352 1086 3413 facit

320 3448 417 3523 Deus3
433 3447 486 3526 qui
502 3445 585 3526 quod
595 3445 717 3524 justum
739 3443 864 3505 estsine
878 3443 943 3504 ulla
959 3450 1085 3504 contro·

318 3540 419 3602 versia
445 3539 544 3600 facere
566 3538 643 3614 ipse,
672 3553 731 3597 nec
757 3541 881 3597 tantum
909 3536 1086 3616 permittere

319 3633 441 3695 dicitur.
458 3631 544 3706 Quod
558 3630 583 3691 si
592 3629 625 3690 id
636 3628 719 3701 facit,
728 3646 853 3690 necesse
862 3634 907 3690 est
920 3635 1087 3708 antequam

318 3725 421 3793 iaciat,
439 3728 475 3785 ut
488 3722 663 3784 faciendum
676 3720 818 3783 destinet.
835 3723 935 3801 Atque
957 3722 1025 3783 baec
1043 3726 1089 3783 est

318 3814 548 3896 praedestinatio
574 3812 613 3873 ad
638 3829 773 3891 poenam,
796 3830 862 3873 non
889 3813 929 3873 ad
956 3814 1086 3889 malurn,

321 3912 597 3989 atqucpeceatum.

360 4002 378 4063 J
382 4019 432 4062 arn
444 3999 498 4080 qui
512 4018 551 4061 ex
572 3997 708 4078 antiquis
721 3999 836 4080 negare
854 3999 914 4061 hoc
928 3999 1086 4075 videntur,

321 4095 420 4156 Deum
443 4092 571 4173 perinde
591 4092 630 4153 ad
648 4109 773 4172 poenam
795 4092 1015 4172 praedestinare
1035 4111 1088 4155 re·

320 4186 449 4268 probos,
463 4185 549 4246 atad
564 4184 693 4262 gloriam
706 4184 968 4263 predestinantur
983 4184 1086 4261 electi3

321 4278 381 4340 boc
393 4295 493 4339 unum
511 4276 705 4358 propositum
724 4275 852 4353 babent,
874 4276 1034 4338 neminem
1049 4278 1089 4338 ad

320 4389 458 4451 pinnam,
473 4370 767 4448 damnationemque
788 4368 935 4429 destinari
948 4369 1089 4431 absoluta

322 4463 379 4525 Dei
393 4464 563 4539 voluntate,
582 4465 614 4525 et
625 4461 772 4523 meritum
795 4462 1018 4523 antecedente:
1035 4462 1088 4523 sed

321 4556 448 4617 nonnisi
461 4561 541 4635 post,
556 4560 587 4616 et
599 4558 726 4634 propter
734 4553 864 4634 previsa
873 4553 956 4615 mala
964 4554 1085 4626 merita,

323 4667 393 4729 quae
403 4647 566 4729 permittit,
592 4665 658 4707 noo
672 4651 777 4707 autem
794 4645 862 4706 vult
875 4664 911 4707 ac
924 4646 1061 4708 decernit
1077 4665 1085 4707 ι

320 4757 391 4802 cunr
406 4746 512 4803 tamen
528 4738 661 4815 gratuita
671 4744 701 4799 et
712 4738 905 4800 antecedenti
914 4737 1084 4813 voluntate,

319 4852 377 4895 nco
390 4832 461 4894 ullis
475 4850 514 4894 ex
526 4830 658 4912 propriis
667 4829 785 4891 meritis
794 4847 948 4910 expressa,
958 4831 1087 4907 gratiam

320 4926 411 5002 Deris,
429 4943 464 4986 ac
484 4924 705 5002 sempiternam
723 4922 855 5001 gloriam
873 4922 976 4984 electis
996 4923 1087 4984 desti-

319 5023 384 5079 net.
410 5017 471 5078 Sed
497 5016 565 5077 baec
583 5014 759 5094 nontbuJ'us
781 5021 827 5076 est
857 5013 919 5075 loci
944 5014 1083 5094 quaesti0,

322 5127 418 5189 quam
432 5108 505 5170 alibi
518 5106 773 5188 pertractavimus
783 5109 805 5168 ¹.

360 5203 401 5263 V.
424 5200 741 5281 Quapropterseclusa
752 5198 870 5280 perlevi
879 5198 1087 5261 controversia

321 5294 390 5371 ista,
406 5312 476 5373 quae
490 5293 529 5354 ad
539 5293 705 5355 catholicae
719 5298 750 5355 et
762 5291 998 5372 Augustiniana
1012 5293 1083 5354 ‹toc-

349 5499 358 5544 ι
373 5496 435 5543 rom.
448 5493 478 5541 ιι.
490 5493 530 5539 ιιι.
544 5492 579 5538 rx.
590 5493 694 5549 -ιςι,

1134 761 1283 838 synodica
1295 762 1418 823 decreto
1431 763 1589 842 utrimque
1610 764 1690 826 facta
1702 766 1901 828 concordant.

1135 852 1217 918 Quid
1240 854 1324 916 euim
1343 854 1551 917 Carisiacense
1571 857 1737 919 concilium
1758 858 1905 920 adversus

1134 944 1367 1008 Gotbescalcum
1377 953 1510 1027 quatuor
1524 948 1587 1011 suis
1604 950 1776 1012 canonibus
1786 949 1905 1012 edixit?

1135 1038 1171 1098 ln
1190 1038 1292 1117 primo
1313 1039 1502 1116 decrevit3u
1527 1043 1625 1103 Deum
1645 1042 1904 1123 omnipotentem,

1134 1130 1297 1192 hominem
1325 1133 1391 1194 sine
1414 1140 1539 1213 peccato
1564 1141 1685 1197 rectum
1711 1153 1785 1197 cum
1808 1135 1905 1197 libero

1135 1222 1263 1283 arbitrio
1278 1224 1462 1303 condidisse,
1477 1232 1509 1288 et
1521 1227 1556 1288 in
1577 1228 1727 1308 paradiso'
1742 1229 1903 1309 posuisse:
2024 1290 2025 1295 ,

1135 1332 1229 1394 quem
1245 1316 1278 1376 in
1288 1316 1450 1380 sanctitate
1461 1320 1904 1400 justinepermanerevoluit.

1136 1407 1302 1468 Hominem
1311 1427 1385 1470 vero
1398 1410 1497 1473 libero
1510 1412 1639 1474 arbitrio
1663 1414 1745 1475 male
1766 1420 1906 1476 utentem

1135 1517 1275 1578 peccasse
1290 1507 1321 1563 et
1335 1501 1489 1580 cecidisse,
1505 1509 1536 1566 et
1554 1504 1671 1567 factum
1690 1524 1756 1568 esse
1769 1525 1906 1568 massam

1134 1592 1318 1671 perditionis
1346 1595 1439 1656 totius
1465 1596 1595 1658 humani
1622 1599 1745 1677 generis
1774 1619 1783 1660 :
1809 1601 1908 1661 Deum

1135 1690 1241 1746 autem
1261 1685 1381 1748 bonum
1404 1693 1435 1748 et
1456 1688 1577 1767 justum
1597 1690 1724 1769 elegisse
1745 1711 1784 1753 ex
1798 1693 1908 1754 eadem

1135 1794 1235 1838 masse
1261 1779 1453 1858 perditionis,
1478 1782 1650 1843 secundum
1678 1783 1906 1863 prmientiam

1135 1887 1316 1949 suam‚quos
1323 1872 1513 1950 pergratiam
1519 1875 1906 1955 praedestinavitudvitam,

1135 1969 1167 2023 et
1176 1964 1271 2025 vitam
1282 1965 1343 2026 illis
1354 1967 1586 2044 praedestinasse
1600 1974 1904 2032 eternsmzeeteros
2024 1996 2025 2021 ι

1135 2061 1253 2132 evitem,
1267 2074 1345 2138 quos
1357 2057 1486 2137 justitior
1501 2058 1619 2138 judicio
1642 2061 1676 2122 in
1689 2080 1791 2123 massa
1804 2062 1909 2143 perdi·

1136 2147 1228 2209 tionis
1249 2149 1385 2230 reliquit,
1401 2152 1565 2231 perituros,
1587 2153 1641 2229 ait,
1662 2155 1838 2234 prescivit:
1854 2156 1906 2217 sat

1136 2258 1200 2301 ιιοιι
1211 2246 1248 2301 ut
1261 2243 1398 2322 perirent
1406 2245 1789 2327 praedestinavit:poenam
1802 2254 1907 2310 autem

1136 2332 1208 2410 illis,
1224 2334 1298 2413 quia
1310 2334 1409 2411 iustus
1423 2342 1479 2413 est,
1493 2337 1724 2416 predestinavit
1744 2346 1905 2401 aternam.

1136 2425 1181 2485 Ac
1196 2444 1251 2504 per
1264 2427 1324 2488 boc
1337 2446 1435 2488 unam
1450 2428 1505 2489 liei
1520 2430 1827 2510 praedestinationem
1840 2440 1907 2495 tan·

1136 2518 1298 2580 tummodo
1313 2519 1454 2594 dicimus,
1468 2541 1538 2601 quae
1552 2524 1659 2583 autad
1673 2524 1793 2587 donum
1807 2527 1906 2606 perti·

1135 2611 1314 2689 nctgratiae,
1330 2613 1432 2674 aratad
1450 2614 1687 2678 retributionem
1698 2617 1870 2696 justitiae.u

1176 2703 1330 2765 Adversus
1356 2705 1416 2767 hoc
1440 2707 1581 2785 unicum,
1603 2716 1635 2770 et
1653 2709 1793 2788 primum
1812 2711 1905 2772 Hinc-

1135 2795 1224 2871 mari.
1237 2801 1268 2856 et
1282 2796 1498 2859 Carisiacensis
1511 2800 1634 2861 concilii
1656 2802 1828 2880 decretum,
1843 2804 1906 2864 dno

1136 2887 1301 2949 Valentius
1337 2891 1474 2970 synodus
1505 2894 1644 2973 opponit,
1671 2895 1844 2956 seeundum
1876 2901 1907 2957 et

1135 2980 1261 3041 tertium
1279 2999 1336 3043 :ex
1350 2982 1464 3062 quibus
1483 2984 1573 3045 initio
1587 2986 1697 3064 capitis
1711 2987 1807 3066 hujus
1820 3007 1905 3067 quae-

1136 3071 1208 3133 dam
1222 3074 1532 3154 excerpsimusdtin
1543 3077 1769 3158 istiscapitibus
1778 3098 1905 3160 prorsus
2024 3130 2025 3139 ,

1135 3165 1244 3226 eadem
1269 3166 1306 3227 de
1329 3167 1612 3245 praedestinatione,
1628 3189 1663 3231 uc
1684 3171 1906 3251 reprobatione
2024 3206 2025 3235 ι

1135 3274 1206 3317 cum
1222 3258 1481 3321 Garisiacensibus
1499 3263 1625 3322 statuit:
1642 3265 1756 3337 Deum,
1773 3265 1827 3345 qui
1840 3284 1906 3326 om·
2024 3272 2025 3335 ζ

1134 3348 1188 3410 nia
1201 3348 1293 3428 buna,
1301 3351 1444 3431 malaque
1452 3352 1717 3433 futuraprascivit
1730 3355 1905 3434 abaeterno,

1139 3463 1154 3501 u
1187 3442 1286 3503 bonos
1322 3444 1480 3524 praescisse
1519 3446 1650 3507 omnino
1683 3466 1740 3527 per
1773 3449 1908 3528 granam

1136 3551 1225 3595 suam
1264 3535 1403 3612 futuros3
1439 3543 1470 3598 et
1502 3557 1559 3618 per
1593 3540 1736 3600 eamdem
1772 3542 1907 3620 gratiam

1136 3632 1253 3688 aeterna
1265 3628 1393 3706 praemia
1406 3637 1586 3710 accepturos
1604 3652 1611 3692 :
1629 3632 1727 3693 malos
1748 3635 1907 3713 praescisse

1136 3737 1192 3799 per
1206 3722 1365 3801 propriam
1379 3723 1530 3784 malitiam
1545 3725 1643 3785 malos
1656 3725 1786 3797 tuturos,
1804 3732 1836 3787 et
1848 3744 1906 3807 per

1136 3829 1225 3874 suam
1235 3812 1387 3892 justitiam
1402 3820 1518 3876 aterna
1531 3817 1649 3878 ultione
1663 3817 1858 3879 damnandos
1868 3839 1902 3880 :n

1137 3905 1906 3990 Necullineecssitatemimposuissuprasscientiam

1136 3996 1223 4058 illam
1239 3999 1292 4060 Dei
1305 4018 1312 4059 :
1325 4007 1356 4060 et
1374 4005 1496 4076 caetera,
1519 4018 1590 4081 quas
1608 4020 1703 4082 supra
1722 4001 1870 4082 descripsi
1880 4002 1902 4064 ².

1137 4090 1183 4150 lta
1206 4091 1244 4151 de
1273 4092 1466 4171 prescientia
1491 4092 1647 4155 Valentini
1675 4094 1833 4173 presules.
1862 4096 1905 4157 De
2024 4098 2025 4119 ³

1137 4182 1405 4262 predestinatione
1419 4202 1493 4246 vero
1507 4184 1635 4265 duplici,
1650 4185 1684 4246 in
1699 4186 1831 4266 capitulo
1846 4192 1907 4248 ter·

1136 4275 1180 4337 tio
1195 4275 1348 4337 definiunt
1357 4279 1400 4338 sic
1413 4296 1426 4339 .·
1439 4278 1485 4338 Ex
1496 4279 1604 4339 eadem
1619 4296 1720 4339 massa
1734 4279 1831 4340 Deum
1843 4269 1917 4340 alin'

1136 4367 1170 4428 iu
1184 4367 1414 4430 honoremvasa
1426 4369 1563 4449 fingere:
1577 4370 1676 4431 aliain
1685 4369 1903 4449 ignominiam.

1138 4459 1197 4522 Sed
1211 4460 1244 4521 in
1266 4460 1422 4540 prioribus
1443 4461 1524 4522 vasis
1546 4460 1716 4523 formandis
1736 4463 1904 4525 misericor-

1136 4550 1218 4613 dium
1233 4552 1299 4630 Dei,
1313 4551 1477 4633 precedere
1486 4553 1626 4615 merdam
1641 4553 1745 4615 bonum
1762 4573 1770 4615 :
1785 4554 1819 4615 in
1828 4554 1905 4616 alio·
2024 4580 2025 4631 1

1135 4662 1290 4706 rumvero
1304 4645 1513 4721 damnatione,
1529 4645 1665 4707 meritum
1679 4645 1906 4728 matumproece·
2024 4710 2025 4713 ,

1135 4735 1326 4817 derejustum
1339 4735 1398 4797 Dei
1402 4735 1566 4818 judiciam,
1582 4736 1695 4817 quibus
1712 4739 1905 4801 annectenda

1136 4833 1209 4890 suot
1226 4828 1356 4909 reliqua,
1373 4847 1443 4908 quae
1456 4828 1564 4909 cepitis
1575 4829 1668 4909 hujus
1680 4829 1770 4891 initio
1780 4830 1870 4911 posui
1875 4876 1883 4892 .

1176 4921 1254 4995 Quid
1269 4927 1315 4983 est
1329 4921 1361 4982 in
1375 4920 1441 4982 istis
1454 4921 1617 5000 capitibus,
1632 4921 1716 5001 quod
1728 4920 1768 4983 ab
1778 4922 1905 4984 carisia-
2024 4906 2025 4949 ς

1135 5013 1233 5075 censis
1243 5012 1336 5093 primi
1346 5012 1486 5073 doctrina
1504 5011 1672 5075 dissideat?
1685 5013 1797 5075 Nonne
1811 5012 1905 5076 ambo

1134 5106 1168 5167 in
1182 5104 1396 5168 constituenda
1409 5105 1544 5183 gratuita
1556 5105 1847 5186 predestinatorum
1866 5124 1905 5167 ex

1135 5217 1237 5260 massa
1256 5197 1435 5274 secretione,
1455 5197 1666 5277 electioneque
1689 5198 1906 5260 conveniunt?

1134 5297 1188 5354 aut
1204 5310 1268 5353 non
1278 5290 1388 5354 eodem
1398 5290 1491 5352 modo
1501 5289 1751 5370 reprobationem
1757 5290 1905 5369 etiarm,
