3936 6146
470 316 521 374 DE
542 312 840 394 lNGARNATIONE,
862 316 935 378 LlB.
959 319 1017 388 lx,
1040 322 1123 383 GAP.
1151 325 1229 385 Vlll.
1585 336 1644 396 333

81 479 168 539 cimon
182 482 276 539 exstat
291 478 326 539 in
339 478 429 541 tertio
448 479 529 540 libro
553 481 662 564 Rapum
675 480 699 544 ¹:
717 481 826 561 inquo
876 484 969 545 modo
983 487 1174 550 considerata
1188 490 1343 569 uoluntas,
1358 496 1647 562 necessariamboni

81 570 177 631 divina
201 571 431 632 consultationis
455 572 590 634 formula
627 592 753 654 prorsus
787 574 827 635 ad
876 574 971 638 habet
997 581 1218 660 appetitionem
1230 603 1238 659 ;
1267 585 1341 663 quia
1374 589 1499 649 nonnisi
1525 589 1645 653 bonum

80 662 492 725 bumanamconsnetudinem
503 665 688 727 adumbrata
700 666 824 746 legitor.
875 669 1018 747 amplecti
1040 677 1149 750 potest,
1176 680 1207 736 et
1228 682 1263 736 at
1277 677 1338 738 alia
1353 680 1470 756 qumvis
1492 683 1645 744 naturalis

80 754 267 818 Quamobrem
281 756 369 816 omni
389 756 503 835 peccati
517 776 553 818 ac
564 758 640 833 uitii,
663 762 733 818 tum
752 777 826 820 vero
874 758 1001 831 facultas
1015 762 1127 842 objecti
1140 767 1188 826 sui
1197 766 1321 841 finibus,
1336 769 1379 830 sic
1392 770 1445 831 illa
1454 772 1528 833 boni
1539 793 1645 838 amore

10 888 53 925 Η
78 843 186 908 inscitiae
197 847 381 926 contagione
401 848 532 922 sublata,
551 848 655 930 (quam
678 849 711 908 in
738 858 824 929 γνώμῃ
875 850 1145 916 circumscribitur.
1163 858 1203 919 Ut
1217 866 1321 920 autem
1334 860 1473 942 liberum]
1480 865 1645 929 arbitrium

10 938 50 981 Ἢ·
78 943 236 1020 napata:
256 940 380 1001 Christo
393 941 582 1002 detrahenda
596 946 715 1003 veteres
736 939 824 1001 devi-
875 948 930 1016 est,
948 949 978 1005 et
990 963 1036 1021 ea,
1052 965 1122 1026 quae
1134 949 1173 1009 ad
1186 950 1283 1012 finem
1293 953 1439 1014 ultimum
1453 957 1642 1030 conducunt,

77 1035 129 1090 tara
142 1030 335 1109 studuerunt)
354 1032 432 1093 nibil
451 1052 551 1095 causae
571 1033 733 1112 supererit,
748 1030 825 1111 quin
874 1051 909 1094 ac
931 1041 1082 1100 vocantur
1109 1041 1216 1120 media,
1240 1047 1446 1124 persequitur,
1463 1068 1572 1128 expers
1600 1057 1646 1113 ost

78 1124 180 1199 utlleo,
194 1123 237 1184 ita
260 1124 382 1185 Christo
405 1125 576 1187 omniailla
596 1124 745 1187 libertatis
764 1125 823 1186 hu·
873 1128 1062 1190 necessitatis
1076 1130 1109 1192 in
1124 1135 1254 1212 agendo,
1273 1143 1305 1197 et
1325 1140 1410 1216 quod
1423 1141 1489 1201 unilt
1502 1161 1602 1203 unum
1628 1162 1645 1205 e

79 1232 161 1276 mana
173 1215 296 1296 propria
308 1216 513 1280 vindicentur.
873 1214 1026 1295 pluribus,
1051 1220 1083 1280 vi
1111 1240 1145 1282 ac
1170 1229 1251 1284 nutu
1290 1225 1396 1290 libera
1431 1232 1645 1310 propensionis
1700 1298 1703 1303 ,

872 1307 1000 1370 asciscit..
1025 1312 1073 1372 Ad
1106 1314 1241 1393 priorem
1274 1319 1442 1382 voluntatis
1470 1325 1642 1401 notionem,

873 1416 935 1477 qua
962 1408 1074 1465 natura
1092 1405 1215 1484 dicitur,
1237 1413 1447 1474 revocandum
1472 1421 1518 1476 est
1544 1428 1643 1497 φυσικὸν
1687 1439 1801 1483 acereta

437 1544 441 1549 ,
872 1488 950 1553 illud
976 1502 1082 1575 lalana,
1115 1501 1199 1577 quod
1222 1502 1260 1562 ab
1285 1511 1441 1589 ὓποστατικῷ
1469 1508 1644 1574 distinxisse
1681 1494 1806 1589 pti-lm·

267 1601 449 1684 CAPUT
486 1603 605 1684 vlu·
874 1583 997 1645 Graecos
1025 1588 1195 1669 theologos,
1226 1594 1323 1673 eapite
1362 1599 1513 1677 superiori
1541 1602 1641 1679 dixi⁸3

872 1692 950 1752 quos
974 1678 1100 1756 quidem
1133 1686 1284 1746 naturalis
1310 1689 1477 1751 voluntatis
1515 1694 1643 1757 nomine

872 1770 1140 1846 comprehendisse
1156 1775 1259 1853 docui,
1280 1786 1393 1858 praeter
1415 1791 1527 1865 δύναμιν,
1545 1791 1575 1847 et
1599 1786 1644 1846 fa·

871 1858 1017 1921 cultatem
1028 1862 1273 1942 ipsamanatura
1284 1870 1423 1942 inditam,
1441 1877 1643 1939 actionesmi-

74 1952 129 2014 .loa
140 1952 227 2014 mlum
247 1951 414 2014 uoluntates
439 1954 473 2013 iu
495 1950 612 2013 Christe
626 1950 714 2032 faisse
735 1947 820 2026 duas,
871 1950 1115 2017 nimeliberaset
1127 1976 1164 2019 ex
1176 1959 1641 2039 hujusfantibussineulladeli-

104 2044 146 2106 rat
155 2046 239 2106 aian
263 2044 382 2118 liberas,
401 2051 430 2104 et
448 2042 646 2122 indifferentes
668 2048 819 2123 utrasque,
871 2040 1031 2104 baratione
1039 2055 1217 2111 manantes:
1230 2071 1300 2132 quae
1312 2059 1468 2120 naturales
1479 2067 1643 2141 propterea

104 2136 215 2198 uuella
233 2137 398 2197 serenitate
416 2134 630 2196 determinante
653 2133 821 2195 constrictas
871 2141 985 2196 vocatae
1000 2142 1082 2214 sunt,
1099 2141 1173 2219 quia
1187 2144 1332 2208 naturam
1350 2150 1547 2229 comitantur,
1563 2155 1641 2215 etin

103 2228 261 2289 acautiar.
289 2230 321 2288 2.
352 2227 417 2288 Duo
444 2228 475 2287 in
502 2226 653 2287 uoluntate
680 2225 818 2306 spectari,
870 2227 1015 2289 omnibus
1035 2239 1206 2295 cernuntur
1230 2236 1408 2317 individuis,
1425 2262 1495 2323 quae
1510 2245 1567 2305 sub
1589 2265 1640 2308 aa·

102 2318 171 2400 qoud
198 2324 306 2380 notura
333 2319 383 2392 sit,
419 2326 447 2381 ct
486 2318 613 2380 liberum
647 2317 817 2378 arbitrium.
868 2316 940 2381 dem
954 2320 1053 2383 forma
1076 2326 1286 2392 continentur.
1313 2332 1470 2411 Ejusmodi
1490 2344 1563 2398 suunt
1576 2339 1640 2418 pri-

103 2412 278 2492 Propanitur
304 2410 445 2492 difficilis
469 2410 593 2491 quaestio
626 2407 764 2490 quamodo
788 2409 819 2471 in
869 2408 1022 2488 miganiae,
1039 2427 1075 2476 ut
1097 2415 1140 2478 ita
1159 2418 1271 2499 dimm,
1298 2425 1451 2487 motiones
1474 2431 1638 2510 appetitus,

103 2502 290 2565 Christoecre
317 2502 414 2565 libera
433 2503 566 2564 uolumus
596 2502 759 2563 constiterit
782 2519 819 2561 ec
868 2502 980 2581 quibus
1005 2524 1041 2566 ea
1062 2518 1278 2586 procurantur.
1305 2534 1376 2596 qaae
1397 2518 1436 2579 ad
1452 2521 1594 2583 salutem.
1610 2529 1642 2584 et

108 2593 229 2656 l'eterarn
246 2595 395 2674 opinione,
428 2599 481 2676 qai
502 2594 574 2657 salas
597 2592 748 2657 naturales
770 2611 819 2653 ee
868 2597 1132 2661 conservationem
1150 2602 1287 2667 hominis
1307 2610 1456 2687 attinent;
1479 2631 1514 2674 ac
1537 2621 1640 2687 caeteri

101 2686 217 2749 tentatas
243 2687 294 2748 illi
310 2687 504 2766 tribueram
530 2706 587 2748 non
615 2697 753 2769 γνωμικάς.
785 2686 815 2746 2.
866 2686 1034 2750 voluntatis
1056 2690 1199 2772 impetus,
1226 2699 1334 2778 quiin
1349 2702 1438 2762 nobis
1451 2709 1636 2783 necessaria,

101 2778 330 2860 &madianei
352 2779 525 2859 questiani'3
558 2788 643 2860 atque
668 2778 819 2859 imprimis
866 2795 902 2838 ac
930 2780 1005 2841 citra
1027 2783 1280 2850 deliberationem
1304 2792 1459 2855 oriuntur.
1482 2797 1637 2861 Posterius

99 2869 206 2932 decan
229 2872 398 2952 affectiones
413 2891 511 2933 ornus
523 2872 685 2946 naturales,
718 2880 745 2932 et
766 2890 818 2952 ap
865 2888 940 2931 rero
964 2891 1062 2951 genus
1084 2876 1171 2952 illud,
1202 2882 1287 2959 quod
1304 2890 1466 2948 ὑποστατικὸν
1482 2890 1639 2968 appellant

97 2963 237 3042 petitiones
257 2964 289 3024 in
312 2962 429 3025 Christi
445 2963 539 3025 litera
550 2963 642 3044 suine
660 2968 814 3044 potestate,
865 2961 960 3024 iidem
977 2967 1075 3028 Graeci
1088 2969 1202 3044 Patres,
1220 2973 1376 3055 adequari
1390 2996 1461 3039 cum
1482 2983 1636 3044 carolun·

99 3072 131 3114 ec
153 3074 207 3136 qao
236 3074 350 3116 summa
384 3055 466 3116 itlius
494 3054 614 3117 libertas
640 3054 816 3135 collealtum
865 3054 937 3115 tatis
951 3055 1173 3136 significatione
1187 3063 1319 3144 videtur,
1335 3067 1384 3128 cui
1404 3069 1445 3132 ab
1469 3072 1500 3133 S.
1518 3073 1637 3137 Thomu

99 3149 124 3206 3.
148 3155 207 3208 tum
233 3147 322 3208 etium
356 3146 554 3228 hypostaticas
585 3147 691 3208 liberas
713 3146 814 3226 suesce.
865 3145 955 3207 liberi
983 3149 1102 3212 arbitrii
1126 3155 1313 3220 vocabulum
1340 3160 1459 3240 imponi
1486 3164 1633 3229 diximus.

98 3239 124 3298 t.
151 3237 319 3317 Cuiusmodi
339 3237 494 3301 Christum
519 3238 652 3299 babuisse
670 3246 814 3300 morasca·
865 3238 912 3298 Ex
926 3258 988 3319 quo
1001 3240 1169 3306 mirificum
1184 3246 1271 3324 illud,
1293 3256 1324 3312 et
1339 3251 1536 3330 inopinatum
1561 3276 1635 3320 axo

97 3336 151 3390 tar.
177 3332 206 3391 d.
230 3330 314 3393 Huic
338 3329 470 3391 libertati
490 3329 605 3394 Christi
621 3348 679 3391 uon
701 3331 816 3391 obstare
864 3329 962 3407 ritur3
991 3333 1090 3395 rideri
1113 3336 1247 3401 liberum
1266 3342 1429 3406 arbitrium
1453 3347 1487 3407 in
1513 3350 1633 3413 Christo

97 3420 217 3500 quamn
238 3423 486 3502 impeccantiam:
518 3429 547 3483 ct
587 3422 654 3484 noui
689 3420 814 3502 dapina-
863 3421 956 3485 fuisse
970 3424 1110 3488 nullum:
1127 3432 1180 3491 sed
1194 3432 1343 3513 quidquid
1362 3435 1499 3500 humana
1524 3442 1635 3504 volun·

96 3515 166 3576 tuta
190 3520 342 3577 mtantur.
377 3519 405 3576 6.
435 3515 541 3595 Itaque
562 3515 687 3596 qaeestio
702 3533 814 3596 propo·
863 3519 926 3576 tate
952 3517 1090 3596 appetiit,
1114 3525 1285 3585 necessario
1310 3545 1342 3587 se
1370 3537 1457 3591 motu
1489 3533 1529 3593 ad
1556 3533 1633 3597 illud

95 3606 180 3681 nitar,
195 3606 334 3688 monada
349 3604 483 3668 Christus
502 3606 584 3684 liber,
600 3615 629 3669 et
644 3606 814 3686 indifferen·
864 3608 1041 3687 applicasse.
1066 3611 1225 3691 Siquidem
1244 3624 1403 3682 ὓποστατικὸν
1414 3631 1519 3704 θέλημα,
1550 3629 1633 3706 quod
1666 3648 1796 3695 aaronita

97 3698 135 3758 tia
158 3698 313 3760 catenatis
333 3697 479 3780 preditus
503 3706 583 3773 esset,
599 3719 664 3761 cum
679 3707 815 3781 paternae
863 3699 946 3761 idem
970 3720 1034 3763 csse
1053 3713 1179 3768 censent
1196 3726 1232 3769 ac
1246 3720 1381 3791 γνωμικὸν,
1397 3713 1430 3776 in
1443 3717 1562 3779 Christo
1575 3739 1630 3782 ne·
1679 3706 1790 3804 ἕξῗζῧ

96 3788 126 3850 in
150 3792 280 3852 omnibus
295 3790 443 3852 uoluntati
462 3795 614 3873 paruerit.
632 3792 677 3853 Et
695 3811 813 3873 respon-
862 3798 938 3871 gant
966 3795 1114 3858 exstitisse
1130 3798 1236 3863 Patres
1261 3802 1318 3874 illi,
1342 3823 1419 3884 quos
1440 3812 1631 3875 antecedenti

94 3880 180 3960 detur,
196 3883 309 3945 nullum
328 3887 356 3944 ei
368 3882 532 3945 absolutum
553 3886 656 3945 mortis
677 3885 812 3948 aleaume
863 3886 960 3967 capite
974 3889 1147 3966 percensui.
1162 3893 1202 3953 lt
1214 3911 1250 3954 eo
1263 3902 1394 3975 remoto,
1411 3906 1507 3962 restat
1517 3913 1629 3983 φυσικὸν,

91 3984 262 4055 preamium
300 3974 472 4055 impositum
507 3974 609 4055 suine.
651 3980 681 4039 8.
732 3977 815 4054 Quod
861 3976 1007 4060 idemque
1022 3983 1240 4062 necessarium,
1264 4006 1329 4049 non
1343 3988 1475 4054 liberam
1491 3995 1630 4059 volunta·

94 4063 218 4147 daaceps
256 4070 435 4129 auctoritate
476 4070 605 4129 Petrum
632 4069 810 4132 adstruitur.
861 4068 900 4129 tis
922 4088 1030 4150 genus.
1055 4074 1147 4135 Vides
1170 4093 1264 4156 quam
1284 4079 1368 4158 justa
1393 4083 1443 4159 sit,
1466 4091 1497 4147 et
1516 4093 1632 4152 attente

94 4158 139 4218 l2.
159 4157 212 4219 Ea
238 4157 343 4240 quibus
366 4164 426 4219 tcta
452 4160 576 4240 qaeestio
601 4159 759 4226 deciditur.
861 4162 1081 4226 consideranda
1103 4165 1155 4227 illa
1178 4171 1328 4249 quaesti03
1344 4192 1414 4253 quae
1434 4182 1521 4240 tanto
1542 4181 1632 4243 nobis

862 4254 1035 4334 optabilior,
1052 4277 1087 4319 ac
1100 4263 1244 4338 praesenti
1257 4264 1456 4346 disputationi
1477 4281 1630 4352 opportu-

93 4340 114 4404 l.
136 4344 168 4406 Si
185 4351 278 4423 reete,
304 4362 438 4425 vereque
460 4346 626 4409 constituta
651 4347 704 4409 illa
726 4354 810 4424 sunt,
861 4348 931 4406 nior
954 4347 1070 4422 incidit,
1097 4353 1181 4431 quod
1208 4355 1293 4417 nulla
1318 4377 1461 4440 peraeque
1485 4363 1568 4426 utilis
1591 4367 1630 4427 ad

10 4397 43 4485 ξ’
61 4437 168 4511 quade
194 4436 344 4498 libertatis
354 4443 466 4498 natura
491 4438 702 4518 superioribus
728 4440 810 4519 capi·
860 4436 1072 4501 illustrandam
1081 4444 1193 4506 Christi
1202 4444 1526 4533 libertatem‚ejusque
1535 4475 1630 4536 supra

10 4507 19 4590 ἶ
59 4523 139 4596 tibus,
154 4528 264 4591 etaliis
285 4528 419 4590 inlibris
443 4530 641 4608 asseruimus,
670 4531 811 4592 dubitare
859 4528 1139 4595 bominescaeteros
1152 4536 1217 4598 vim
1239 4558 1276 4600 ac
1299 4544 1509 4618 praestantiam
1527 4546 1627 4607 decla·

10 4610 32 4645 a
59 4620 267 4700 ncnopoterit,
280 4621 638 4683 ativolnntatesluerunt
648 4623 682 4683 ln
691 4623 810 4684 Claristo
859 4623 990 4684 randam
1004 4626 1170 4706 excogitari
1184 4631 1329 4708 potuerit.

58 4706 128 4786 dua,
142 4730 204 4774 una
216 4712 393 4787 didnitatis,
409 4712 505 4775 altera
521 4714 724 4776 humanitatis
738 4734 810 4796 pro·
901 4716 940 4774 Il·
965 4717 1174 4782 Quamobrem
1190 4722 1324 4782 utillum
1339 4725 1483 4786 nonnihil
1496 4727 1629 4811 impedi·
1665 4754 1772 4801 tannia

57 4799 124 4878 pria,
136 4804 178 4865 sic
192 4804 315 4866 easdem
327 4803 424 4866 libere
439 4811 574 4884 agentes,
589 4812 620 4867 et
633 4807 811 4869 necessitate
859 4809 923 4866 tam
937 4809 1140 4885 questionem
1150 4810 1284 4875 breviter
1295 4814 1452 4878 absolvam
1464 4838 1472 4893 ;
1488 4820 1627 4899 primum
1652 4808 1764 4905 ”lssffiffi
1774 4807 1797 4850 ¹⁰

56 4891 157 4955 solutas
177 4895 339 4958 exstitisse.
355 4897 391 4957 In
405 4916 467 4976 quo
479 4899 590 4958 merito
604 4898 680 4959 illud
704 4899 809 4961 obser·
861 4897 898 4958 de
913 4916 948 4959 ea
961 4899 1130 4976 voluntate,
1148 4921 1242 4982 qnam
1261 4906 1429 4968 naturalem
1448 4918 1571 4990 vocant,
1585 4913 1628 4975 ita
1662 4912 1784 4958 cml*

55 4979 288 5061 vandumvenit,
303 4985 437 5064 quodex
452 4985 485 5046 S.
499 4986 620 5046 Thomu
633 4986 705 5047 alibi
719 4994 810 5048 nota-
859 4994 978 5066 statu03
1006 4992 1085 5053 hanc
1110 4993 1144 5053 in
1172 4995 1292 5057 Christo
1323 5016 1388 5060 non
1422 5004 1627 5065 necessariam
1671 4978 1715 5012 ”⁰⁰
1731 4965 1783 5009 Μ’

55 5068 175 5150 uimus’,
190 5076 251 5136 duo
273 5076 308 5137 in
320 5077 482 5138 uoluntate
509 5077 650 5157 spectari,
676 5080 809 5140 alterum
857 5080 960 5158 luisse,
990 5084 1044 5144 sed
1063 5085 1205 5163 liberam,
1231 5095 1261 5149 ct
1283 5107 1322 5151 ex
1346 5091 1412 5171 ejus
1440 5096 1627 5172 pendentem

54 5164 127 5238 quod
151 5173 198 5228 ast
217 5173 345 5229 natura:
370 5169 514 5246 alterum,
530 5169 614 5248 quod
638 5177 684 5232 est
711 5171 809 5232 libera
858 5173 984 5234 arbitrio
991 5194 1000 5249 ;
1025 5182 1071 5253 ut,
1087 5177 1113 5238 si
1131 5179 1234 5255 vellet,
1254 5186 1321 5243 tam
1344 5187 1500 5248 naturales
1520 5206 1625 5251 neces·

54 5254 193 5327 uoluntas,
221 5259 284 5323 sive
326 5260 490 5322 arbitrium
518 5261 662 5325 liberum.
701 5263 807 5325 Priore
857 5265 960 5328 sitatcs
973 5285 1093 5346 omues,
1111 5289 1207 5350 quam
1230 5290 1338 5337 aarum
1355 5277 1557 5357 appetitiones
1576 5280 1624 5341 iu-

75 5455 144 5512 rna.
155 5470 208 5511 nir.
220 5469 241 5505 r.
252 5462 285 5508 19.
300 5483 328 5496 -
340 5463 355 5507 2
366 5461 428 5509 Tam.
444 5461 480 5518 lt,
496 5462 538 5508 tiu.
551 5460 581 5508 lll
590 5462 617 5509 te
629 5462 684 5519 opit.
695 5476 744 5522 cap.
758 5474 790 5514 ir.
804 5476 880 5523 parua.
890 5466 935 5512 3-
945 5466 1041 5526 tiaras.
1049 5470 1071 5515 a.
