3956 6158
309 276 370 347 ὅθί
807 282 1135 355 THEOLOGlCORUM
1159 281 1392 353 deonorum.

190 459 191 462 ’
310 447 444 535 cyrillus
456 447 535 507 libro
557 448 722 509 undeeimo
742 448 774 507 in
795 447 936 509 doronem
965 448 1075 510 odilla
1125 454 1156 510 et
1177 451 1243 528 ejus
1262 450 1451 521 interventu,
1466 463 1501 506 ae
1516 444 1639 517 merito,
1655 446 1719 506 Deo
1746 444 1880 521 sintpro·

309 541 406 603 verba
417 543 435 602 J
438 540 547 601 oannis
561 559 568 599 :
582 540 687 615 Amen,
696 558 781 601 orreo
794 538 859 600 dieo
876 540 998 607 aedisti
1004 537 1078 621 qaid
1126 541 1252 604 batuel
1266 540 1354 599 nohis
1365 538 1452 599 utilia
1466 538 1598 606 dona,et
1609 535 1768 596 sacrificia.
1778 536 1883 615 Augur

305 633 459 714 petieritis
475 632 592 693 Patrem
607 632 769 693 innomine
783 651 853 704 roeo,
870 631 952 693 dedit
963 629 1073 706 eodelr&
1127 632 1210 693 tinus
1235 632 1268 692 in.
1287 630 1440 692 Prolmum
1454 647 1514 690 (ιιι.
1534 629 1641 707 «Quid
1663 627 1727 707 agit
1753 627 1882 687 sacerdos

309 726 462 800 observat,
479 726 655 785 «eumdem
670 726 723 785 [lei
734 724 914 803 filiumque
927 726 1073 801 deusest,
1126 725 1161 785 in
1175 724 1350 785 aeternum?
1364 723 1420 797 ait,
1437 723 1517 799 Quid
1529 720 1613 801 agit'l
1632 720 1690 797 Qui
1705 724 1752 781 eet
1766 717 1881 779 addex-
1972 754 1974 793 5

311 818 518 881 communiter
531 836 604 879 eum
625 817 713 877 Patre
725 817 807 877 bono
820 816 925 895 largiri
942 816 1074 893 sanetis,
1127 823 1226 879 teram
1241 817 1306 889 Dei,
1322 823 1352 878 et
1366 815 1542 899 interpellat
1555 832 1613 895 pro
1626 812 1728 887 nobis,
1747 816 1885 892 moenam

309 930 345 975 ae
359 910 605 972 benedictionem
619 910 652 969 in
673 928 730 970 nos
751 908 923 969 diffundere
941 928 948 968 :
964 925 1076 989 quem·
1128 911 1271 971 sacerdos
1284 910 1403 970 intrans
1428 908 1461 967 in
1483 907 1643 985 interiora,
1658 904 1709 967 vel
1732 903 1768 963 iu
1794 907 1886 964 muse
1972 960 1974 973 ,

310 1003 481 1067 admodum
495 1002 608 1062 Paulus
621 1007 750 1062 testatur
763 1000 811 1061 his
824 1000 926 1061 verbis
943 1019 951 1076 3
969 1000 1078 1062 Gratia
1128 1008 1316 1077 sanctorum,
1334 1002 1364 1061 in
1380 1006 1494 1062 saerata
1508 1000 1670 1060 emiorum.
1686 1017 1702 1056 a
1912 978 1974 1311 A

312 1093 397 1157 noe.
409 1103 436 1157 et
456 1115 558 1178 poro
579 1094 637 1155 lieo
654 1094 747 1155 Patre
774 1101 884 1169 nostro,
909 1098 937 1153 et
952 1090 1078 1154 Domino
1169 1095 1237 1154 llll.
1263 1095 1349 1154 Hane
1377 1091 1530 1172 generalis
1560 1093 1625 1153 vim
1659 1087 1835 1163 sacerdotis,
1860 1091 1945 1165 etr¹

311 1189 380 1250 Jesu
406 1186 523 1250 Christo
547 1207 555 1248 ι
579 1192 732 1267 quatenus
758 1205 831 1247 varo
859 1185 1022 1262 mediator,
1048 1190 1079 1245 et
1128 1186 1321 1248 functionem
1342 1185 1491 1267 expressit
1514 1183 1602 1246 Philo
1626 1182 1756 1245 iudaeus
1770 1180 1804 1241 in
1817 1178 1886 1240 illius

311 1279 460 1361 pontifex,
490 1286 521 1341 et
548 1280 712 1340 advocatus
738 1279 935 1354 nominatur,
968 1277 1079 1338 ollerre
1129 1280 1241 1359 figura,
1263 1297 1359 1359 quam
1386 1278 1570 1339 ludaeorum
1596 1292 1739 1336 summus
1764 1270 1888 1352 pontifex
1915 1264 1974 1355 Ψ

313 1373 397 1434 Patri
413 1390 470 1453 pro
484 1372 573 1433 nobis
586 1391 700 1451 preees.
717 1373 824 1452 Ipsum
837 1371 922 1431 enim
936 1373 1081 1431 omnium
1130 1371 1302 1433 cumomni
1316 1371 1413 1445 eultu,
1429 1375 1461 1430 et
1474 1370 1582 1430 habitu
1594 1388 1651 1429 suo
1668 1366 1839 1440 referebat,
1859 1368 1888 1425 ut
1973 1412 1974 1421 ,

313 1471 455 1527 nostrum
469 1483 533 1526 esse
547 1464 693 1525 fidueiam
708 1462 791 1543 apud
814 1464 987 1525 Patrem.»
1006 1464 1080 1535 Qui·
1130 1464 1220 1525 initio
1235 1463 1342 1547 eapitis
1355 1463 1450 1543 hujus
1460 1462 1651 1523 ostendimus
1663 1481 1671 1534 ;
1684 1455 1887 1541 praeserumin

300 1557 372 1621 ‚bus
398 1557 501 1621 affinia
528 1561 601 1617 sunt
623 1557 690 1617 haee
719 1555 920 1634 Augustini'.
947 1576 960 1611 ι
993 1555 1081 1614 Hune
1131 1556 1266 1618 seeundo
1280 1555 1361 1617 libro
1374 1553 1409 1614 de
1423 1553 1610 1614 Monaredio.
1626 1549 1888 1627 Quoinlooonon·

315 1650 476 1719 hahemus,
492 1649 606 1728 inquit,
632 1649 827 1727 magistrum,
844 1654 879 1707 ut
893 1666 958 1708 non
972 1664 1082 1731 peeee·
1131 1648 1210 1710 nihil
1236 1648 1378 1725 oeeurrit,
1397 1646 1481 1727 quod
1499 1647 1538 1707 sd
1562 1645 1629 1709 Filii
1649 1645 1705 1705 liei
1723 1645 1852 1725 μεσιτείαν,
1862 1645 1888 1703 el
1904 1646 1974 1713 und

315 1761 386 1805 mus
410 1762 417 1803 :
445 1749 477 1804 et
503 1742 707 1813 defensorem,
738 1740 764 1801 si
782 1740 1022 1818 peceaverimus,
1052 1744 1084 1799 ot
1133 1741 1340 1803 sacerdotium
1350 1743 1451 1820 prima
1461 1739 1561 1819 speeie
1573 1736 1802 1799 accommodari
1815 1750 1888 1815 poffie

316 1831 458 1910 eonfessi,
480 1838 573 1913 atque
591 1830 732 1892 eonversi
753 1829 927 1890 fuerimus:
944 1830 1083 1891 etinter·
1134 1835 1269 1895 videtur.
1297 1833 1359 1895 Sed
1384 1833 1479 1906 idem,
1503 1838 1539 1892 ut
1561 1831 1726 1912 plerasque
1748 1825 1890 1909 seriptor'e

316 1926 497 2006 pellatorem
510 1944 567 2007 pro
580 1923 680 1999 nobis,
696 1923 722 1983 si
741 1923 816 2003 qnid
830 1923 905 1983 boni
919 1942 935 1983 a
951 1922 1083 1982 Domino
1136 1925 1234 2000 istim,
1248 1925 1415 1989 Platonicis
1432 1942 1467 1984 ae
1487 1923 1658 2003 gentilibus
1681 1921 1797 1985 naeniis
1809 1918 1889 1980 dede·

317 2017 558 2079 desideravimus
574 2036 582 2076 τ
598 2023 630 2078 et
642 2018 782 2077 datorem
806 2034 877 2076 eum
892 2016 996 2089 Patre3
1011 2013 1086 2094 quia
1136 2023 1269 2093 ooratur,
1290 2023 1321 2077 et
1334 2016 1481 2077 inficitur.
1497 2017 1666 2094 Postquam
1686 2013 1774 2075 enim
1793 2007 1891 2073 summi

318 2110 398 2173 Deus
419 2128 502 2171 uuus
527 2116 574 2170 est
593 2111 694 2186 Pater,
710 2114 740 2169 et
761 2108 882 2169 filius.»
900 2107 1086 2169 Claudianus
1137 2111 1289 2191 pontificis
1314 2114 1471 2184 ornatum,
1498 2107 1708 2185 vestitumque
1730 2102 1891 2183 deseripsit3

317 2204 392 2265 item
406 2205 574 2265 Mamertus
586 2202 666 2263 libro
687 2201 789 2281 primo
817 2199 852 2261 de
865 2208 942 2262 stolo
968 2199 1083 2272 anime,
1138 2206 1171 2264 in
1184 2222 1282 2283 eoque
1295 2202 1405 2263 mundi
1426 2203 1522 2262 totius
1541 2199 1714 2279 imaginem
1737 2210 1893 2283 represen-

323 2296 495 2358 «Pontifex
508 2297 560 2356 ille
577 2302 623 2356 est
636 2295 785 2369 Christus,
797 2294 850 2367 ait,
867 2293 921 2373 qui
933 2293 1087 2373 prino-ipa·
1137 2297 1195 2358 tari
1211 2296 1299 2367 dixit,
1320 2295 1352 2355 id
1366 2313 1429 2374 qua
1443 2294 1481 2353 de
1495 2311 1588 2353 eausa
1601 2292 1716 2353 laetum
1745 2291 1797 2365 sit,
1810 2285 1895 2368 aperit
1973 2340 1974 2365 ,

318 2389 391 2451 liter
420 2389 503 2470 apud
535 2388 728 2448 divinitatem
764 2404 893 2447 summae
927 2384 1089 2444 Trinitatis
1138 2388 1191 2448 sio.
1207 2408 1223 2445 (ι
1238 2386 1312 2451 Vult
1331 2386 1416 2447 enim
1441 2402 1602 2445 summum
1624 2382 1827 2452 sacerdotem,
1848 2377 1892 2448 ait

320 2480 452 2544 humani
476 2479 599 2560 generis
627 2478 729 2539 oblata
756 2478 940 2551 sanelitieat,
966 2481 1090 2556 peeeata
1140 2479 1294 2560 imprimis
1315 2479 1409 2539 totius
1433 2478 1604 2555 imaginem
1629 2472 1770 2537 universi
1792 2472 1896 2534 rimu

322 2574 436 2655 expiat,
464 2578 537 2632 vota
567 2572 774 2632 commendat.
802 2592 818 2629 r>
849 2572 887 2630 Et
911 2573 982 2629 ante
1007 2569 1091 2628 hune
1140 2591 1173 2634 se
1188 2566 1897 2645 manifestamhabere3utexeentinuoasperto

323 2662 555 2729 Tertullianus³
569 2666 636 2724 haee
662 2662 752 2725 Lueoe
780 2661 873 2723 verba
896 2661 1055 2721 declarans
1066 2658 1089 2719 ⁸.
1140 2665 1238 2725 vitam
1253 2680 1360 2735 suam,
1382 2662 1510 2740 dignam
1524 2666 1646 2741 prestet
1660 2664 1806 2719 naturam
1817 2654 1897 2716 totius

329 2756 413 2835 Vade,
429 2757 544 2819 ostende
556 2765 583 2818 te
592 2754 749 2829 sacerdoti,
764 2764 792 2816 et
802 2753 877 2834 offer
890 2773 1006 2825 monus,
1016 2750 1094 2835 quod
1141 2755 1361 2817 universitatis.
1378 2754 1496 2815 Deinde
1510 2753 1593 2815 utin
1605 2751 1700 2812 saeris
1720 2744 1897 2811 celebrantis

322 2852 464 2934 proecepit
485 2850 614 2932 Moyses,
628 2849 670 2910 sie
690 2848 851 2927 loquitur:
872 2848 1093 2925 «Argumenta
1142 2855 1225 2910 totus
1246 2866 1317 2908 eum
1338 2849 1406 2927 ipso
1433 2846 1570 2906 mundus
1593 2844 1788 2911 demtionem
1809 2839 1895 2901 obeat

324 2943 559 3019 enimfigurata,
574 2949 608 3002 ut
626 2947 700 3020 puta
714 2939 971 3018 Prophetaelegis,
994 2937 1094 2998 adhue
1143 2942 1195 3002 Est
1219 2946 1323 3003 autem
1347 2939 1482 3001 maxime
1506 2937 1694 2999 mnveuiens
1713 2936 1785 3011 hoe,
1801 2938 1833 2994 ut
1852 2928 1898 3011 qui

325 3038 359 3098 in
382 3038 445 3098 suis
468 3033 657 3113 imaginihus
677 3032 836 3107 tuebatur,
850 3050 920 3111 quae
943 3030 1094 3109 signifiea—
1144 3033 1254 3095 mundi
1276 3032 1395 3112 parenti
1410 3030 1550 3092 sacerdos
1561 3034 1757 3092 consecratus
1770 3032 1826 3102 est,
1843 3023 1898 3103 ejus

325 3128 399 3190 bant
412 3128 571 3189 hominem
590 3126 749 3205 quondam
774 3129 983 3205 peecatorem,
1002 3123 1095 3183 verbo
1144 3127 1244 3188 lilium
1259 3127 1298 3186 ad
1312 3125 1430 3185 cultum
1443 3125 1520 3205 ejus,
1534 3116 1628 3202 aquo
1652 3121 1775 3201 genitus
1797 3125 1850 3193 est,
1866 3111 1899 3177 ad

326 3240 401 3283 mox
413 3221 467 3281 [lei
481 3218 700 3292 emaculatum,
717 3216 827 3277 olserre
849 3215 961 3275 dehere
981 3232 1096 3275 munus
1146 3219 1266 3280 eultum
1288 3217 1435 3297 genitoris
1463 3212 1668 3276 adhibent.»
1691 3212 1820 3292 Egregie
1839 3205 1898 3289 qoi-
1972 3274 1973 3283 ,

327 3315 391 3376 Deo
415 3312 499 3391 apud
526 3310 689 3389 templum,
713 3308 887 3368 orationem
914 3306 1037 3383 scilieet,
1067 3312 1097 3369 et
1145 3313 1268 3384 demet
1279 3311 1317 3370 ad
1330 3309 1524 3390 propositum
1533 3312 1676 3368 nostrum
1685 3299 1899 3367 aoeommodote
1972 3336 1973 3385 l

328 3407 480 3469 aetionem
513 3403 685 3483 gratiarum
718 3401 801 3480 apud
835 3400 1012 3476 Eeelesiam,
1043 3417 1097 3476 per
1146 3405 1218 3465 satis
1238 3403 1297 3463 ista
1318 3401 1404 3465 Philo
1431 3400 1470 3461 de
1494 3401 1704 3463 interventore
1725 3397 1779 3459 liei
1797 3389 1900 3468 lilio,si
1972 3388 1973 3401 .

329 3499 487 3560 Christum
500 3497 607 3558 iesum
619 3493 809 3556 eatholieum
833 3492 931 3553 Patris
951 3492 1096 3552 sacerdo·
1146 3512 1257 3556 verum
1280 3494 1335 3555 liei
1356 3493 1457 3553 lilium
1482 3492 1695 3553 intellexisset.
1723 3489 1784 3551 Sed
1803 3483 1901 3565 nugari

330 3600 404 3654 tem.
420 3618 434 3647 ι
453 3591 616 3669 Eleganter
630 3587 759 3650 omnino
774 3584 983 3646 Tertullianus
997 3584 1098 3645 cotio·
1147 3606 1272 3668 prorsus
1287 3584 1421 3647 instituit
1437 3604 1492 3645 :ae
1508 3584 1665 3645 Platonem
1676 3580 1900 3655 seeutus,Mun·

331 3684 420 3745 lirum
433 3681 536 3744 Petris
548 3679 720 3743 sacerdotem
740 3676 872 3761 appellat
885 3677 1050 3753 Christum,
1065 3676 1098 3738 id
1148 3680 1223 3740 dum
1239 3679 1339 3760 ipsum
1354 3677 1527 3739 nominavit
1539 3677 1593 3737 Dei
1606 3675 1719 3751 lilium,
1733 3690 1805 3734 eum
1814 3670 1902 3731 verint

330 3781 376 3838 est
389 3773 568 3855 pennulam,
591 3772 685 3851 idque
710 3771 831 3831 duabus
850 3769 888 3829 de
910 3769 1008 3830 causis
1025 3788 1032 3828 ε
1049 3768 1098 3829 vel
1147 3772 1305 3853 opificium
1317 3771 1376 3833 diei
1390 3770 1540 3831 debuerit.
1549 3769 1628 3847 Quid
1642 3773 1749 3828 autem
1759 3763 1899 3828 insulsus.

330 3867 406 3950 quia
420 3867 504 3928 solus
524 3864 728 3937 oblationum,
744 3863 912 3937 donorum,
928 3880 963 3921 ao
976 3862 1097 3922 sacrifi-
1148 3884 1243 3945 quam
1257 3882 1313 3946 pro
1327 3869 1392 3925 toto
1406 3862 1525 3924 mundo
1539 3861 1775 3944 supplicantem,
1784 3863 1814 3918 et
1823 3852 1901 3919 saeris

330 3962 450 4024 ciorum
474 3978 589 4039 genera
613 3959 718 4017 omnia
746 3958 949 4034 representat
978 3954 1040 4014 [leo
1068 3961 1099 4015 et
1148 3963 1312 4035 operatum
1325 3956 1519 4028 Pontifieem,
1542 3954 1632 4015 illum
1646 3954 1762 4034 ipsum,
1777 3968 1832 4032 pro
1847 3963 1899 4027 quo

331 4053 414 4116 Patri
430 4050 499 4115 :vel
517 4050 590 4130 quia
611 4069 694 4111 unus
716 4048 861 4109 omnibus
883 4044 1005 4118 suffieit,
1022 4052 1101 4107 utet
1148 4067 1253 4130 praees
1266 4048 1389 4127 allegat,
1405 4053 1436 4109 et
1451 4047 1609 4121 sacrificia,
1633 4046 1867 4126 deprecatorem,
1876 4044 1902 4099 et

332 4165 388 4227 pro
403 4144 556 4206 universis
570 4142 749 4203 hominibus
765 4141 817 4201 illa
837 4141 904 4220 ipsa
927 4138 1048 4214 offerat,
1065 4157 1101 4200 ae
1149 4143 1392 4204 interventorem
1405 4139 1574 4201 adhihere?
1589 4140 1711 4227 Quippe
1740 4136 1790 4199 Dei
1803 4133 1900 4199 lilium,

331 4243 397 4300 rata
410 4237 510 4309 faeiat,
527 4240 559 4296 et
571 4251 679 4295 omnes
693 4234 732 4294 ad
746 4233 850 4312 ipsum
875 4236 1033 4310 receptum
1047 4231 1101 4294 ha·
1151 4251 1244 4314 quem
1258 4235 1410 4302 nominat.
1429 4253 1494 4294 uon
1504 4231 1666 4295 communi
1677 4230 1771 4292 modo
1782 4245 1845 4289 essa
1855 4242 1902 4284 vo·

331 4331 437 4408 beant,
451 4349 487 4391 ae
508 4346 563 4409 per
583 4327 687 4407 ipsum
710 4324 841 4386 offerant
859 4344 866 4384 :
883 4324 1023 4403 gratique
1038 4325 1100 4385 lieo
1149 4326 1219 4404 luit,
1235 4345 1297 4406 quo
1311 4332 1420 4388 ereata
1434 4344 1484 4387 res
1497 4342 1618 4400 omnes,
1642 4330 1674 4386 et
1691 4322 1830 4385 homines
1842 4315 1902 4399 qui·
1971 4398 1972 4401 Ἴ

333 4422 407 4497 sint,
423 4427 454 4485 et
478 4419 595 4501 decepti
611 4439 619 4480 ι
635 4435 707 4480 eum
729 4417 827 4495 nulla,
843 4416 903 4476 nisi
930 4433 985 4494 per
1012 4416 1101 4477 illum
1150 4417 1237 4493 libet,
1250 4420 1344 4481 etiam
1364 4419 1500 4500 pessimi,
1516 4416 1687 4479 eonditoris
1709 4416 1757 4476 sui
1776 4412 1902 4474 iiliieen·
1971 4418 1972 4489 ζ

369 4653 390 4694 α
409 4638 519 4697 anrru.
536 4635 561 4692 ll
579 4637 612 4691 io
626 4636 711 4689 Joan.
731 4631 772 4705 ’ᾟ
789 4630 831 4704 μὲν
846 4631 894 4703 γάρ
909 4628 973 4684 ἔστιν
987 4630 1049 4697 υἱὸς,
1061 4632 1103 4685 καὶ
1189 4636 1205 4691 b
1224 4634 1307 4693 Pauo
1322 4635 1346 4691 11
1364 4633 1400 4691 de
1415 4638 1530 4690 Monar,
1551 4631 1670 4687 Rodium
1684 4628 1732 4704 γὰρ
1747 4628 1787 4685 τὸν
1800 4622 1903 4698 &weda

332 4722 395 4785 ⁰²35·
416 4720 479 4793 6μοῦ
496 4724 533 4791 τῷ
546 4717 620 4790 πατρὶ
636 4718 743 4789 χορηγεῖ
756 4717 807 4777 τοῖς
819 4713 898 4786 &timi
914 4711 945 4766 τὰ
959 4710 1048 4784 apati,
1062 4714 1103 4766 mi
1152 4725 1250 4791 πρῶτον
1266 4717 1309 4791 μὲν
1321 4717 1402 4771 εἰκόνα
1414 4721 1459 4770 τοῦ
1470 4716 1561 4778 παντὸς
1573 4715 1639 4788 ἔχειν
1652 4712 1744 4786 ippavd
1755 4710 1807 4782 περὶ
1817 4706 1901 4760 {mir

333 4804 453 4876 συνῧοτὴρ
464 4807 509 4870 τῆς
522 4800 557 4863 εἷς
569 4800 632 4875 ἡμᾶς
655 4798 765 4875 εὖλογίας
786 4797 930 4870 εὖρῖσκεταῑ.
954 4796 995 4847 nai
1016 4796 1103 4868 γοῦνὸ
1151 4802 1186 4855 ἵν’
1200 4801 1226 4856 ἐκ
1240 4806 1282 4869 τῆς
1291 4804 1409 4873 συνεχοῦς
1422 4800 1476 4862 θέας
1490 4798 1556 4861 ἀξιον
1571 4797 1719 4871 παρέχῃτδν
1731 4792 1791 4848 ἴδιον
1806 4790 1855 4863 βίον
1866 4789 1902 4853 τῆς

333 4888 458 4949 θεσπέσιος
472 4886 572 4946 Παῦλος
594 4884 732 4955 φανοτάτην
751 4880 810 4951 ἡμῖν
825 4878 895 4933 ἐτίθει
912 4877 955 4946 τὴν
970 4877 1009 4932 ἐπὶ
1022 4879 1103 4948 τούτῳ
1152 4892 1202 4940 τῶν
1213 4887 1278 4940 ὅλως
1293 4885 1392 4958 picem,
1408 4882 1502 4950 ἔπειτα,
1520 4883 1586 4944 ὅπως
1601 4879 1625 4934 ἰν
1639 4882 1694 4942 ταῖς
1706 4874 1843 4951 tepeant&
1854 4870 1902 4927 nl·

334 4970 426 5037 aleus,
446 4970 512 5023 ollem
531 4969 641 5040 γράφων·
658 4968 729 5039 χάρις
746 4965 816 5037 ὑμῖν,
833 4964 874 5016 καὶ
888 4962 970 5035 εἰρήνη
985 4960 1033 5015 tat
1048 4963 1103 5015 θεοῦ
1151 4970 1280 5043 λῃτουργῇ
1299 4972 1345 5031 πᾶς
1367 4966 1381 5020 ὁ
1401 4968 1493 5039 κόσμος
1511 4964 1588 5036 «drap,
1609 4962 1811 5037 Πρςῃωίπατοκ
1830 4950 1901 5008 ditia

334 5054 426 5125 πατρὸς
437 5052 520 5124 ἡμῶν,
533 5052 575 5104 καὶ
588 5051 671 5122 κυρίου
690 5047 775 5117 Ἰησοῦ
791 5048 908 5118 Χριστοῦ·
920 5041 936 5118 ᾖ
955 5044 981 5098 δὲ
994 5045 1102 5116 μεσίτης,
1152 5051 1284 5126 ἱερωμένον
1297 5058 1332 5124 τῷ
1347 5054 1391 5104 τοῦ
1404 5051 1498 5121 κόσμου
1510 5048 1594 5120 πατρὶ,
1609 5048 1651 5101 καὶ
1671 5046 1712 5101 rte
1727 5043 1775 5097 etti
1783 5037 1900 5110 laist*

334 5136 376 5189 καὶ
390 5136 530 5208 ἀρχιερεὺς,
548 5134 589 5187 καὶ
605 5133 761 5204 παράκλητος
772 5130 930 5202 ὀνομάζεται,
945 5128 1103 5199 κροσκομῖζιι
1152 5134 1346 5208 mmmm
1357 5137 1401 5188 τοῦ
1411 5133 1591 5206 γεγεννηκότος,

334 5224 371 5292 τῷ
392 5219 467 5291 πατρὶ
479 5217 523 5280 τὰς
542 5215 601 5289 ὑπὲρ
615 5215 685 5288 ἡμῶν
707 5214 820 5275 ἱκετείας·
841 5212 913 5274 αὐτὸς
935 5213 981 5284 γάρ
1002 5208 1102 5277 ἐστινὴ

304 5297 309 5305 ’
334 5304 432 5358 πάντων
446 5300 518 5374 ἡμῶν
532 5298 655 5375 redderetur
664 5298 720 5371 τρδς
730 5297 772 5352 τὸν
785 5296 888 5369 πατέρα.

360 5482 370 5526 t
385 5484 448 5529 mo.
456 5489 500 5531 ru,
512 5478 548 5521 tt.
557 5498 585 5512 ·-
594 5476 609 5521 t
619 5477 678 5531 tog.
692 5475 764 5520 rnen
775 5484 809 5519 ιιι
819 5474 845 5518 ln
856 5474 918 5519 teau.
931 5494 957 5505 -
968 5471 1051 5515 tl'rert.
1063 5470 1078 5523 Ι,
1088 5470 1166 5515 semro
1177 5468 1242 5513 ltere.
1253 5476 1302 5521 erp.
1313 5474 1342 5509 u.
1352 5483 1380 5497 -
1388 5461 1402 5506 l
1411 5462 1462 5508 ter.
1474 5472 1495 5503 ι.
