4104 6160
331 293 370 352 56
844 292 1168 356 afluawetcoauu
1194 294 1413 358 DOGMATUM

331 456 371 516 ab
385 474 420 517 re
433 456 639 519 distractionis
652 458 814 520 notionem
825 459 974 521 eontinet.
996 460 1102 539 ltaque
1149 468 1212 539 qua
1225 468 1337 535 unum,
1348 462 1431 540 quod
1444 464 1567 537 vocant,
1580 462 1736 544 pleystrum
1749 462 1917 543 epturtbus

331 567 416 627 uon,
446 556 482 611 111
509 554 598 631 putat
611 552 816 631 Anonymus‚
844 553 874 613 ei
896 553 1100 628 distinctioni,
1150 553 1760 636 existitrquoetiampsrttnetmcdioum
1773 556 1919 619 remedi·
2037 600 2038 607 ε

333 660 427 721 quam
441 641 549 704 reukm
567 648 692 716 vocant,
713 644 812 704 Graeci
832 651 1001 725 πραγματικὴν
1018 643 1103 704 velut
1150 645 1357 709 ficataunitas.

333 735 472 814 opposita
481 734 732 814 respondetbaec,
741 737 780 797 de
794 754 856 816 qua
870 755 954 797 nunc
968 737 1099 812 agimus,
1190 740 1290 813 eram
1303 745 1442 801 nostram
1456 739 1636 819 cumprimis
1646 741 1767 814 utilem,
1781 741 1846 803 imo
1859 758 1918 803 ue⁴

332 834 425 903 ὴναείι
439 836 556 908 θεωρίαν,
584 846 654 907 quae
669 828 778 889 eadem
797 834 828 890 et
841 836 894 892 ια’
909 836 1033 903 ἐπίνοιαν,
1052 829 1103 891 vel
1151 832 1314 903 cessariam
1332 832 1633 894 animadversionem
1650 833 1690 894 ad
1703 833 1919 912 intelligendos

333 920 426 980 etiam
439 928 508 1000 λόγῳ
522 920 703 980 nominatur
722 922 866 982 aGraecis
879 922 1041 1000 theologis.
1058 923 1101 983 De
1151 913 1266 1000 Patres,
1283 931 1315 985 et
1327 925 1367 985 ad
1379 925 1540 1005 plerasque
1554 926 1783 1004 componendas
1795 931 1918 987 contro·
2037 996 2038 1019 ρ

333 1031 394 1091 qua
417 1012 569 1074 fusissime
589 1013 790 1075 disseruimus
805 1015 838 1074 in
853 1014 932 1075 libro
948 1015 1051 1095 primo
1067 1013 1102 1076 de
1149 1016 1281 1093 versiae,
1313 1017 1440 1078 mirifice
1477 1018 1643 1078 confirmat
1677 1018 1832 1098 Gyrillus,
1863 1019 1921 1098 qui
2037 1052 2038 1057 1

332 1103 403 1181 Deo,
422 1105 521 1184 capite
535 1104 672 1178 decimo,
701 1124 737 1166 ae
761 1107 858 1168 multa
882 1106 946 1167 illic
969 1106 1103 1186 explica·
1150 1127 1268 1181 veram,
1281 1115 1656 1190 aquampendentem
1665 1116 1800 1173 ίαίατααν
1810 1116 1921 1172 vocant

332 1197 444 1265 vimus,
460 1196 533 1257 huic
547 1214 642 1276 quam
658 1198 750 1258 modo
763 1204 994 1275 pertractamus,
1012 1217 1101 1278 qum·
1150 1201 1342 1275 unitionem,
1354 1203 1413 1264 hoe
1427 1208 1474 1264 est
1487 1202 1678 1277 naturalem,
1693 1203 1838 1276 solidam,
1854 1220 1920 1265 uon

332 1290 426 1349 stioui
448 1290 589 1368 apprime
607 1290 792 1350 necessaria.
815 1293 859 1351 Ex
875 1291 987 1370 quibus
1009 1292 1102 1353 breve
1151 1294 1286 1367 fictione,
1301 1295 1350 1355 rel
1363 1300 1445 1369 arte,
1460 1301 1515 1356 aut
1532 1295 1682 1356 adscititio
1694 1295 1918 1375 aliquomodo,

333 1382 411 1443 illud
434 1382 606 1443 tenendum
627 1388 687 1457 est,
705 1382 828 1444 differre
841 1384 895 1445 illa
908 1392 1101 1461 κατ’ὲαίναναν,
1152 1391 1342 1466 externoque
1368 1387 1574 1459 conciliatam,
1597 1387 1728 1467 opponit
1747 1400 1868 1469 semper
1890 1388 1921 1451 el

333 1474 393 1535 hoc
419 1479 464 1533 est
494 1474 671 1554 capitatione
704 1474 960 1557 iutellipeotr'opue
986 1487 1100 1556 mutu,
1151 1478 1399 1555 distinctioni,ao
1412 1478 1606 1555 differentiae,
1621 1497 1747 1559 quares
1760 1488 1852 1553 uuae,
1871 1480 1922 1543 rel

333 1585 403 1645 quaa
418 1566 451 1626 in
465 1566 574 1627 eadem
586 1585 631 1640 re,
643 1573 674 1627 et
687 1566 768 1628 cirea
781 1569 922 1630 eamdem
932 1569 1100 1647 cohaerent,
1152 1570 1213 1647 ὒίρ,
1227 1570 1276 1631 rel
1290 1568 1337 1624 ἀνὰ
1352 1572 1434 1644 μίμνε,
1450 1571 1510 1633 hoc
1526 1584 1572 1632 est
1593 1572 1723 1646 marsim,
1748 1574 1919 1653 separatim,

217 1707 223 1715 .
333 1676 391 1719 nec
405 1659 568 1738 separatim
582 1659 765 1731 consistunt,
777 1662 841 1720 sive
850 1661 964 1741 alioqui
975 1661 1102 1723 reditis·
1151 1660 1342 1738 altrinsecus,
1370 1681 1405 1724 ac
1427 1663 1549 1725 diversa
1563 1663 1596 1724 in
1620 1673 1708 1744 parte
1720 1664 1918 1728 collocantur.

333 1757 405 1811 rant
418 1769 436 1811 a
450 1768 482 1811 se
496 1757 627 1826 mutuo,
649 1752 712 1812 sive
730 1752 795 1813 sola
808 1753 939 1814 ratione.
955 1754 1005 1815 Sic
1019 1755 1104 1816 enim
1152 1754 1232 1816 'l'um
1247 1756 1340 1817 etiam
1354 1755 1449 1817 rerba
1458 1756 1522 1828 illa,
1532 1757 1619 1837 quasi
1631 1774 1669 1818 ax
1681 1759 1809 1819 adverso
1821 1760 1919 1838 ponit,

334 1843 430 1917 color,
445 1842 565 1920 figura,
586 1849 767 1923 caeteraque
787 1845 964 1924 qualitates,
981 1853 1012 1908 et
1025 1848 1104 1908 acci-
1151 1855 1283 1927 1ιαεερεῖν,
1299 1859 1409 1928 διαιρεῖν,
1424 1857 1548 1929 tropitae,
1561 1858 1691 1918 αϊαείναν,
1707 1859 1834 1931 χωρίζειν,
1850 1869 1921 1930 quas

335 1935 450 2008 dentia,
466 1936 499 1995 iu
514 1935 624 1996 eodem
637 1954 775 2013 corpore,
789 1955 862 1997 eum
876 1938 977 2017 reipsa
994 1939 1104 2000 discre-
1151 1957 1301 2017 separare,
1316 1939 1467 2013 dr‘uellere,
1488 1939 1647 2014 dissecare,
1663 1958 1757 2002 utrum
1770 1942 1808 2003 ab
1827 1941 1923 2003 alteru

333 2033 409 2108 pent
433 2045 452 2087 a
474 2045 506 2088 se
534 2027 681 2100 invicem,
705 2034 736 2089 et
753 2047 772 2088 a
793 2028 940 2108 subjecto,
957 2031 1104 2092 dicuutur
1152 2028 1332 2112 disjungere,
1358 2051 1393 2094 oc
1404 2032 1522 2093 divisim
1537 2040 1662 2093 statuere
1675 2033 1866 2111 significant:
1882 2036 1922 2097 da

334 2125 439 2181 tamea
454 2119 517 2179 sola
529 2126 625 2200 ἐπινοίᾳ
639 2119 762 2182 differre
774 2143 782 2196 3
796 2122 869 2201 quia
883 2125 1022 2199 seorsim,
1045 2131 1104 2186 eta
1153 2122 1266 2202 quibus
1291 2125 1426 2186 multum
1451 2143 1488 2186 ec
1514 2130 1597 2203 supe
1614 2122 1663 2189 his
1680 2126 1715 2186 in
1727 2125 1814 2186 libris
1826 2126 1923 2190 verbs

335 2212 442 2292 seipsis
455 2212 609 2292 dirempta
618 2231 683 2274 uon
697 2214 844 2275 exiebant.
862 2215 911 2275 Sic
926 2218 1018 2277 etium
1037 2236 1104 2297 pera
1152 2214 1293 2277 fecimus.

335 2321 419 2364 sona
433 2310 495 2364 tres
509 2305 543 2365 in
557 2306 629 2364 Deo'
640 2319 670 2386 τῇ
681 2311 792 2385 terrete,
814 2312 844 2367 et
860 2308 1039 2388 copuitr'one,
1060 2309 1106 2371 vel
1192 2310 1330 2387 Apparet
1348 2315 1472 2386 autem,
1493 2310 1519 2370 si
1533 2308 1601 2388 quis
1614 2324 1678 2370 non
1692 2308 1783 2388 plane
1797 2311 1920 2381 obtuso.

335 2395 539 2468 intellectione,
556 2415 591 2457 ac
604 2405 694 2477 θεωρίρ
701 2397 859 2472 differunt,
874 2417 945 2460 cum
958 2406 1104 2463 tameura
1152 2417 1188 2460 ac
1199 2400 1346 2479 plumbeo
1361 2402 1399 2462 sit
1408 2401 1548 2479 ingenio,
1560 2400 1614 2480 qui
1627 2401 1667 2462 ad
1681 2402 1739 2462 ista
1746 2402 1878 2481 legenda
1889 2423 1923 2466 se

335 2488 470 2549 maxime
483 2488 607 2548 distent.
623 2488 673 2549 Sic
686 2490 720 2548 in
733 2491 1104 2556 accensafacetlammam
1153 2491 1283 2569 confert,
1303 2500 1440 2554 noemam
1459 2492 1544 2555 illam
1568 2494 1608 2554 de
1630 2494 1821 2564 discrimine,
1837 2498 1922 2576 quud
2037 2526 2038 2537 ν

334 2598 354 2639 a
368 2581 498 2641 materia
510 2588 589 2661 λόγῳ,
604 2581 635 2641 id
650 2589 696 2642 est
706 2582 818 2643 ratione
831 2584 974 2653 discerni,
988 2587 1103 2663 Grego-
1152 2589 1199 2645 est
1212 2587 1478 2665 11ωρίρ,1α1ίαεναίρ
1497 2605 1535 2646 ex
1547 2593 1651 2647 mente
1663 2592 1805 2648 veterum
1818 2589 1921 2650 obser·

334 2673 399 2732 rius
414 2673 662 2752 Nyssenusaitin
673 2673 752 2735 libro
766 2676 950 2739 catechetico
965 2681 1062 2759 capite
1073 2699 1102 2760 x,
1152 2677 1321 2753 tutionem,
1336 2681 1452 2740 securis
1463 2677 1561 2740 instar
1574 2696 1639 2740 esse
1648 2679 1688 2740 ud
1701 2696 1810 2741 omues
1820 2680 1923 2743 obtre-

334 2766 436 2845 reipsa
459 2783 532 2825 vero
558 2765 687 2827 minime
710 2769 856 2848 separari,
884 2770 955 2849 quia
977 2772 1105 2837 flamma
1152 2769 1276 2830 statoris
1290 2770 1448 2851 Anonymi
1462 2769 1672 2844 succulentus,
1680 2772 1924 2853 evertendosque

335 2858 519 2938 neutiquam
536 2858 575 2919 ab
594 2860 725 2920 materia
742 2862 871 2922 seorsim
882 2863 997 2925 existit.
1014 2866 1103 2928 Unde
1152 2863 1373 2939 cavillationes,
1388 2870 1421 2924 ut
1436 2864 1607 2925 ludibrium
1632 2864 1776 2944 deinceps
1795 2868 1828 2925 et
1846 2884 1924 2927 coa·

334 2951 440 3030 plures
453 2968 510 3011 uos
523 2950 639 3013 ibidem
653 2962 763 3027 uenae
778 2959 885 3016 ίαίνωναν
899 2956 1104 3020 distinctionis
1151 2960 1323 3033 temptum,
1346 2975 1402 3037 pro
1429 2957 1492 3028 illa,
1517 2974 1612 3035 quam
1639 2962 1678 3018 e'x
1701 2957 1760 3017 ista
1786 2959 1925 3020 nouitate

335 3043 450 3121 gradus
461 3061 526 3104 esse
539 3045 835 3122 monstravimus
844 3049 959 3126 species
972 3050 1105 3129 majores
1153 3054 1324 3127 aucupatus
1346 3055 1409 3126 est,
1440 3049 1570 3128 gloriola
1591 3049 1705 3110 merito
1731 3065 1787 3110 suo
1814 3068 1924 3112 couse-

337 3134 412 3195 alias
426 3135 504 3197 aliis.
514 3153 584 3214 que
594 3153 702 3196 omnes
712 3137 745 3197 in
760 3157 797 3198 eo
811 3141 1011 3214 conveniant,
1021 3143 1105 3221 quod
1153 3147 1278 3220 quatur.

337 3227 377 3288 ad
391 3226 504 3287 mentis
518 3228 726 3306 cognitionem
740 3230 935 3308 referuntur;
951 3250 1022 3312 quas
1038 3235 1106 3313 qui-
1193 3235 1264 3295 XV.
1288 3234 1412 3295 atenim
1433 3232 1530 3294 irutat
1539 3232 1743 3311 anonymus,
1763 3240 1797 3296 et
1815 3236 1925 3315 Gyrilli
1956 3268 2038 3317 (mm,

295 3337 300 3348 ·
338 3319 410 3380 dem
423 3337 471 3394 ea,
487 3336 557 3398 quas
569 3319 602 3379 in
611 3319 750 3398 subjecto
765 3323 917 3401 copulata,
932 3332 963 3385 et
975 3326 1106 3387 indivisa
1153 3326 1249 3387 rerba
1274 3325 1364 3388 nohis
1390 3323 1525 3403 objicit&
1552 3325 1664 3403 quibus
1690 3327 1749 3400 ait,
1769 3333 1926 3390 «naturas
1961 3320 2038 3423 “fffi

338 3410 428 3472 nobis
441 3417 626 3485 occurrunt,
645 3430 681 3473 aa
699 3431 807 3475 sensus
825 3424 946 3477 nostros
965 3418 1105 3497 pulsant,
1155 3418 1232 3478 duas
1243 3418 1434 3492 uaitasesse3
1448 3423 1517 3496 post
1527 3418 1701 3480 unitionem
1710 3419 1926 3491 rero,sublata
1961 3433 2038 3485 suun

338 3510 369 3565 et
380 3503 535 3579 afficiunt,
552 3509 657 3583 postea
671 3507 907 3586 contemplando
928 3510 1107 3573 minutatim
1151 3510 1219 3590 jum
1241 3511 1274 3571 ln
1297 3511 1374 3572 duas
1392 3511 1560 3587 divisione,
1577 3529 1672 3571 unam
1686 3530 1751 3574 esse
1763 3511 1823 3573 filil
1835 3519 1926 3574 nata

338 3601 431 3673 secat,
457 3605 488 3657 et
511 3596 733 3659 discernitur
755 3603 1035 3681 quoperspicuum
1048 3611 1105 3681 est,
1156 3619 1239 3672 ram.
1275 3603 1329 3664 sed
1360 3602 1569 3663 incarnatits
1598 3618 1692 3683 quem
1720 3604 1823 3666 locum
1847 3605 1926 3667 alibi

339 3688 547 3750 differentiam
569 3686 665 3764 illam,
691 3708 762 3769 quae
785 3697 831 3753 est
849 3700 903 3756 κατ’
922 3700 1042 3757 ἐπίνοιαν.
1057 3698 1108 3758 vel
1156 3694 1333 3774 descupstt
1362 3695 1442 3759 Hinc
1473 3702 1580 3757 autem
1613 3702 1848 3775 argumentatum
1882 3699 1928 3760 sie

339 3791 454 3862 θεωρίαν,
470 3781 645 3860 oppositam
656 3781 702 3841 illi
716 3801 793 3859 esse,
808 3800 877 3863 quae
892 3793 939 3846 est
951 3794 1006 3850 κατ’
1019 3794 1106 3866 duty·
1157 3786 1360 3865 anonymus:
1376 3805 1448 3848 uum
1462 3786 1595 3866 cyrillus
1608 3787 1722 3863 dicato
1731 3789 1927 3868 sublatajam

341 3893 396 3948 αν,
409 3873 488 3933 sicut
499 3889 565 3947 ναῦς,
577 3872 609 3933 id
618 3880 760 3949 estmeas,
776 3876 916 3938 sensibus
925 3881 1106 3960 opponitur,
1157 3878 1318 3953 divisione,
1334 3896 1431 3939 unam
1445 3896 1510 3939 esse
1523 3885 1679 3953 naturam,
1691 3900 1707 3938 s
1717 3882 1928 3943 necessarium

341 3984 413 4026 cum
427 3967 465 4027 de
478 3965 654 4044 cognitione
667 3967 798 4045 agimus.
1157 3986 1233 4043 esse,
1249 3978 1285 4031 ut
1305 3975 1378 4033 ante
1400 3970 1652 4033 lucarnatiunetn
1673 3971 1851 4035 humanitas
1869 3974 1929 4035 uli-

380 4058 465 4119 XIV.
491 4057 541 4118 Sic
555 4057 637 4135 apud
647 4059 843 4121 Aristotelem
854 4062 1026 4125 differentia
1041 4067 1109 4127 uai-
1157 4064 1282 4142 quando
1306 4068 1446 4142 separata
1472 4054 1596 4125 luerlta
1618 4063 1778 4126 divinitate
1804 4065 1928 4129 Verbit

340 4168 428 4212 verse
441 4150 590 4211 dividitur
607 4151 641 4212 in
664 4169 747 4224 eam,
773 4170 843 4232 quas
861 4159 1057 4237 εε1ενῑρλίρρ,
1079 4164 1111 4220 et
1162 4153 1542 4234 cNonenimpctesttolli
1556 4155 1675 4226 divisio,
1691 4175 1747 4219 seu
1759 4160 1929 4238 separatio,

342 4262 411 4306 eam
425 4261 495 4322 quae
510 4249 556 4303 est
572 4257 609 4324 τῷ
618 4251 787 4326 ὑποκειμένῳ,
805 4264 941 4325 quarum
966 4249 1052 4326 prior
1071 4251 1110 4312 de
1157 4248 1220 4309 uisi
1243 4247 1335 4309 iberit
1355 4253 1458 4309 antea.
1479 4273 1492 4302 α
1522 4248 1609 4308 Tunc
1636 4248 1732 4327 igitur
1762 4251 1932 4330 separatim

342 4336 381 4397 iis
393 4335 516 4409 dicitur,
538 4352 608 4413 quae
623 4336 727 4412 simul,
743 4342 774 4398 et
788 4338 821 4397 in
836 4339 946 4399 eodem
959 4340 1108 4419 subjecto,
1159 4340 1438 4402 eristensbumana
1450 4340 1502 4400 illa
1511 4345 1639 4412 naturs,
1652 4342 1847 4421 suppositum
1860 4349 1933 4407 emt

342 4428 392 4489 vel
405 4427 493 4507 quasi
505 4426 642 4505 subjecto
663 4428 781 4507 posita,
803 4430 869 4490 sola
888 4432 1009 4494 ratione
1022 4448 1110 4514 sepa-
1159 4434 1344 4508 humanum,
1356 4432 1685 4511 humanavepersoaa.

342 4527 471 4582 rantur:
495 4520 702 4599 posteriores
721 4522 872 4599 continet,
892 4540 962 4603 quae
979 4530 1067 4587 extra
1079 4545 1111 4588 se
1201 4525 1263 4587 Sed
1274 4524 1592 4600 huiecalumniaeJ'am
1603 4525 1933 4589 occurrimusiulibro

342 4602 476 4673 invicem
505 4612 687 4673 consistunt.
718 4614 758 4675 Ut
780 4620 885 4675 autem
909 4617 1037 4679 diversas
1063 4636 1112 4680 res
1160 4624 1284 4697 quarto,
1300 4618 1399 4696 capite
1413 4634 1510 4692 nono,
1526 4622 1557 4679 et
1571 4616 1708 4679 decimo:
1725 4617 1779 4678 ubi
1792 4618 1933 4680 ostendi·

343 4705 459 4783 alioqui
471 4705 553 4764 idem
567 4704 629 4765 sint
641 4718 678 4786 τῷ
692 4712 860 4788 ίαααειρίνερ,
876 4727 912 4769 ac
924 4708 990 4769 sola
1003 4715 1109 4789 ίανναίρ,
1160 4728 1246 4786 mus,
1261 4708 1424 4789 Gyrillum,
1446 4726 1600 4789 urasquam
1623 4710 1779 4790 scripsisse
1802 4715 1936 4773 naturas

344 4796 393 4858 vel
405 4807 474 4877 λόγῳ
488 4796 611 4857 differre
624 4803 823 4875 censeantur3
843 4818 964 4861 necesse
988 4807 1054 4878 est,
1075 4809 1111 4864 ut
1160 4809 1228 4864 aare
1241 4801 1403 4862 attritionem
1419 4800 1511 4862 fuisse
1532 4801 1628 4878 duas,
1643 4803 1728 4881 quod
1742 4802 1936 4879 Eutychiani

344 4908 429 4951 nexu
452 4889 574 4968 aliquo,
602 4894 633 4949 et
655 4891 872 4969 conjunctione
896 4894 1050 4966 naturali,
1075 4914 1112 4957 ac
1160 4912 1323 4974 perperam
1336 4899 1544 4973 usurparunt,
1565 4900 1717 4973 tauquam
1738 4894 1777 4955 ab
1792 4894 1847 4955 illo
1869 4894 1936 4957 die·

344 4980 469 5064 proprie
496 4981 579 5040 dicta
597 4982 629 5041 iu
657 5000 757 5043 unum
779 4983 896 5063 aliquid
923 4986 1109 5049 coalescant:
1161 4993 1244 5061 tum}
1266 5004 1376 5047 rerum
1399 4985 1458 5047 boc
1478 5002 1577 5048 unum
1595 4986 1776 5047 asseruisse:
1803 4992 1935 5049 naturas

345 5073 518 5152 cujusmodi
531 5073 697 5135 estlormae
717 5094 789 5136 eum
807 5077 953 5150 materia,
968 5078 1018 5138 vel
1031 5079 1110 5139 acci-
1161 5079 1253 5152 duas,
1283 5079 1330 5139 uti
1348 5078 1475 5158 quidem
1500 5079 1638 5153 notione,
1665 5078 1935 5158 intelligentiaque

346 5166 446 5226 dentis
468 5183 538 5225 eum
567 5163 720 5244 subjecto,
746 5167 795 5228 vel
818 5169 913 5247 partis
925 5155 1006 5229 'eum
1034 5175 1110 5244 toto,
1161 5171 1314 5250 capimus,
1336 5169 1438 5230 unitas
1457 5169 1567 5246 fuisse;
1590 5169 1649 5233 boc
1662 5174 1719 5242 est,
1735 5188 1793 5230 nos
1806 5170 1936 5233 sicillas

346 5257 478 5318 alterave
501 5262 606 5337 parte,
633 5264 687 5318 aut
706 5257 814 5320 similis
827 5260 930 5340 aliqua
943 5262 1110 5341 copulatio,
1162 5258 1346 5323 adumbrare
1357 5262 1533 5339 cogitando,
1545 5260 1629 5324 velut
1641 5261 1764 5338 divisas,
1779 5264 1811 5324 et
1823 5267 1935 5342 postea

373 5460 382 5504 1
398 5458 467 5505 lCcr.
480 5470 530 5512 1111,
537 5459 684 5513 a-tTom.
699 5459 727 5503 tx
739 5460 794 5504 ator.
