4104 6160
331 258 372 320 80
837 257 1163 321 rflmmctcolttttt
1185 258 1404 322 DOGMATUM

330 423 467 496 Primus,
482 425 685 486 asserendus
702 424 804 501 locus,
825 442 921 504 quem
939 443 979 487 ex
1007 425 1101 485 Atha·
1151 442 1260 486 rarum
1290 425 1324 485 in
1349 443 1381 486 se
1409 425 1542 487 invicem
1570 426 1847 503 commeationem,
1882 442 1917 488 ac

331 516 410 576 nasii
423 516 510 577 libris
523 517 686 597 depromit,
708 536 773 578 non
785 524 831 579 est
842 518 934 596 hujus
944 516 1100 597 proprius,
1151 527 1328 597 περιχώρηωιν,
1341 524 1410 578 tum
1426 526 1563 598 ιδιωμιιων
1576 526 1714 590 κοινωνίαν,
1735 525 1766 579 et
1779 518 1837 579 alia
1850 519 1915 597 ejus
1946 502 2021 603 w„

330 625 367 668 arr
388 625 566 687 germanus.
598 609 761 687 Siquidem
785 610 836 670 ille
865 628 904 670 ex
927 609 1101 688 fragmento
1151 610 1294 686 generis:
1315 610 1354 671 de
1376 610 1490 690 quibus
1510 610 1663 671 nonnulla
1683 610 1742 670 hoc
1766 610 1858 672 etiam
1880 610 1914 670 in
1935 617 2021 707 affl

333 701 470 778 quodam
493 709 635 781 sumptus
652 700 714 763 est¹
728 722 736 775 ;
762 702 846 780 quod
860 701 915 762 etsi
930 701 1101 762 Athanasio
1150 699 1231 761 libro
1243 702 1374 762 dicenda
1387 701 1476 762 nobis
1489 707 1582 762 erunt
1594 708 1710 781 postea.
1959 717 2021 778 ,aaa

330 792 489 869 tribuitur,
504 812 568 853 non
583 800 689 854 tamen
702 794 798 873 ipsius
812 800 868 855 est.
889 795 956 869 Quo
971 794 1005 854 in
1018 793 1100 872 frag·
1191 792 1231 851 At
1249 812 1323 853 vero
1345 793 1456 854 iisdem
1482 794 1542 854 illis
1569 812 1608 853 ex
1634 792 1710 854 locis
1733 800 1914 856 naturarum
1935 767 2021 817 Μ

330 891 436 945 mento
457 886 610 946 sententia
636 886 690 946 illa
717 887 893 947 continetur
919 885 959 946 ab
987 884 1100 965 cyrillo
1150 883 1285 944 duarum
1318 884 1523 946 differentiam
1550 885 1690 961 adstrui,
1719 904 1782 947 non
1811 892 1915 947 autem

329 982 478 1056 ustupata
491 977 760 1056 saepius,ettantis
774 978 971 1049 clamoribus,
984 995 1102 1037 accon-
1149 975 1337 1052 singularem
1368 977 1523 1055 aliquam,
1559 982 1590 1038 et
1624 978 1845 1057 compositam,
1880 985 1916 1039 ιιι

328 1069 520 1128 tentionibus
547 1078 695 1148 excepta:
721 1070 753 1129 in
781 1088 842 1149 qua
869 1077 1014 1129 naturam
1035 1086 1100 1129 esse
1149 1073 1277 1141 minere,
1299 1069 1585 1148 inconsiderateque
1605 1069 1913 1151 jactatAnonymus,

286 1216 289 1219 ,
329 1175 426 1220 unam
446 1161 553 1221 assent
578 1166 646 1238 post
669 1162 859 1237 unitionem,
875 1161 1032 1222 lucarnati
1045 1160 1100 1221 llei
1150 1161 1309 1240 perspicue
1334 1166 1507 1240 cognoscet,
1536 1162 1562 1221 si
1590 1163 1659 1240 quis
1681 1163 1787 1224 omnia
1809 1164 1915 1240 singil-

328 1250 434 1311 verbi:
458 1252 496 1312 de
521 1253 629 1330 quain
650 1251 730 1312 libro
753 1258 862 1331 quarto
877 1252 1101 1313 insedisserui·
1148 1253 1235 1316 latim
1260 1259 1381 1329 notare,
1406 1260 1438 1314 et
1459 1259 1602 1314 excutere
1629 1254 1771 1315 voluerit.
1799 1257 1916 1336 Quippe

328 1342 433 1417 mus²;
450 1348 481 1402 et
494 1343 709 1418 ostendimus,
739 1362 778 1404 ex
800 1345 1001 1423 antiquorum
1021 1363 1098 1405 con·
1148 1344 1287 1405 Verbum
1313 1345 1436 1424 ipsum,
1452 1353 1484 1405 et
1496 1351 1686 1425 assumptam
1705 1365 1830 1408 carnem
1851 1365 1916 1408 ase

328 1451 433 1508 sensu,
456 1434 642 1513 Apollinaris
655 1454 736 1510 esse,
756 1453 821 1496 non
843 1437 1002 1497 Athanasii
1014 1436 1097 1515 trag-
1149 1442 1259 1497 mutuo
1268 1437 1475 1515 distmguunt.
1487 1438 1528 1497 Ut
1536 1439 1647 1497 cumin
1658 1439 1797 1500 oratione
1806 1447 1916 1517 quarta

328 1532 471 1587 mentum
504 1526 598 1587 istud.
636 1528 720 1587 ldem
753 1528 791 1588 de
826 1529 995 1607 posteriore
1029 1528 1097 1588 loco
1153 1531 1282 1589 nlleum
1292 1530 1401 1589 asserit
1411 1529 1574 1609 proprium
1583 1530 1740 1607 quoddam
1752 1532 1916 1611 sumpsisse
1949 1546 1952 1551 ’

323 1616 480 1694 judicium
494 1624 556 1693 est,
577 1625 608 1680 et
621 1620 751 1698 epistola
764 1618 804 1680 ed
815 1618 999 1695 sorianum,
1015 1620 1098 1681 rmde
1149 1638 1279 1699 corpus,
1301 1620 1394 1700 idque
1407 1628 1559 1699 tanquam
1572 1620 1816 1683 instrumentum
1829 1622 1916 1684 adhi-

328 1714 374 1769 est
390 1715 572 1789 excerptus:
595 1728 689 1790 ιιιιιιιι
707 1730 771 1771 ιιοιι
783 1729 848 1772 esse
864 1713 1021 1772 Athanasii
1033 1730 1100 1791 per·
1149 1712 1313 1773 buisse¹¹.u
1336 1714 1375 1772 Et
1389 1713 1482 1791 paulo
1503 1717 1582 1791 post,
1605 1735 1617 1768 ι
1636 1712 1698 1772 Nisi
1720 1714 1805 1774 enim
1823 1732 1918 1794 opera

329 1802 472 1880 spicuam
486 1808 541 1862 est.
567 1803 661 1863 Porro
676 1804 828 1864 sententia
844 1803 907 1876 illa,
924 1822 993 1883 quae
1007 1809 1097 1863 utro·
1148 1804 1269 1864 deitatis
1291 1803 1387 1864 Verbi
1401 1823 1457 1883 per
1478 1822 1591 1882 corpus
1612 1803 1693 1864 heta
1704 1810 1816 1879 essent,
1832 1825 1914 1867 nun-

329 1891 424 1971 bique
450 1894 636 1969 continetur,
665 1894 704 1955 de
729 1913 794 1954 una
817 1893 913 1955 Verbi
938 1895 1099 1955 incarnata
1147 1913 1243 1973 qnam
1265 1895 1361 1955 borno
1379 1894 1537 1955 deificatus
1549 1900 1640 1955 esset.
1656 1896 1700 1956 Ac
1721 1915 1838 1971 rursus,
1857 1899 1915 1960 nisi

327 1991 450 2059 natura,
465 1987 505 2046 ob
515 2004 610 2064 quam
618 2005 708 2047 reum
717 1986 790 2047 facit
799 1988 991 2065 Anonymus.
1002 1987 1097 2048 Atha·
1147 1985 1913 2069 quaasuntpropriacarnis,Verbiessedicerentur,

327 2078 452 2138 nasium
466 2078 755 2157 Apollinaristarum
765 2079 902 2151 haeresis,
916 2079 995 2139 nihil
1004 2078 1098 2140 habet
1147 2095 1310 2156 nunquam
1338 2080 1467 2138 omnino
1497 2077 1644 2138 liberatus
1677 2079 1716 2139 ab
1750 2079 1809 2141 illis
1837 2088 1916 2143 esset

326 2171 579 2249 reprehensione,
604 2170 655 2231 vel
669 2171 722 2231 tali
748 2171 922 2250 suspicione
944 2172 1094 2250 dignum:
1147 2168 1270 2231 homol.
1290 2191 1302 2226 ν
1322 2170 1405 2245 llaec,
1421 2174 1452 2228 et
1465 2169 1558 2247 huius
1569 2170 1691 2247 generis
1704 2171 1835 2250 reliqua,
1846 2191 1915 2252 qua

327 2262 1098 2341 utineodemquartolibro,etalibisaepedemon·
1147 2279 1186 2322 ex
1218 2261 1387 2323 Athanasio
1414 2261 1573 2340 descripsit
1610 2264 1814 2341 Anonymus,
1850 2283 1915 2325 non

327 2353 513 2413 stravimus:
530 2370 631 2431 neque
645 2354 880 2427 Dioscorus,aut
890 2354 1043 2433 Eutyches
1057 2353 1097 2413 ob
1146 2353 1277 2415 obscure
1291 2360 1475 2414 naturarum
1489 2354 1623 2414 duarum
1641 2355 1673 2413 in
1692 2355 1812 2415 Christo
1826 2356 1915 2418 diffe-

327 2443 550 2504 eamdamnati
563 2445 681 2504 suntin
695 2445 939 2505 Chalcedonensi
952 2445 1094 2506 concilio.
1147 2447 1281 2506 rentiam
1305 2451 1453 2523 arguunt.
1473 2445 1537 2505 Nisi
1556 2446 1641 2507 enim
1654 2437 1825 2522 differrent,
1849 2467 1914 2509 non

327 2534 389 2596 Sed
403 2534 486 2614 quod
500 2541 644 2596 naturam
656 2536 743 2595 illam
757 2537 892 2611 unicam,
910 2536 1023 2596 Christi
1032 2554 1096 2597 esse
1146 2544 1226 2598 esset
1239 2556 1303 2598 una
1317 2539 1562 2598 instrumentum
1575 2536 1711 2599 alterius.
1732 2539 1815 2599 Tum
1829 2541 1913 2620 quod

326 2627 474 2703 dicerent,
491 2646 530 2688 ex
543 2628 694 2687 ambabus
707 2628 879 2700 contusam,
902 2634 957 2687 aut
968 2646 1095 2708 compo-
1145 2630 1239 2689 unius
1248 2647 1342 2709 opera
1348 2629 1495 2707 imputari
1502 2627 1607 2688 scribit
1613 2629 1913 2703 alteri,tantumdem

327 2720 435 2780 sitam:
452 2737 517 2779 non
531 2725 637 2780 autem
652 2720 790 2780 divinam
805 2720 900 2799 ipsius
906 2719 1010 2792 Verbi,
1023 2739 1096 2781 cum
1145 2719 1287 2780 adstruit.
1303 2720 1374 2779 Non
1389 2719 1472 2779 enim
1482 2719 1732 2798 sicintelligenda
1747 2728 1793 2782 est
1806 2741 1913 2802 opera·

326 2811 470 2890 adjuncta
480 2811 538 2871 sibi
547 2812 770 2884 humana,sine
779 2811 956 2872 alterutrius
961 2812 1093 2890 jactura,
1144 2811 1266 2871 dorium
1284 2810 1338 2870 illa
1358 2810 1549 2885 commuuio,
1575 2817 1611 2871 ut
1635 2812 1676 2872 sit
1697 2830 1762 2873 una
1786 2819 1912 2876 tantum

325 2903 375 2962 vel
389 2903 664 2978 imminutione,in
677 2922 741 2964 una
753 2921 893 2982 personae
907 2904 1095 2984 proprietate
1144 2902 1308 2962 ambarum
1322 2902 1478 2981 operatio:
1495 2903 1549 2963 sed
1569 2909 1606 2963 nt
1628 2911 1753 2983 propter
1772 2913 1910 2985 ἰδιωμάτων
1932 2887 2021 2990 m

326 2995 546 3057 cohaerentem.
1144 3002 1278 3068 ινιιδοωιν,
1295 3012 1364 3074 quae
1379 2994 1524 3073 privatim
1546 2995 1640 3055 unius
1659 3001 1743 3073 sunt,
1758 3005 1788 3057 et
1801 3016 1912 3059 sectum
1956 2999 2021 3043 Μ

195 3121 263 3167 Μ,
366 3087 404 3146 V.
428 3089 544 3148 Cratera
558 3088 623 3147 veri
639 3087 798 3148 Athanasii
811 3087 1002 3162 testimonia,
1022 3106 1094 3167 quas
1145 3087 1221 3146 dum
1235 3104 1315 3161 eam,
1340 3086 1391 3146 vel
1413 3103 1451 3146 cx
1476 3102 1513 3145 aa
1539 3092 1702 3164 gerunttn,
1717 3088 1810 3149 etiam
1822 3090 1912 3151 alteri

167 3174 284 3220 ⁸²¹¹⁸¹¹³⁸⁵¹
326 3178 477 3238 adunam
500 3179 745 3240 convincendam
759 3185 903 3240 naturam
927 3197 966 3240 ex
990 3185 1094 3241 mente
1145 3177 1341 3253 tribuantur,
1376 3177 1460 3256 quod
1496 3195 1552 3238 suo
1585 3177 1653 3240 loco
1692 3180 1909 3243 declarabitur.

154 3226 301 3326 capman-
326 3270 488 3330 Athanasii
502 3269 618 3349 profert
635 3272 828 3349 Anonymus,
836 3271 1018 3333 uniusmodi
1031 3271 1094 3333 iere
1145 3269 1355 3343 Quamobrem
1378 3286 1615 3348 supervacanea,
1641 3277 1672 3332 et
1692 3272 1793 3333 inutili
1817 3290 1912 3351 opera

153 3335 293 3434 affl&
325 3367 416 3422 aunt:
447 3368 478 3423 et
501 3363 560 3423 hoc
583 3364 686 3441 ipsum
709 3363 832 3439 docent,
858 3364 941 3442 quod
958 3364 1093 3426 Ecclesia
1144 3368 1190 3422 tot
1212 3362 1266 3423 illa
1288 3361 1440 3441 congessit
1453 3363 1638 3441 Anonymus
1658 3364 1817 3425 Athanasii
1830 3364 1909 3441 loca,

202 3444 249 3486 ω’·
325 3454 495 3530 catholica,
510 3473 548 3516 ex
560 3454 822 3515 ‹acumenicorum
835 3454 966 3516 decretis
990 3456 1092 3517 conci-
1131 3460 1180 3515 ut
1189 3472 1228 3515 ex
1239 3472 1287 3529 eo,
1298 3454 1380 3533 quod
1395 3464 1536 3514 mutuam
1548 3454 1783 3533 proprietatum,
1794 3461 1826 3516 et
1835 3473 1909 3536 ope·

324 3546 451 3622 liorum,
476 3552 507 3607 et
524 3548 699 3608 Graecorum
710 3548 951 3626 Latinorumque
962 3549 1094 3609 Patrum
1143 3545 1300 3606 rationum
1321 3545 1576 3606 communionem
1596 3546 1720 3626 utrique
1742 3553 1864 3609 naturae
1878 3548 1911 3609 in

325 3637 575 3718 conspirantibus
597 3640 757 3699 sententiis
780 3645 955 3700 constanter
968 3640 1094 3718 profite-
1143 3636 1204 3697 illis
1217 3637 1362 3710 emerant,
1385 3636 1560 3714 colligeret,
1580 3655 1677 3697 unam
1690 3639 1910 3701 abAthanasio

324 3734 397 3803 tur;
425 3732 467 3790 ita
478 3737 605 3790 naturas
619 3730 695 3790 duas
708 3730 742 3790 in
756 3731 876 3791 Christo
888 3732 970 3792 inter
982 3748 1015 3791 se
1028 3749 1094 3792 esse
1143 3735 1288 3789 naturam
1306 3728 1340 3788 in
1355 3727 1477 3788 Christo
1486 3728 1579 3789 inimo
1592 3728 1801 3791 constitutam.
1815 3732 1912 3810 Atqui

324 3821 517 3899 conjunctas,
535 3826 571 3881 ut
583 3839 666 3881 unus
679 3839 717 3882 ex
730 3821 791 3881 illis
803 3820 954 3883 efficiatur
968 3824 1049 3884 licus
1063 3828 1095 3884 et
1143 3825 1179 3880 ut
1191 3820 1401 3899 estAnonymi
1415 3819 1453 3879 de
1465 3820 1655 3880 sanctissimo
1666 3820 1720 3881 illo
1735 3822 1824 3883 Patre
1834 3821 1913 3884 falsa

323 3911 418 3972 homo
444 3912 603 3989 Christus3
626 3931 662 3974 ac
674 3931 745 3992 quae
757 3914 882 3993 propria
899 3920 973 3975 sunt
986 3915 1091 3991 unius,
1142 3913 1288 3992 suspicio,
1299 3916 1452 3973 nonesset
1465 3928 1656 3991 consequens
1669 3931 1765 3974 unam
1774 3918 1912 3975 tantum·

323 4004 413 4064 alteri
434 4004 620 4080 tribuantur,
639 4010 766 4084 propter
788 4005 1091 4080 ammannationem,
1142 4006 1236 4065 modo
1255 4021 1320 4065 esse
1344 4004 1477 4064 duarum
1499 4010 1683 4064 naturarum
1704 4005 1912 4082 actionem,si

323 4112 418 4174 quam
439 4101 561 4172 vocant,
580 4096 823 4177 proprietatnm:
851 4102 920 4157 tum
947 4102 983 4158 ιιι
1008 4115 1092 4158 com-
1141 4114 1181 4158 ex
1208 4103 1340 4174 utraque
1367 4096 1536 4174 composita
1571 4113 1636 4156 nna
1662 4101 1775 4157 natura
1800 4097 1905 4174 fieret,

324 4204 435 4248 munes
444 4187 574 4266 perinde
586 4188 649 4248 sint
662 4188 827 4249 ambarum
841 4191 1046 4268 operationes,
1062 4194 1094 4250 et
1142 4187 1405 4268 quemadmodum
1429 4205 1469 4247 ex
1495 4187 1602 4248 anima
1631 4193 1662 4248 et
1689 4206 1818 4268 corpore
1844 4208 1910 4251 una

323 4278 509 4341 affectiones.
540 4281 585 4340 Ex
611 4280 725 4358 quibus
751 4281 812 4340 alia
828 4281 942 4359 jamin
956 4281 1094 4361 superio·
1142 4280 1246 4341 existit
1268 4278 1403 4340 hominis
1420 4283 1542 4339 natura.
1566 4279 1645 4340 Nam
1662 4284 1694 4339 et
1720 4281 1826 4340 anima
1835 4299 1910 4360 pro·

323 4371 409 4432 ribus
420 4372 509 4432 libris
522 4373 660 4451 exposita
686 4379 779 4433 sunt:
808 4372 869 4433 alia
893 4374 1092 4453 postmodum
1140 4374 1223 4453 prias
1234 4371 1482 4445 habetacliones,
1493 4388 1570 4450 quas
1583 4372 1750 4450 separatim
1758 4380 1913 4435 exerceta

323 4464 579 4543 explicabuntur:
595 4465 730 4525 maxime
739 4465 777 4525 de
791 4466 982 4544 operatione,
997 4483 1092 4544 quam
1140 4481 1285 4543 corpore:
1301 4480 1357 4524 nec
1368 4468 1473 4523 tamen
1483 4462 1599 4523 idcirco
1613 4480 1677 4523 non
1691 4468 1738 4523 est
1748 4483 1813 4525 rina
1825 4482 1911 4544 qum·

278 4613 284 4624 ,
322 4564 461 4637 tenuate
475 4556 643 4637 appellant.
660 4563 760 4630 Quare
776 4562 838 4617 tota
857 4556 910 4616 illa
925 4557 1091 4636 Scriptoris
1140 4556 1214 4616 dam
1230 4555 1367 4614 hominis
1393 4572 1433 4614 ex
1459 4555 1611 4615 ambabus
1633 4556 1767 4617 conflata
1784 4563 1907 4619 natura.

322 4649 473 4727 anonymi
491 4648 617 4727 querela
630 4649 668 4709 de
682 4648 849 4709 Athanasio
862 4667 901 4710 ex
915 4649 1044 4723 inscitia,
1059 4654 1090 4711 et
1142 4649 1248 4727 ltaque
1275 4646 1301 4706 si
1327 4646 1402 4724 quid
1426 4651 1507 4707 recte
1522 4646 1706 4709 concludere
1720 4648 1813 4711 vellet
1827 4651 1911 4710 Ano-

322 4739 469 4800 hauetica
483 4741 610 4818 perfidia
623 4740 775 4816 manavit,
801 4758 871 4819 quae
897 4741 955 4801 hoc
978 4740 1008 4800 ei
1021 4759 1090 4820 per-
1138 4743 1544 4820 nymus,oporterctnonex
1557 4738 1909 4817 duabusinsubstantia,

322 4830 616 4899 suasitialsamease
631 4832 980 4910 damnandamquetum
993 4839 1088 4893 nutu·
1139 4831 1386 4911 proprietateque
1407 4847 1463 4890 aua
1481 4831 1681 4892 manentibus
1705 4849 1802 4893 unam
1823 4851 1909 4895 com·

358 5060 380 5101 a
397 5044 464 5100 Aru.
484 5043 544 5109 Θεὸς
558 5044 593 5096 ὢν
607 5042 670 5097 ἴδιον
681 5043 738 5117 toxa
749 5051 833 5117 σῶμα,
848 5046 889 5098 καὶ
901 5045 983 5117 τούτῳ
991 5047 1091 5119 χρώμε·
1138 5044 1180 5099 bal
1188 5049 1232 5098 τοῦ
1241 5044 1357 5116 σώματος
1370 5041 1473 5116 ἐγίνετο,
1484 5042 1529 5096 οὔκ
1541 5046 1570 5097 ἂν
1585 5041 1755 5114 ἰθεοιιοιήθηὸ
1771 5044 1908 5119 ἅνθρωπος.

321 5146 362 5191 νος
375 5128 473 5201 ὀργάνῳ
487 5129 613 5200 ἅνθρωπος
625 5129 711 5200 γέγονε
724 5127 757 5182 δι’
770 5128 845 5201 ἡμᾶς.
1137 5130 1179 5182 καὶ
1191 5128 1265 5182 πάλιν
1279 5127 1301 5181 εἰ
1314 5126 1346 5181 τὰ
1358 5124 1410 5180 ἴδια
1425 5131 1468 5194 τῆς
1490 5128 1578 5199 σαρκὸς
1591 5127 1635 5181 οὔκ
1650 5127 1748 5201 ἐλέγετο
1759 5135 1804 5184 τοῦ
1818 5131 1908 5204 λόγου,

357 5211 374 5267 ὁ
392 5211 458 5267 thid.
478 5211 508 5267 El
520 5211 568 5284 γὰρ
585 5211 624 5283 ιτὰ
636 5216 679 5280 τῆς
695 5213 808 5279 θεότητος
826 5212 958 5285 τοῦλόγου
973 5211 1034 5284 ἔργα
1055 5213 1088 5284 μή
1138 5211 1183 5266 οὒκ
1197 5213 1226 5265 ἂι
1235 5210 1389 5282 ἠλευθερώθη
1403 5212 1529 5272 παντελῶς
1538 5210 1588 5265 tat
1601 5212 1694 5266 τούτων
1704 5212 1840 5286 baama

345 5404 357 5448 l
372 5403 459 5449 ¹luuh
470 5404 571 5458 eth-a
585 5405 639 5463 Gap.
651 5417 665 5449 r
675 5414 698 5452 at
707 5417 779 5463 req·
791 5408 806 5451 t
816 5405 851 5450 lh.
862 5416 883 5450 c.
897 5418 917 5460 r,
925 5416 1002 5461 parag.
1016 5405 1089 5451 ιρι
1099 5405 1152 5450 Aah.
1173 5410 1189 5450 t.
1203 5405 1232 5449 11.
