4104 6160
362 310 401 369 aa
873 308 1212 373 ‚cenomannensi
1240 310 1459 373 manarunt

366 472 455 535 Verbi
476 473 542 547 Dei,
558 492 597 534 ex
618 472 680 537 illis
701 473 815 535 Christi
836 473 1046 550 sermonibus,
1063 474 1133 554 qui-
1184 493 1279 554 quam
1292 475 1395 537 axtitit
1415 480 1580 555 praestante
1601 475 1655 538 illo
1678 476 1759 553 viro,
1782 482 1814 538 et
1834 476 1946 556 Magni,

360 565 566 627 bnshnmann
575 566 613 628 de
626 584 669 639 se,
681 585 716 626 aa
727 566 835 628 divina
849 566 967 646 pariter
976 568 1130 641 enanbat,
1182 569 1267 646 qnod
1277 586 1430 630 consensu
1444 569 1588 633 omnium
1599 575 1648 631 est
1660 574 1829 646 assumtus,
1840 587 1946 648 cogno·

365 680 381 716 a
395 658 564 736 significari
577 658 621 721 ait
632 658 825 721 divinitatem
839 659 949 738 ipsius;
966 659 1011 719 ita
1026 664 1059 721 ut
1072 659 1132 721 mi-
1182 666 1288 721 mento
1298 660 1501 739 dignissimo?
1516 661 1633 735 Quibus
1647 668 1752 727 numm
1763 662 1949 740 argumentis

360 751 446 811 nime
459 751 519 812 hoc
533 755 666 826 evermu
688 756 878 831 assumptam
903 751 942 811 ah
966 751 1019 811 illa
1039 750 1134 813 fuisso
1181 757 1415 815 tamenormem
1424 758 1550 834 umque
1560 754 1774 817 incredibilem
1784 757 1949 836 sycophan·

361 860 503 918 carnem,
526 844 580 903 sed
601 849 638 907 ut
662 850 782 907 constet
802 843 925 922 patius,
949 860 1023 905 aum
1046 844 1134 907 carni
1181 844 1259 905 tiam
1281 844 1330 906 vel
1351 845 1410 906 sihi
1430 846 1593 925 persuasit,
1618 846 1668 908 vel
1691 847 1863 909 Christiano
1882 846 1949 907 arbi

360 935 454 996 lousa
475 935 656 1015 capulatum
669 945 695 996 a.
716 956 731 992 a
758 936 833 995 Mox
854 935 933 999 illud
957 934 1096 1014 Apostoli
1110 933 1134 1011 ¹,
1181 936 1314 1016 probaro
1339 956 1372 999 se
1386 955 1476 1017 posse
1499 938 1650 1001 confidit?
1670 940 1802 1000 Prorsus
1819 939 1948 1001 anamais

360 1027 398 1088 Iu
425 1026 654 1093 similitudinem
671 1027 819 1091 hominum
837 1026 945 1106 factm,
975 1033 1004 1088 at
1030 1025 1135 1089 hahita
1184 1028 1294 1105 indoli,
1310 1030 1474 1107 atinganio
1485 1031 1697 1107 consentaneis
1713 1051 1721 1093 z
1735 1032 1796 1094 hoc
1809 1037 1855 1093 est
1868 1032 1950 1112 irrep

361 1123 496 1181 iuuentus
522 1129 557 1182 ut
575 1120 820 1197 hama,.cnarrat
843 1121 902 1195 sia;
919 1119 1135 1199 autquamad-
1183 1120 1236 1195 tis,
1266 1126 1296 1181 et
1324 1120 1472 1191 ridiculis,
1496 1124 1614 1200 «Cum,
1640 1123 1752 1203 inquit,
1767 1123 1949 1186 Athanasim
2022 1122 2023 1141 ¹

362 1215 492 1274 modom
517 1214 612 1274 hamo
642 1231 705 1274 una
734 1220 780 1273 est
804 1231 947 1292 persona,
977 1218 1008 1273 et
1033 1229 1135 1273 unum
1185 1219 1282 1291 ponat
1306 1212 1340 1273 in
1359 1214 1509 1277 Trinitate
1531 1221 1595 1277 tres
1617 1216 1816 1296 hypostases,
1838 1234 1950 1296 ponere
2022 1240 2023 1271 ι

364 1305 481 1367 animal
505 1324 522 1365 c
544 1304 655 1384 spiritu
677 1312 709 1366 et
729 1324 822 1367 carne
844 1324 852 1366 ι
874 1305 917 1366 sic
936 1305 1034 1367 instar
1053 1304 1136 1365 illins
1187 1305 1281 1366 etiarn
1294 1306 1418 1367 videtur
1440 1313 1504 1368 tres
1524 1313 1670 1385 naturas,
1693 1326 1749 1369 seu
1770 1308 1950 1370 substantias
2022 1304 2023 1369 i

366 1398 506 1459 Christus
519 1399 559 1458 sit
572 1416 666 1475 nnus,
680 1404 711 1459 at
723 1417 787 1458 una
806 1416 948 1477 persona.
964 1418 980 1454 ι)
996 1398 1067 1459 Non
1079 1415 1135 1457 na·
1189 1397 1401 1476 singulares.»
1422 1399 1555 1460 Ubinam
1575 1405 1680 1461 autam
1692 1406 1755 1463 tras
1773 1402 1950 1481 hypostases

363 1495 466 1551 turam
485 1490 558 1551 dicit
572 1509 667 1552 unam
680 1508 748 1551 esse
763 1489 921 1551 Christum
938 1510 945 1549 ε
962 1490 1045 1569 quad
1058 1507 1136 1569 pro·
1188 1488 1313 1568 posuit?
1338 1491 1376 1553 In
1407 1491 1568 1570 Symbola,
1594 1493 1649 1568 ait,
1679 1493 1762 1572 quod
1793 1493 1951 1554 Athanasii

363 1582 578 1659 leotadireret‚
595 1584 621 1644 si
632 1585 674 1643 ita
687 1583 826 1644 sentiret.
840 1584 912 1644 Erat
925 1583 1134 1661 enimoppar·
1187 1581 1311 1643 dicitnr.
1328 1582 1472 1647 Ibianim
1482 1583 1523 1645 ita
1533 1583 1682 1663 scriptum
1692 1591 1757 1660 est;
1773 1586 1878 1646 Unum
1889 1603 1950 1647 asse

363 1676 546 1739 tunissimus
573 1676 631 1736 iste
663 1675 746 1735 illius
774 1675 897 1736 dicandi
927 1676 1024 1737 lacus.
1059 1674 1137 1735 Cum
1186 1673 1362 1749 Christum,
1404 1693 1462 1736 aaa
1491 1675 1658 1756 messoriane
1684 1675 1872 1751 substantie,
1906 1675 1953 1738 ssd

364 1775 470 1831 autam
492 1785 660 1849 personam
684 1785 779 1828 unam
802 1785 867 1829 esse
888 1767 1058 1847 scripserit;
1086 1784 1136 1827 as·
1187 1765 1300 1827 unitate
1311 1784 1512 1846 marmarum.
1527 1767 1575 1829 Ita
1587 1768 1672 1829 anim
1686 1769 1791 1830 Graece
1805 1770 1950 1849 scriptum

363 1862 463 1923 tandit
490 1867 643 1940 quatenus
674 1859 886 1921 similitudinis
912 1859 991 1921 ratio
1018 1863 1137 1920 constat
1188 1864 1245 1934 est,
1257 1866 1314 1921 ἀλλ’
1329 1866 1424 1936 latmo
1438 1867 1609 1922 ιἰιιοιτάιιων.
1621 1859 1681 1921 Ubi
1691 1868 1822 1931 ὓπόστωις
1834 1880 1891 1941 pro
1900 1880 1951 1923 na·

363 1953 446 2014 inter
465 1953 622 2014 Christum
649 1958 679 2014 et
699 1953 872 2026 hominem,
895 1956 1064 2030 utrumque
1088 1957 1135 2012 to·
1186 1952 1420 2027 turasumitnr;
1444 1958 1479 2013 ut
1502 1951 1579 2013 solet
1603 1952 1798 2028 Athanasius,
1821 1954 1953 2015 Alexan·

365 2051 445 2115 tum,
461 2053 492 2108 et
504 2045 714 2125 compositum
730 2066 737 2106 ε
754 2045 909 2108 sedillum
922 2043 1086 2122 ejusmodi,
1102 2048 1137 2105 nt
1188 2043 1351 2105 drinornm
1374 2062 1472 2106 more.
1499 2046 1598 2119 Quare
1612 2062 1684 2107 anm
1702 2046 1796 2107 aliam
1809 2063 1874 2107 esse
1894 2046 1951 2127 hy·

366 2157 405 2200 ex
417 2139 538 2200 duabus
552 2139 673 2199 natans
693 2155 825 2218 persona
838 2155 913 2210 una,
938 2154 1003 2199 non
1025 2142 1137 2199 natura
1187 2136 1334 2214 pastasim
1357 2136 1468 2209 Patris,
1493 2136 1588 2197 aham
1606 2136 1686 2213 Filii,
1707 2137 1800 2198 aliam
1820 2138 1953 2218 Spiritus

367 2232 518 2293 coalescat
534 2251 541 2290 :
558 2231 642 2291 huna
653 2248 728 2291 vero
742 2231 848 2305 talem,
870 2233 906 2288 ut
920 2233 1032 2289 natura
1044 2227 1138 2288 simul
1187 2228 1286 2288 sanati
1300 2245 1364 2289 esse
1378 2227 1491 2289 dixerit
1511 2229 1603 2305 paula
1623 2234 1725 2305 antea,
1744 2229 1954 2308 intelligendae

366 2329 398 2384 et
425 2341 556 2402 persana
582 2341 646 2383 una
676 2340 715 2383 ex
744 2321 895 2383 ambabus
917 2319 1036 2381 existat.
1063 2320 1138 2393 Qnae
1188 2324 1262 2383 sunt
1274 2338 1314 2381 ex
1327 2320 1393 2398 ejus
1407 2326 1522 2396 menta,
1537 2326 1658 2382 naturae
1672 2322 1775 2382 tresin
1789 2321 1952 2383 Trinitate.

366 2414 528 2479 Athanasii
555 2414 706 2475 sententia
733 2413 842 2475 falsam
868 2412 955 2475 illam
980 2412 1138 2491 Anonymi
1187 2411 1590 2491 Verumsymhalumillud,
1603 2413 1955 2493 qoadLatioeprimnm

367 2508 522 2571 radonem
535 2525 661 2587 prorsus
675 2505 799 2580 elidit¹;
818 2504 927 2585 quiex
939 2504 1013 2564 trita
1027 2503 1090 2577 illa,
1107 2507 1138 2563 at
1188 2503 1226 2564 ab
1250 2510 1376 2565 auctore
1400 2504 1552 2583 scriptum
1570 2522 1644 2566 -essa
1664 2506 1869 2568 senissimum
1896 2513 1953 2584 est,

368 2600 492 2676 vulgata
503 2599 734 2679 comparatione
752 2597 890 2659 hominis
913 2615 953 2658 ex
975 2595 1081 2657 anima
1107 2601 1139 2657 et
1188 2614 1254 2656 nan
1274 2597 1453 2676 hypostases
1473 2596 1578 2673 hahet,
1600 2597 1654 2659 sed
1676 2615 1833 2678 personas.
1855 2599 1955 2672 Quam

367 2711 496 2773 corpore
518 2692 653 2768 conflati,
680 2708 753 2753 cum
775 2689 896 2751 Christo
917 2706 956 2749 ex
981 2687 1083 2749 Verba
1106 2693 1137 2748 et
1189 2706 1298 2749 vocem
1312 2687 1452 2768 quisquis
1465 2688 1585 2758 illeest
1601 2688 1655 2769 qni
1676 2691 1780 2752 Graece
1794 2690 1871 2752 illud
1885 2690 1956 2752 red·

367 2787 506 2847 humana
525 2789 637 2846 natura
652 2781 835 2860 composito,
855 2780 1009 2861 cyrillum
1023 2778 1139 2841 mlum·
1187 2779 1276 2856 didit,
1304 2781 1338 2841 in
1358 2789 1491 2844 ὑπόστασιν
1520 2783 1683 2859 convenit,
1719 2800 1788 2844 cam
1813 2782 1959 2844 vocabuli

368 2878 454 2939 niose
477 2877 615 2938 traduxit
636 2881 738 2950 antea,
763 2880 800 2935 ut
821 2891 906 2934 nsrnc
934 2872 1137 2935 Athanasium
1188 2872 1281 2952 hujus
1308 2873 1546 2953 significantiam
1573 2879 1761 2954 persecutam,
1794 2893 1859 2957 nan
1884 2894 1958 2956 qua

369 2971 566 3045 criminatur;
603 2976 753 3047 tanquam
791 2971 937 3028 naturam
976 2980 1073 3025 unam
1105 2963 1139 3022 in
1189 2965 1369 3041 Athanasio,
1393 2971 1425 3027 et
1445 2967 1672 3046 antiquioribus
1690 2968 1804 3028 usitata
1824 2967 1957 3029 inerat:

370 3062 492 3122 Olunta
504 3061 705 3139 compositam
718 3061 820 3120 inesse
834 3062 954 3138 putent.
968 3055 1047 3117 Vide
1060 3053 1140 3132 ejus·
1188 3057 1242 3117 sed
1254 3076 1322 3136 qua
1335 3064 1406 3138 past
1415 3059 1561 3121 Basiliam
1575 3059 1721 3138 deinceps
1733 3061 1959 3122 consuetudine

370 3155 442 3214 dem
457 3154 615 3214 Athanasii
631 3170 807 3213 sermonem
821 3148 856 3211 de
868 3149 997 3211 miraturi
1011 3146 1138 3208 aduentu
1187 3156 1311 3230 recepta
1323 3149 1393 3225 init,
1416 3156 1452 3211 ut
1465 3170 1630 3231 personam
1648 3152 1845 3233 exprimeret.
1868 3152 1961 3228 Quod

369 3246 440 3307 ,lesu
455 3245 571 3308 Christi
584 3246 697 3323 :cujus
705 3244 796 3304 initio
805 3250 991 3304 naturarum
1004 3242 1139 3301 duarum
1188 3248 1293 3303 antem
1313 3242 1352 3303 da
1365 3243 1487 3304 Christo
1508 3244 1650 3323 subjecit,
1674 3263 1774 3306 unum
1798 3262 1863 3306 esse
1886 3244 1959 3306 uni·

371 3341 572 3420 proprietates
591 3338 727 3417 integras
750 3354 878 3398 manare
901 3340 971 3415 post
990 3333 1138 3411 conjunc·
1190 3340 1249 3396 tate
1262 3334 1456 3417 hypostaseon
1469 3337 1656 3398 mendosum
1676 3343 1731 3412 est,
1747 3343 1779 3398 at
1792 3356 1831 3399 ex
1844 3338 1961 3398 letina

370 3433 489 3493 bonam
501 3433 590 3492 docet
606 3450 613 3491 τ
630 3436 661 3491 et
668 3430 814 3491 eumdem
824 3430 982 3490 Christum
991 3432 1138 3503 utrasque
1188 3429 1411 3504 castigandum,
1434 3429 1519 3508 qnod
1538 3430 1634 3491 habet
1644 3448 1784 3511 pausae
1801 3431 1837 3491 Id
1850 3436 1961 3491 antam

372 3544 492 3605 capere,
507 3531 538 3586 et
551 3525 590 3585 ab
604 3524 664 3584 illis
677 3523 883 3584 denominari.
900 3523 968 3582 Hoc
981 3524 1085 3581 autem
1100 3516 1139 3577 de
1189 3522 1297 3582 Graeca
1307 3522 1347 3581 sit
1358 3526 1532 3600 apostatae
1545 3529 1713 3595 διαστάσεως.
1725 3524 1772 3583 Ex
1781 3540 1843 3602 qua
1854 3522 1963 3602 plum-

372 3636 436 3677 una
449 3617 616 3695 composita
636 3621 749 3676 natura
773 3615 833 3676 dici
855 3632 921 3673 non
949 3617 1065 3692 patest;
1093 3608 1139 3668 uti
1188 3612 1265 3674 heus
1278 3618 1406 3692 apparet
1419 3615 1579 3691 Anonymi
1594 3621 1703 3695 stupor
1719 3633 1726 3675 :
1743 3616 1798 3694 qui
1811 3633 1878 3675 non
1892 3615 1963 3677 ani·

373 3726 455 3787 aaepe
468 3705 781 3767 demonstravimns⁸.
807 3705 859 3765 Sic
882 3705 916 3764 in
936 3703 1016 3763 libro
1035 3699 1138 3762 delu-
1189 3706 1353 3766 madvertit
1369 3705 1509 3784 primum
1527 3705 1633 3766 Latina
1654 3706 1747 3767 brusa
1770 3713 1963 3787 conceptum

374 3798 542 3859 cornelione
558 3798 671 3860 Christi
682 3804 808 3859 natamus
821 3798 897 3858 duas
911 3809 1136 3880 aequatoque,
1187 3798 1264 3858 illud
1286 3798 1463 3878 symbolum
1489 3816 1496 3859 t
1522 3797 1633 3858 deinde
1654 3806 1800 3869 ὑποστάσεις
1827 3798 1871 3858 ibi
1900 3817 1963 3879 pra

374 3891 465 3951 idest
486 3889 627 3967 dividere,
642 3910 678 3951 ac
697 3909 834 3971 separare
854 3888 1016 3969 permittit,
1041 3897 1071 3952 et
1091 3898 1137 3953 ta-
1187 3907 1318 3968 persana
1327 3890 1419 3951 sumi.
1431 3889 1591 3969 Siquidem
1599 3890 1689 3952 initio
1698 3889 1838 3966 dixerat3
1853 3908 1965 3970 nequa

374 4000 447 4042 men
460 3983 617 4044 distinctas
629 4002 693 4045 esse
708 3982 854 4055 defendit,
869 3981 944 4042 dum
958 4000 1014 4042 sna
1028 3983 1139 4063 cuique
1188 3982 1418 4044 confundendas
1432 4000 1497 4044 assa
1510 4000 1673 4063 personas;
1690 4001 1791 4063 neque
1810 3982 1964 4043 susbstan-

202 4107 349 4163 ΜΗ
373 4075 491 4151 tribuit,
508 4077 593 4139 carni
614 4077 799 4157 passionem,
824 4074 976 4139 divinitati
997 4082 1026 4139 sb
1039 4082 1136 4151 ἀπαθὲς,
1186 4075 1263 4136 tiam
1277 4076 1492 4180 separandam.
1508 4076 1677 4156 Graeaapra
1690 4074 1967 4180 parsouisnxpam‘ai
2022 4072 2023 4089 ¹

202 4161 348 4207 sumeuoue.
373 4177 414 4229 καὶ
427 4177 557 4249 icasmos.
1186 4186 1244 4247 pra
1256 4167 1428 4245 substantio,
1452 4185 1515 4229 srva
1530 4174 1642 4229 natura
1653 4173 1863 4242 nutassenba,
1881 4174 1963 4230 abab

220 4285 337 4332 ratem.
412 4262 495 4324 VIII.
512 4262 618 4339 Neque
634 4276 708 4321 vero
729 4258 914 4337 Apollinaris
934 4262 1058 4318 tantum
1072 4258 1136 4321 hm·
1186 4258 1309 4338 legitur.
1328 4260 1416 4321 Unda
1430 4259 1493 4321 duo
1506 4259 1696 4340 colliguntur
1712 4278 1719 4321 z
1733 4259 1882 4337 alteram,
1906 4259 1967 4321 In-

201 4342 349 4441 fflhffif}
372 4353 468 4413 resim
502 4351 670 4412 Athanasio
704 4350 826 4429 affingit
847 4351 1048 4429 Anonymus,
1083 4353 1137 4413 sad
1186 4358 1353 4433 terpratcm
1372 4355 1515 4414 Graecum
1532 4371 1689 4432 personas,
1700 4351 1765 4413 siva
1775 4360 1915 4432 πρόσωπα,
1935 4356 1970 4413 et

229 4447 304 4545 punio
373 4445 466 4505 etiam
489 4443 725 4517 Tritheitarnm;
739 4448 901 4522 tamquam
923 4448 1051 4504 naturas
1062 4449 1136 4523 tres,
1185 4451 1318 4517 ὑπόστασις
1334 4447 1508 4526 promiscue
1537 4445 1701 4531 accepisse.
1726 4444 1845 4524 Quippe
1870 4444 1970 4525 qnod

274 4506 319 4547 ω’
371 4538 434 4598 sive
448 4536 633 4597 substantias
656 4535 827 4615 singulares
848 4535 882 4595 in
905 4535 1057 4597 Trinitate
1081 4555 1139 4616 po·
1186 4537 1346 4619 scripserat
1365 4556 1430 4597 non
1450 4554 1515 4599 esse
1536 4536 1904 4621 confundendaaptaoaa‚
1934 4536 1970 4597 id

372 4630 479 4690 suerit.
494 4628 573 4703 Quid
581 4627 715 4688 fanatica
724 4628 795 4704 ista,
806 4646 842 4688 ac
852 4626 1019 4688 lucumone
1031 4627 1136 4707 iacias,
1187 4628 1289 4691 statim
1314 4629 1488 4710 explicans,
1521 4628 1584 4705 ait;
1613 4628 1706 4690 aliam
1733 4645 1798 4689 esse
1820 4634 1971 4695 δινόστασιν

371 4722 425 4803 qui
446 4722 651 4782 Athanasium
670 4720 795 4784 Arianae
817 4719 967 4801 perfidias,
992 4726 1047 4781 aut
1071 4738 1137 4782 non
1186 4722 1298 4795 Patris,
1322 4721 1416 4782 aliam
1437 4720 1516 4790 Fini.
1542 4726 1601 4782 etc.
1624 4720 1768 4782 Alterum
1781 4724 1868 4789 οὐσίαν
1894 4736 1973 4785 non

370 4812 506 4874 multum
519 4812 677 4875 dissimilis
689 4812 869 4873 insimulare
892 4817 939 4873 est
951 4812 1066 4873 ausus?
1087 4814 1137 4873 An
1185 4813 1358 4892 siguificare
1390 4812 1593 4894 hypostasim,
1623 4813 1677 4877 sed
1710 4817 1869 4891 nanuum,
1914 4813 1975 4876 uel

306 4978 309 4985 Α
371 4904 536 4985 qnisquam
553 4910 694 4966 setarum
707 4905 747 4967 ab
761 4905 920 4984 istapaste
932 4904 1062 4969 alienior
1075 4923 1135 4966 un·
1186 4905 1404 4982 substantiam
1420 4906 1480 4969 boc
1497 4912 1543 4969 est
1564 4904 1769 4971 divinitatem.
1792 4902 1974 4984 Siquidem

406 5081 642 5153 charitatisque
656 5081 793 5137 hebraicos
804 5080 1020 5155 lebrbhaeonhpdt
1028 5080 1072 5151 τὴν
1080 5083 1134 5137 tet·
1184 5081 1286 5156 sipabsle
1299 5083 1334 5146 ὡς
1344 5082 1478 5157 ἅνθρωπος·
1499 5081 1514 5137 h
1533 5081 1560 5136 bl
1573 5079 1700 5154 hripum
1714 5081 1741 5136 is
1753 5081 1910 5153 πρόςωπον,
1925 5084 1975 5139 ut

370 5164 596 5237 maurisionem,
613 5165 776 5239 οὖκᾶναιρῶν
797 5167 826 5220 sb
839 5166 902 5221 uach
915 5168 993 5239 σάρκα
1005 5167 1136 5239 προσειλη·
1184 5168 1249 5237 ζῶον
1263 5166 1299 5232 iu,
1314 5165 1363 5220 heth
1376 5185 1403 5221 τι
1425 5165 1573 5239 πνεύματος,
1596 5165 1638 5218 καὶ
1662 5166 1759 5238 σᾳρινός,
1787 5162 1852 5219 mh
1878 5163 1914 5220 ὃὶ
1940 5166 1975 5220 rb

369 5251 446 5324 φέναι·
470 5248 526 5302 ἀλλ’
542 5248 602 5302 ἑνῶν
618 5247 703 5303 ἑαυτὸν
724 5249 783 5321 πρὸς
805 5250 849 5318 τὴν
871 5251 957 5322 σάρκα.
980 5247 1060 5317 ἐπειδὴ
1073 5249 1136 5304 κατὰ
1184 5249 1300 5322 ὁμοίωμα
1325 5248 1401 5305 absai
1420 5250 1522 5319 νοητέον
1541 5248 1582 5303 abs
1607 5248 1710 5321 Χριστὸν
1733 5244 1788 5314 ise,
1809 5245 1851 5309 sal
1866 5246 1906 5322 ἡ
1921 5249 1975 5305 ὃν»

368 5335 482 5399 Παῦλον,
496 5331 521 5386 ἓν
540 5333 678 5406 ὁμοιώματι
699 5332 832 5405 ἀνθρώπων
855 5334 957 5406 γέγονε,
971 5333 1012 5387 καὶ
1024 5333 1135 5407 σχήματι
1183 5335 1313 5406 apicum

396 5479 407 5523 l
421 5477 479 5525 Phil.
492 5489 519 5529 n,
529 5476 604 5523 lei
616 5476 671 5522 Vide
680 5488 749 5535 supra
762 5489 782 5521 c.
795 5487 845 5531 vrrs,
856 5477 925 5534 §ist
936 5488 1009 5534 seq·
1020 5478 1034 5523 ³
1047 5477 1099 5524 Au.
1111 5477 1138 5523 ds
1147 5476 1193 5525 na.
