3990 6130
193 3993 290 4046 ludicra

194 4050 286 4100 amentio

185 4108 294 4164 Anonymi

185 4165 292 4218 tanquam

201 4215 279 4270 cyrilli

182 4272 292 4316 contentio

186 4321 300 4369 dominata

193 4374 261 4421 luerit
273 4389 285 4423 n

179 4427 300 4476 chalcodo-

206 4484 270 4526 nonni

192 4535 284 4588 synodo.

840 319 1166 384 Tflmmdlcoattnl
1186 321 1404 385 manarunt

530 718 740 808 CAPUT
802 717 905 806 XV.

335 1048 367 1105 t.
391 1042 543 1125 Anonymi
555 1041 672 1104 ludicra
686 1039 851 1115 cavillatio,
864 1047 893 1101 et
909 1038 985 1122 faba
998 1037 1033 1100 dc
1045 1058 1098 1121 sp-

374 1135 449 1197 uodo
477 1134 704 1198 Ciolcedooeusi
716 1141 846 1210 asserito,
872 1140 1011 1214 tuaquom
1039 1131 1101 1214 Cy·

375 1228 441 1288 rilli
467 1228 632 1309 opinionem
659 1225 854 1288 damnonmit.
892 1227 920 1286 i.
952 1222 1100 1305 Ejusdem

374 1321 493 1383 concilii
503 1319 576 1397 fidei
584 1318 712 1401 sarrinia
722 1317 851 1396 deserato,
862 1322 891 1377 et
902 1315 939 1377 ab
948 1314 1102 1398 Anonymi

375 1412 522 1475 uindicata
543 1412 711 1473 calomniis.
737 1414 766 1471 3.
797 1409 964 1473 Nestorium
985 1408 1102 1489 trustra

374 1525 431 1588 pro
444 1504 588 1567 catholico
601 1503 639 1564 ab
652 1503 749 1566 eodem
762 1501 962 1584 propupnari.

375 1694 402 1753 1.
429 1690 493 1753 llos
520 1694 566 1752 est
589 1689 759 1769 improbis,
789 1694 820 1749 et
851 1688 983 1767 garrulis
1009 1687 1100 1751 malae

335 1802 435 1846 causae
455 1781 666 1844 defensoribus
685 1781 779 1857 idem,
803 1780 857 1859 qui
880 1780 1010 1841 ductibus
1030 1799 1102 1841 cum

336 1877 471 1956 copioso,
486 1875 538 1936 sed
552 1873 687 1934 invalido
703 1872 852 1946 exercitu,
875 1879 980 1934 contra
995 1872 1103 1934 tortio·

336 1986 404 2030 rem
426 1968 547 2029 hostem
568 1966 713 2027 dimicare
732 1964 941 2044 cupientibus.
964 1965 1043 2026 Nam
1066 1973 1102 2025 ut

336 2060 398 2137 isti,
422 2078 556 2140 quorum
585 2058 694 2119 virtuti
718 2075 807 2137 pares
835 2075 900 2119 esse
928 2066 1099 2138 nequeunt,

337 2171 446 2215 eorum
460 2153 605 2232 impetus,
626 2150 747 2229 objecta
760 2150 837 2225 telis,
854 2169 890 2210 ac
902 2150 979 2211 caedi
992 2168 1101 2230 grega-

336 2246 455 2307 riorum
469 2244 667 2306 multitudine
678 2242 832 2321 inungere,
852 2261 888 2303 ac
907 2242 1036 2321 fatigare
1050 2261 1101 2303 ‹u›-

337 2345 454 2399 nautur
470 2356 477 2397 :
494 2337 536 2398 sic
547 2337 593 2396 illi
607 2335 737 2411 crebris,
750 2341 781 2396 et
794 2334 922 2395 minutis
935 2352 1102 2414 argumen-

336 2429 689 2500 tatiunculisincursare,
700 2426 1098 2505 molestiqueessestudent.

337 2514 522 2601 Hujnsmodi
532 2525 578 2582 est
586 2518 745 2598 Anonymi
751 2518 887 2579 haretici
897 2521 1101 2599 propositum,

336 2621 368 2676 ct
380 2614 451 2674 libri
465 2613 547 2673 illios
561 2610 691 2683 indoles,
707 2615 742 2671 ut
755 2628 849 2689 quam
859 2615 959 2690 potest
968 2610 1103 2690 plurima

337 2725 516 2768 coacervare
526 2705 655 2780 nitatur,
670 2708 702 2763 et
710 2720 875 2782 opponere,
892 2702 1101 2783 partimialsa,

337 2798 515 2874 etladicra3
531 2796 645 2876 partim
657 2794 737 2856 nihil
758 2796 798 2856 ad
816 2813 883 2856 iem
898 2795 1100 2875 pertinentia;

337 2891 450 2971 partim
462 2889 614 2969 vulgaria,
629 2893 660 2950 et
672 2893 804 2966 cantata,
821 2886 1031 2967 explicataque
1045 2907 1102 2950 see·

336 2983 406 3062 pius
423 3002 430 3042 :
445 2987 482 3043 ut
496 2982 543 3042 vel
557 2980 596 3041 ab
615 2979 767 3060 imperitis
779 2979 947 3040 lectoribus
961 2998 1000 3041 ex
1022 3000 1102 3061 qua-

336 3074 493 3153 licumque
506 3073 595 3152 copia
614 3071 739 3132 laudem
753 3076 784 3132 et
797 3071 1035 3132 admirationem
1049 3091 1102 3134 ex·

337 3167 452 3245 primat
467 3185 475 3226 ι
488 3164 539 3226 vel
550 3164 600 3241 iis,
621 3163 676 3243 qni
693 3168 801 3224 contra
814 3163 971 3243 disputare
984 3165 1101 3240 volent,

337 3256 562 3337 multiplicibus
575 3254 766 3316 excutiendis
788 3255 974 3329 rationibus,
992 3276 1027 3318 ae
1040 3258 1102 3320 dis·

337 3349 492 3411 solvendis
509 3365 623 3420 moras,
640 3353 671 3409 et
684 3346 770 3426 quasi
793 3347 956 3427 compedes
971 3348 1102 3428 injiciat.

338 3443 426 3517 Quod
439 3448 475 3503 ut
496 3443 531 3503 in
551 3440 763 3520 superioribas
783 3439 928 3501 omnibus
952 3442 1104 3521 capitibus

338 3535 457 3614 experti
466 3534 615 3595 hactenus
637 3549 744 3593 sumus
758 3550 765 3592 ι
782 3531 825 3592 sic
839 3531 871 3592 in
884 3532 1010 3612 reliquis
1019 3534 1105 3596 dein·

338 3645 420 3707 ceps,
443 3644 538 3706 quam
557 3624 737 3686 brevissima
761 3629 867 3685 umen
887 3624 956 3685 fieri
978 3628 1103 3707 poterit,

339 3735 487 3797 cogemur
499 3716 741 3778 animadvetere.

378 3809 500 3870 Horum
513 3808 591 3870 illud
605 3807 738 3869 occurrit
751 3806 888 3887 primun,
904 3809 988 3887 quod
1000 3809 1034 3870 in
1048 3811 1105 3873 ob·

337 3900 470 3978 iectione
504 3905 614 3980 quarta
639 3901 678 3961 de
702 3899 944 3961 Chalcedonensi
972 3903 1104 3964 coneilio

337 3999 483 4072 nugatur.
502 3996 580 4054 crim
595 3992 679 4053 enim
695 4010 751 4071 pro
766 3992 879 4071 Cyrillo
899 3993 959 4054 sihi
973 3994 1032 4055 hoc
1047 3996 1104 4057 ob-

333 4086 472 4164 jecisset,
501 4107 513 4144 c
539 4086 605 4165 ejus
631 4084 804 4145 doctrinam
827 4085 866 4146 de
888 4085 1102 4150 incarnatione

337 4178 432 4239 Verbi
456 4183 623 4257 sequutum
644 4175 737 4236 luisse
758 4177 925 4238 concilium
951 4177 1040 4240 illiud
1060 4201 1100 4256 »3

1149 485 1273 566 lingunt
1286 496 1312 548 ⁰.
1328 506 1343 546 o
1368 488 1468 562 Quam
1479 487 1621 550 eamdem
1634 505 1698 550 esse
1713 486 1822 565 Cyrilli
1842 504 1903 549 seu·

1148 579 1278 640 tentiam
1297 579 1405 641 asserit
1418 579 1565 642 madium
1585 580 1702 662 abipso
1722 580 1757 641 in
1779 579 1903 660 epistolis

1148 668 1378 748 adsurrectum,
1394 676 1424 733 et
1437 671 1592 734 Asanam.
1611 673 1707 753 Atqui
1729 671 1905 735 ementitum

1147 761 1225 823 illud
1248 768 1304 839 est,
1328 764 1499 845 fictamque
1521 764 1640 827 crimen
1670 764 1806 845 cyrilli:
1830 763 1904 844 quod
1985 834 1986 837 Ἴ

1148 854 1273 916 abunde
1284 857 1319 916 in
1332 857 1543 937 superioribus
1552 857 1591 920 ab
1605 876 1641 919 eo
1653 856 1903 938 propulsavimus,

1149 966 1188 1009 ex
1210 948 1323 1029 quibus
1344 955 1476 1026 constat,
1499 968 1662 1030 nunquam
1682 949 1771 1010 illum
1789 948 1902 1023 dixisse,

1148 1045 1221 1101 ante
1231 1040 1406 1102 unitionem
1419 1042 1496 1102 diras
1508 1042 1601 1107 luisse
1621 1049 1766 1117 naturas;
1783 1045 1814 1103 et
1828 1058 1905 1103 men·

1148 1136 1213 1192 tem
1225 1131 1364 1211 ejusdem
1377 1135 1410 1194 in
1423 1134 1609 1195 adstruenda
1632 1153 1696 1196 lma
1717 1140 1787 1215 post
1799 1133 1903 1193 unitio-
1985 1132 1986 1135 ’

1149 1242 1223 1285 nem
1243 1231 1356 1287 natura
1377 1225 1611 1288 deelaravimus.
1629 1229 1672 1289 De
1695 1226 1758 1288 lbae
1777 1244 1903 1306 quiaque,
1985 1254 1986 1257 ¹

1149 1317 1233 1397 quod
1256 1318 1387 1379 subinde
1411 1318 1526 1398 objicit,
1550 1320 1689 1399 epistola,
1705 1318 1803 1398 capite
1816 1318 1905 1379 unde·

1149 1408 1230 1471 cimo
1244 1411 1445 1490 purgavimus
1462 1430 1469 1470 ε
1484 1430 1542 1472 nec
1560 1431 1625 1473 non
1647 1412 1686 1473 de
1709 1411 1904 1486 Theodoreto,
1985 1406 1986 1423 ³

1150 1508 1181 1563 et
1193 1508 1323 1583 utroque
1338 1504 1372 1564 in
1392 1503 1632 1565 Chalcedonensi
1653 1503 1772 1583 synodo
1793 1509 1906 1583 recepto

1150 1614 1186 1656 ac
1196 1595 1337 1676 probato,
1353 1596 1437 1675 quod
1454 1614 1520 1656 non
1532 1596 1637 1657 minus
1651 1614 1689 1657 ex
1701 1595 1830 1657 historia
1842 1612 1907 1656 con·

1151 1688 1224 1763 cilii,
1241 1694 1272 1749 et
1289 1694 1430 1750 actorum
1443 1687 1526 1749 illius
1544 1693 1639 1769 patet,
1658 1706 1752 1768 qaam
1765 1687 1799 1748 in
1813 1685 1907 1767 primo

1150 1780 1229 1841 libro
1252 1786 1392 1842 accurate
1415 1781 1632 1861 descripsimus
1642 1778 1665 1840 ¹.
1681 1779 1759 1854 Quid
1773 1779 1854 1859 quod
1866 1796 1908 1839 ea-

1151 1873 1223 1934 dem
1248 1872 1438 1934 oecumenica
1461 1872 1598 1952 synodus
1623 1872 1656 1932 in
1677 1870 1797 1932 Decreta
1831 1867 1908 1951 fidei,
1985 1940 1986 1943 Ἴ

1150 1964 1233 2026 beati
1246 1964 1383 2045 Cyrillir
1405 1964 1567 2044 synodicas
1587 1963 1730 2044 epistolas
1750 1963 1791 2025 ad
1809 1963 1909 2024 Nesto·

1151 2057 1246 2133 rium,
1262 2062 1293 2118 et
1306 2058 1346 2118 ad
1355 2056 1519 2119 orientales
1533 2056 1687 2137 scriptast
1703 2078 1715 2114 o
1737 2056 1909 2118 auctoritate

1152 2168 1208 2210 sua
1222 2148 1458 2229 comprobavit?

1193 2243 1232 2302 Il.
1257 2242 1327 2303 Non
1345 2242 1451 2305 miuus
1470 2244 1586 2322 inepte,
1608 2239 1865 2323 impudenterque
1876 2238 1910 2302 de
1985 2230 1986 2297 1

1152 2333 1406 2395 Chalcedonensis
1422 2334 1543 2395 concilii
1556 2334 1690 2395 iormula
1707 2332 1778 2396 fidei
1792 2330 1912 2394 mentiri

1151 2431 1198 2487 est
1210 2444 1314 2503 ausus,
1335 2433 1366 2488 et
1383 2426 1449 2506 ejus
1465 2444 1590 2488 sensum
1614 2426 1742 2487 subdole
1765 2426 1911 2505 interpre-

1152 2518 1221 2581 tari.
1259 2518 1311 2580 Ait
1332 2518 1428 2592 enim,
1452 2518 1617 2580 concilium
1639 2518 1718 2580 istud
1743 2539 1759 2577 ι
1780 2517 1814 2578 iu
1841 2517 1911 2577 duas
1931 2550 1986 2599 Μ

1151 2611 1299 2673 lectiones
1330 2610 1424 2672 luisse
1458 2611 1610 2684 divisum,
1640 2609 1909 2692 Eutychianorum,
1932 2604 1986 2707 3111

1152 2704 1216 2765 sive
1238 2703 1493 2784 cyrillianorum,
1519 2709 1550 2765 et
1570 2704 1844 2765 Orthodoxorum:
1864 2700 1913 2782 qui
1942 2715 1986 2811 ppt

1152 2795 1284 2857 Nestorii
1307 2796 1435 2875 quidem
1455 2795 1629 2857 doctrinam
1650 2795 1827 2857 retinebant
1843 2815 1850 2854 ι
1865 2793 1914 2855 sed
1971 2760 1986 2833 'i

1152 2907 1236 2965 etum,
1252 2894 1373 2968 utpote
1393 2886 1582 2967 imperatrici
1606 2886 1778 2949 Pulcheriee
1792 2904 1914 2950 exosum

1152 2979 1410 3043 condemnabant.
1427 3000 1442 3038 n
1468 2980 1550 3040 Tum
1564 2979 1776 3042 definitionem
1796 2980 1868 3042 fidei
1881 2996 1916 3041 ex

1152 3073 1314 3153 utriusque
1344 3071 1441 3152 partis
1470 3089 1622 3132 consensu
1645 3073 1802 3135 conditam
1827 3073 1916 3133 fuisse

1156 3165 1272 3227 «valde
1302 3164 1493 3243 ambiguam,
1518 3170 1549 3225 et
1566 3164 1690 3244 utrique
1713 3165 1795 3245 parti
1819 3165 1918 3227 faven-

1152 3265 1228 3320 tem.
1245 3283 1258 3311 a
1279 3256 1399 3317 Deinde
1409 3264 1545 3320 ὑπόστασιν
1552 3276 1609 3336 pro
1619 3271 1730 3318 natura
1740 3259 1916 3337 sumpsisse,

1153 3369 1225 3413 cum
1243 3348 1277 3409 in
1290 3349 1344 3409 illa
1357 3349 1490 3429 scripsit,
1509 3356 1703 3430 «utramque
1719 3356 1866 3411 naturam
1887 3347 1918 3409 in

1153 3460 1250 3504 uuam
1275 3459 1441 3521 personam
1468 3448 1499 3503 et
1513 3460 1610 3504 unam
1631 3442 1825 3523 hypostasim
1848 3459 1917 3502 con-

1153 3535 1325 3597 currisse.»
1343 3534 1418 3608 Quae
1432 3533 1717 3608 omnialalsissima,
1734 3539 1765 3596 et
1777 3534 1846 3596 sine
1858 3532 1919 3594 ullo

1153 3629 1271 3710 pudore
1292 3633 1410 3689 temere
1432 3628 1564 3689 condeta
1581 3632 1664 3687 sunt.
1686 3626 1855 3689 Historiam
1875 3642 1920 3704 sy·

1153 3721 1228 3782 nodi
1241 3719 1330 3781 istius
1344 3719 1502 3781 exhibebit
1515 3726 1608 3799 caput
1624 3719 1781 3781 decimum
1794 3718 1921 3781 tertium

1153 3812 1225 3873 libri
1238 3811 1332 3893 primi
1344 3811 1438 3890 hujus
1457 3811 1568 3890 operis.
1586 3812 1624 3872 In
1643 3811 1698 3873 illa
1710 3829 1785 3872 vero
1805 3828 1920 3890 appro-

1153 3903 1258 3966 batam
1270 3904 1364 3966 fuisse
1373 3903 1507 3966 Nestorii
1519 3903 1665 3965 hoeresim
1678 3905 1717 3965 ab
1729 3903 1920 3979 orthodoxis,

1153 3996 1327 4057 satanicum
1340 4001 1387 4057 est
1410 4001 1636 4057 commentum.
1659 3995 1746 4057 Sicut
1759 4001 1792 4057 ct
1815 3994 1920 4076 typos·
1985 4060 1986 4081 ἶ

1154 4086 1243 4150 tarini
1257 4089 1291 4150 in
1306 4086 1429 4150 Decreto
1441 4087 1517 4166 fidei
1538 4106 1593 4168 pro
1613 4094 1726 4149 natura
1740 4093 1923 4168 ustmpatam

1153 4198 1230 4256 esse,
1258 4181 1342 4260 qnod
1369 4181 1565 4244 mendacium
1593 4198 1720 4260 prorsus
1747 4176 1922 4242 Nestoriaui

337 4270 502 4350 respondet
524 4268 625 4350 primo
651 4289 659 4330 z
687 4290 704 4327 o
728 4269 903 4331 concilium
934 4271 1101 4333 Chalcedo—
1152 4272 1288 4335 hominis
1302 4272 1418 4335 vesania
1432 4273 1563 4352 dignum
1576 4279 1632 4349 est,
1647 4279 1684 4334 ut
1697 4291 1767 4335 eam
1787 4270 1925 4333 formula

337 4379 432 4424 nense
451 4363 487 4423 in
500 4361 748 4423 suadelinitione
767 4363 986 4424 condemnasse
999 4366 1104 4443 potius
1152 4365 1261 4428 eadem
1293 4365 1463 4446 appellatt.
1495 4365 1660 4445 Siquidem
1691 4371 1821 4426 naturas
1850 4364 1924 4425 duas

336 4455 510 4516 doctrinam
524 4453 629 4534 Gyrilli
640 4453 679 4514 de
689 4453 913 4531 incarnatione,
925 4472 1021 4534 quam
1031 4475 1103 4518 oon·
1152 4464 1258 4538 aperte
1290 4458 1488 4538 pronuntiat,
1515 4479 1533 4517 o
1558 4475 1693 4538 quarum
1714 4456 1925 4519 differentiam

335 4546 516 4610 firmasse.»
538 4547 585 4608 Ad
603 4547 663 4608 hoc
682 4544 959 4607 demonstrandum
980 4549 1103 4609 concidi
1152 4547 1337 4629 neutiquam
1359 4549 1500 4611 unitione
1526 4548 1678 4610 sublatam
1700 4566 1765 4610 esse
1788 4548 1923 4610 asserit:

334 4640 430 4701 verba
448 4641 531 4718 citat,
551 4638 665 4720 quibus
684 4639 874 4701 anathemati
887 4639 1010 4719 subjicit
1032 4658 1096 4718 eos,
1152 4641 1230 4722 quin
1243 4641 1347 4720 potius
1360 4641 1478 4703 salvam
1492 4658 1558 4703 esse
1569 4640 1792 4721 proprietatem
1806 4639 1925 4701 utrim-

339 4733 423 4812 nqui
440 4733 518 4794 duos
539 4738 611 4794 ante
632 4732 807 4793 unitionem
831 4737 958 4793 naturas
974 4733 1101 4796 Domini
1152 4751 1225 4812 que,
1241 4733 1318 4794 etin
1332 4750 1430 4794 unam
1442 4750 1619 4813 personam,
1634 4737 1728 4812 atque
1744 4749 1847 4793 unam
1866 4732 1927 4810 by·

334 4823 513 4887 fabulantur
528 4844 536 4885 ς
551 4843 732 4886 unamvcro
745 4829 814 4904 post
826 4824 1002 4886 unitionem
1023 4843 1101 4887 oon-
1151 4824 1298 4905 postasim
1325 4842 1510 4888 concurrere
1526 4822 1552 4885 ⁴.
1580 4826 1659 4885 Cum
1684 4824 1780 4904 igitur
1809 4832 1927 4904 ικατιρον
1960 4862 1986 4909 w

370 5029 393 5069 o
410 5010 504 5071 Chalc.
520 5026 601 5068 cono.
616 5016 670 5068 aet.
687 5026 715 5069 ι.
735 4979 915 5074 latinitate
932 5008 976 5083 μὲν
990 5010 1038 5084 προ
1061 5014 1104 5079 τῆς

335 5095 446 5158 iudaeae
456 5096 536 5168 φὸσιις
545 5099 589 5149 τοῦ
604 5092 687 5167 uopioo
701 5092 853 5167 μυθεύονται,
870 5094 928 5167 piot
942 5091 968 5148 δ1
983 5095 1045 5167 μετὰ
1058 5092 1102 5162 τὴν
1153 5093 1226 5157 οὔσας
1240 5092 1348 5157 ἐδέξατο.

334 5178 420 5235 tonas
435 5178 635 5240 ἀναπλάττοντας
649 5177 826 5251 metapontini.

370 5264 387 5320 b
405 5262 475 5319 lbid·
494 5256 543 5325 tte
556 5266 599 5317 sot
612 5261 732 5335 μιοιαρίοο
746 5261 869 5333 {laptiles
878 5254 923 5314 τοῖι
931 5263 975 5329 τῆς
993 5258 1104 5323 'Atticm

333 5347 410 5419 aptos
421 5345 549 5415 {vinciae
562 5346 695 5419 γινομένου
709 5345 824 5416 ποιμένος
836 5344 963 5408 σοιοδιιιὰς
973 5342 1103 5406 ὶτιοτολὰς

361 5489 372 5533 1
385 5490 438 5547 dap.
451 5500 499 5536 titt.

1154 5012 1215 5084 πρός
1228 5030 1255 5066 τι
1263 5011 1409 5085 asaiaco,
1422 5012 1463 5066 καὶ
1472 5009 1532 5085 προς
1545 5011 1600 5075 robe
1607 5013 1650 5079 ιῆς
1658 5006 1782 5079 donabile
1792 5010 1929 5086 dppndioot

1190 5194 1205 5234 o
1223 5175 1318 5235 Chalc.
1335 5192 1397 5248 syn.
1418 5174 1467 5246 Τῆς
1480 5176 1828 5251 Νεοτορίουφρινοῶιαδείας.

1188 5260 1297 5317 dlbid.
1317 5260 1431 5333 ffldusob
1450 5264 1493 5329 τῆς
1511 5267 1561 5316 τῶν
1582 5261 1675 5334 &aas
1698 5264 1820 5335 διαφορᾶς
1841 5263 1931 5337 dippu-

1155 5344 1228 5415 μένης
1237 5341 1278 5397 nt
1290 5343 1335 5412 τὴν
1350 5343 1448 5412 trans,
1457 5344 1631 5417 οωζομίνηςδὲ
1640 5345 1737 5418 μᾶλλον
1750 5345 1931 5416 adsiduissime
