3936 6146
475 262 526 322 DE
545 258 841 333 INCARNATlONE,
863 260 938 321 LIB.
960 261 1011 335 IX,
1040 261 1124 324 chr.
1148 265 1200 324 VI.
1560 269 1615 329 aet

97 426 174 487 Hunc
203 425 304 488 locum
335 426 462 488 Maximi
495 445 575 508 pene
609 430 802 495 adverbum
850 425 943 506 hujus
960 429 1083 509 generis
1095 429 1261 492 innumera
1278 429 1407 509 proferri
1431 430 1617 492 testimonia.

68 518 234 598 tramaripsit
249 518 383 581 loannes
403 521 610 583 damascenus
620 520 642 598 ¹,
658 540 694 584 aa
715 522 799 584 simi-
852 520 911 580 Sed
925 520 992 583 brec
1004 528 1077 583 sunt
1090 525 1177 583 satis.

65 608 122 672 liter
133 611 262 690 Gregorii
282 611 467 674 Nazianzeui
488 613 582 675 verba
603 614 725 694 posuit’
736 635 745 691 3
769 617 802 677 in
891 612 945 672 IV.
968 614 1016 674 Ad
1035 633 1193 676 sacrarum
1210 615 1385 677 litterarum
1402 617 1620 679 auctoritatem
1645 641 1675 685 u·
1691 641 1790 687 mosn-

65 701 158 780 quihus
174 721 226 782 pro
240 711 352 781 ἀνήκοος,
366 706 450 784 quod
469 711 501 766 ct
522 706 674 768 Maximus
695 707 799 787 habet,
852 704 973 783 antiqui
998 707 1106 768 Patres
1130 707 1320 786 adjungendi
1347 716 1438 785 saut;
1469 712 1521 789 qui
1545 711 1620 771 duaa
1646 695 1791 793 ‘ufflssffl

65 794 198 870 evulgati
206 796 344 876 Gregorii
355 797 567 876 codices,legit
576 802 710 876 παρήκοος,
719 800 800 880 quod
852 808 920 857 esse
931 796 1045 858 Christi
1057 799 1232 860 voluntates
1245 802 1383 880 primum
1398 803 1542 864 universe
1555 809 1616 863 tes·

65 887 166 965 proprie
184 885 399 961 inobedientem,
420 894 452 950 et
468 898 665 951 contumacem
683 893 801 971 siguifi-
851 891 969 966 tantur,
982 890 1059 951 dum
1077 897 1113 952 ut
1133 897 1260 953 naturas
1283 893 1369 967 duas,
1385 894 1428 954 sio
1442 893 1571 971 lteeides,
1586 896 1620 957 id

66 983 161 1039 cat2et
180 979 231 1059 qui
253 986 360 1041 contra
384 987 573 1063 preceptum
597 982 680 1058 facit,
700 986 804 1055 ἀνήκοος
851 983 897 1039 est
921 981 1103 1060 operationes
1126 984 1255 1046 totidem
1283 984 1459 1061 affirmaut3
1484 1005 1620 1066 quorum

65 1088 123 1130 raro
133 1070 302 1150 simpliciter
311 1091 369 1132 non
382 1070 557 1135 obedientem
571 1079 679 1150 sonat;
694 1074 802 1152 cujus·
851 1073 1019 1134 sententias
1037 1075 1212 1155 complures
1232 1078 1464 1156 percensuimus
1477 1079 1511 1138 in
1531 1098 1621 1159 snpe-

65 1161 133 1223 modi
151 1160 197 1222 ille
218 1181 284 1225 ease
298 1170 409 1244 potest,
435 1165 490 1245 qui
517 1183 581 1227 nou
596 1171 685 1245 paret
698 1165 799 1239 alteri,
851 1163 933 1225 aiore
955 1164 1077 1227 libro¹⁰.
1094 1167 1148 1228 llis
1171 1174 1275 1230 autem
1299 1170 1413 1249 duplex
1429 1190 1553 1250 quoque
1565 1190 1619 1231 vo-

65 1254 121 1333 quia
133 1272 189 1316 non
201 1261 246 1316 est
256 1255 286 1317 ei
299 1255 466 1335 subjectus,
481 1256 567 1320 velut
583 1276 639 1336 par
650 1258 732 1338 paris
742 1258 801 1319 im·
852 1255 966 1333 luntas,
981 1258 1096 1335 diviua,
1112 1260 1303 1335 et,humana
1327 1263 1620 1342 comprehenditur,

65 1346 132 1425 perio
144 1364 202 1407 non
213 1353 347 1409 tenetur.
362 1349 573 1411 Nihilominus
586 1356 715 1430 apparet
727 1351 802 1412 Gre·
852 1348 1002 1428 quoniam
1016 1350 1161 1429 volantes,
1182 1357 1291 1430 ἐνέργεια
1314 1355 1457 1433 quaedam
1476 1361 1532 1431 est,
1556 1356 1621 1417 sive

65 1439 164 1516 goriam
180 1446 281 1517 ἀνήκοον
295 1459 353 1521 pro
366 1460 414 1510 eo,
431 1442 486 1521 qui
505 1443 688 1504 mandatum
703 1448 802 1505 trans·
851 1442 948 1504 motio
972 1452 1104 1506 naturae.
1129 1446 1242 1506 Praeter
1266 1446 1335 1507 haec
1352 1465 1426 1507 vero
1449 1448 1622 1524 generatim

65 1530 186 1608 graditur,
201 1533 361 1613 accepisse.
387 1534 467 1596 Nam
488 1534 592 1596 statim
614 1535 748 1613 subjicit,
764 1553 803 1598 ex
852 1536 890 1597 dc
919 1537 1097 1616 operatione
1124 1536 1220 1614 dicta3
1250 1556 1348 1618 pauca
1376 1539 1484 1600 saltem
1508 1539 1559 1600 bic
1580 1541 1620 1600 de

6 1652 43 1695 p,
65 1622 162 1685 duobus
179 1643 243 1704 quae
262 1626 395 1696 dixerat,
412 1634 534 1704 balaan,
548 1633 579 1688 et
597 1634 701 1705 ἀνήκοον
722 1646 801 1707 esse,
851 1629 1010 1691 voluntate
1033 1630 1249 1709 perscribenda
1276 1637 1358 1709 sunt,
1381 1650 1451 1710 quae
1474 1631 1621 1695 disertam

6 1704 41 1803 ζ·
68 1715 159 1795 apcius
170 1717 333 1779 convenire
344 1718 462 1798 probis,
478 1726 509 1780 et
523 1719 682 1797 honestis;
704 1727 804 1801 poste-
852 1721 918 1800 ejas
931 1721 1122 1783 mentionem
1138 1722 1308 1782 continent.
1396 1730 1398 1733 ’

65 1806 123 1885 rius,
135 1806 288 1888 improbis,
304 1815 335 1871 et
347 1811 495 1890 supplicio
513 1811 646 1890 dignise.
662 1833 677 1871 n
697 1813 802 1892 ltaque
892 1813 1014 1874 Primus
1026 1814 1085 1875 crit
1099 1814 1259 1876 Athanasii
1272 1833 1344 1876 eum
1358 1814 1466 1895 primis
1480 1815 1619 1888 celebris,

65 1898 144 1968 ment
156 1907 206 1978 est,
219 1902 273 1982 qui
284 1902 377 1978 male,
394 1911 425 1964 et
437 1904 579 1983 improbe
593 1922 657 1966 non
678 1905 801 1982 ohedit3
853 1911 883 1968 et
894 1905 1020 1966 illustris
1031 1906 1117 1967 locus
1130 1924 1170 1967 ex
1182 1905 1273 1983 libro,
1289 1906 1343 1986 qui
1355 1906 1519 1987 inscriptus
1529 1908 1623 1969 hodie

64 1985 124 2049 titul
134 1990 212 2062 bathis
225 1994 360 2076 impiam,
378 2000 410 2056 et
429 1996 626 2077 irreliproanm
641 1997 801 2077 significat,
851 1996 965 2079 legitur
982 2018 989 2058 :
1002 1995 1037 2058 de
1047 1996 1175 2058 adventa
1189 1997 1288 2059 diuini
1306 1998 1394 2059 Verbi
1403 2019 1469 2059 carn
1482 2018 1581 2073 earne,
1592 2017 1620 2059 er

64 2095 113 2140 uon
123 2100 197 2160 eom,
208 2086 261 2166 qui
273 2086 354 2148 citra
367 2088 489 2162 vitiam,
505 2089 625 2151 cultum
639 2108 705 2150 non
718 2089 804 2151 adhi·
852 2093 991 2153 adversas
1005 2089 1158 2153 Anonos.
1175 2091 1210 2151 lu
1227 2108 1264 2151 eo
1287 2090 1366 2151 libro
1380 2091 1575 2169 praclarum,
1593 2097 1625 2151 et

64 2169 115 2247 batt
128 2194 212 2255 quem
233 2180 377 2242 videlicet
398 2186 544 2262 praestare
567 2200 633 2242 nou
653 2188 799 2244 tenetur:
852 2184 1117 2265 expressissimum
1133 2190 1178 2243 est
1201 2182 1370 2243 voluntatis
1389 2183 1519 2262 duplicis
1535 2183 1621 2243 testi-

64 2269 299 2341 qnemadmodum
318 2273 412 2333 strrlto
435 2292 500 2335 non
525 2273 630 2335 miuus
644 2293 738 2355 quam
757 2293 802 2337 sa·
852 2277 994 2338 monium
1011 2295 1019 2336 z
1039 2276 1123 2356 quod
1147 2274 1198 2351 hie
1223 2274 1314 2354 plane
1342 2274 1472 2335 describi
1501 2293 1623 2336 necesse

64 2356 154 2438 adlego
179 2362 247 2440 joco
290 2363 367 2425 lusit
399 2365 513 2445 impius
540 2366 717 2443 Eudoxias,
746 2367 801 2447 qui
851 2370 922 2430 sit:
948 2370 1014 2429 ulit
1043 2387 1116 2430 eum
1134 2366 1187 2444 ait,
1203 2366 1314 2446 inquit,
1330 2366 1473 2443 Pater,si
1486 2367 1558 2447 fieri
1570 2386 1623 2447 po·

65 2447 304 2535 Condautbropoli
329 2455 452 2518 Patrem
475 2464 550 2535 aesta
572 2478 629 2537 pro
652 2459 800 2521 concione
853 2470 915 2532 test,
952 2467 1083 2522 transeat
1110 2459 1194 2521 calin
1230 2459 1302 2520 iate:
1332 2467 1531 2519 verumtamen
1566 2480 1624 2519 nan

65 2539 143 2604 «icere
159 2563 246 2608 ausus
260 2546 338 2625 est',
354 2567 390 2610 eo
405 2550 489 2628 quod
502 2550 661 2613 neminem
674 2552 799 2628 coleret,
851 2574 916 2617 mea
929 2554 1063 2616 noluntas
1084 2552 1141 2634 fiat
1155 2550 1226 2625 ,aad
1247 2561 1319 2613 tna:
1352 2557 1391 2627 et,
1415 2552 1536 2633 spiritns
1558 2554 1625 2634 qni·

65 2638 147 2713 upote
158 2639 302 2701 omnihus
316 2641 425 2721 major.
443 2684 453 2700 .
851 2644 914 2706 dem
923 2649 1083 2726 promptus
1096 2649 1148 2719 eat,
1177 2660 1246 2702 caro
1260 2648 1357 2701 antem
1374 2640 1497 2717 infirmo
1511 2661 1523 2703 .·
1546 2642 1625 2709 duas

94 2727 135 2788 ΙΙΙ.
153 2731 195 2792 Ad
209 2733 354 2794 eumdem
367 2734 477 2796 Christi
488 2735 680 2797 voluntatem
692 2737 801 2797 huma·
851 2738 900 2798 his
920 2737 1097 2799 voluntates
1117 2733 1260 2806 ostendit,
1284 2750 1381 2793 uuam
1401 2732 1544 2794 videlicet
1565 2735 1624 2795 bu-

64 2834 119 2879 nun
129 2823 325 2901 probandam,
346 2825 400 2887 illa
412 2827 506 2888 etiam
525 2829 801 2890 accommodantur
852 2848 989 2906 manam,
1004 2846 1075 2907 quae
1090 2832 1136 2887 est
1149 2826 1250 2888 caruis
1268 2824 1415 2903 propria;
1435 2824 1564 2886 alteram
1578 2827 1625 2887 di·

64 2911 203 2976 alitibus
216 2917 385 2997 Scriptura
396 2918 474 2993 loca,
493 2919 527 2980 iu
541 2920 654 3000 quibus
668 2922 800 2984 voluisse
851 2924 968 2983 uuam.
984 2922 1063 2982 Nam
1078 2918 1216 2980 humana
1229 2922 1356 2998 propter
1371 2917 1471 2977 carnis
1481 2917 1621 2979 imbecil-

64 3000 154 3082 ahquid
163 3007 304 3086 refertur,
320 3010 404 3089 quod
419 3010 539 3072 homini
554 3013 709 3089 convenit,
723 3014 802 3092 ejus·
850 3014 981 3088 litatem,
1009 3017 1142 3073 mortem
1167 3010 1349 3089 deprecatur
1379 3027 1386 3069 ε
1415 3008 1521 3071 diviua
1549 3029 1624 3073 vero

63 3111 109 3171 qne
130 3104 238 3161 natura
266 3107 512 3164 consentaneum
539 3109 585 3166 eat
604 3125 611 3165 t
628 3106 801 3184 cujusmodi
850 3107 950 3188 ipsius
963 3113 1009 3168 est
1021 3108 1228 3185 promptam»

64 3189 186 3251 nonnulla
197 3192 391 3273 collegerunt
411 3195 529 3272 Agatho
544 3197 626 3277 Papa
636 3194 659 3270 ⁸,
677 3204 708 3259 et
720 3200 801 3261 ltlar·
891 3201 948 3261 Hic
967 3196 1131 3260 Athanasii
1151 3195 1237 3256 locus
1260 3193 1337 3256 adeo
1361 3194 1494 3255 disertus
1519 3200 1575 3270 est,
1592 3202 1625 3257 et

63 3275 127 3340 tinus
154 3283 222 3345 item
243 3286 330 3367 Papa
368 3287 402 3347 in
427 3288 628 3350 lateranensi
651 3291 800 3367 concilio;
851 3290 890 3352 ad
914 3290 1137 3353 Monotheletas
1166 3286 1394 3348 convincendos
1418 3286 1513 3357 utilis,
1533 3293 1569 3347 ut
1589 3287 1624 3347 in

63 3368 186 3437 bannos
215 3378 249 3439 iu
284 3377 496 3459 Dr'spatatione
527 3399 594 3442 cnm
629 3380 750 3465 Pyrrho
768 3382 779 3416 ⁸
791 3403 799 3459 ;
851 3390 938 3448 sexta
950 3384 1070 3462 syuodo
1092 3379 1202 3460 saepius
1226 3379 1398 3440 inculcatus
1424 3378 1527 3451 fuerit,
1542 3385 1578 3438 ut
1591 3379 1625 3439 in

63 3459 172 3528 loannes
182 3469 409 3532 Damaseeuus⁸
427 3492 434 3532 :
450 3472 642 3535 Theorianus
655 3475 689 3535 in
708 3476 801 3557 depe·
850 3478 969 3539 ardone
983 3472 1114 3535 decima:
1129 3477 1160 3533 et
1169 3473 1202 3531 iu
1214 3487 1298 3545 xvru,
1312 3470 1346 3530 in
1361 3469 1461 3531 edicto
1476 3470 1626 3531 Constan-

63 3555 124 3616 tiore
139 3560 177 3620 ad
198 3563 354 3624 Armenes.
378 3563 427 3625 Sic
459 3582 553 3645 supra
576 3584 662 3627 mare
690 3568 801 3629 amba·
851 3569 909 3630 tini
931 3563 1138 3646 imperatoris,
1151 3582 1209 3624 uec
1230 3581 1295 3623 non
1317 3561 1438 3623 actione
1453 3567 1573 3641 quarta,
1590 3563 1625 3623 in

62 3644 122 3725 lans,
134 3657 161 3711 et
172 3654 210 3715 ad
222 3655 389 3732 Apostolos
401 3658 548 3718 accedens
561 3657 685 3734 volebat,
702 3659 803 3742 iuquit
852 3659 980 3741 epistola
1002 3655 1171 3736 Agathouis
1195 3657 1295 3734 Papae.
1317 3654 1399 3727 Quin
1420 3660 1452 3715 et
1474 3654 1625 3715 Macarius

62 3737 188 3822 bucus',
200 3747 357 3827 preterire
370 3747 449 3809 illos.
469 3747 577 3824 ltem⁸,
597 3750 755 3833 Inpreaaaa.
771 3754 802 3815 in
851 3754 1014 3816 hereticus
1033 3767 1105 3811 oum
1122 3748 1268 3810 eamdem
1282 3746 1315 3808 in
1331 3747 1481 3826 excerptis
1507 3747 1627 3826 posuis-

62 3826 155 3896 domum
168 3841 310 3901 neminem
322 3840 417 3902 voluit
428 3841 514 3910 scire,
531 3849 559 3902 et
576 3861 635 3904 non
645 3846 746 3925 potuit
758 3845 802 3907 la-
852 3845 929 3908 set¹¹
946 3843 1095 3905 Catholici
1112 3842 1188 3902 duas
1206 3858 1245 3901 ex
1264 3858 1301 3901 eo
1318 3840 1492 3902 rolantates
1507 3839 1626 3900 adstrui

62 3934 115 3985 Μ·
129 3928 196 3995 Quae
210 3932 361 3994 humana
382 3932 567 3995 conditionis
579 3935 754 4015 infirmitas,
769 3945 804 4001 ut
852 3939 1008 4000 dixerunt.
1024 3937 1181 3996 ceterum
1199 3931 1314 4011 ubique
1328 3937 1504 3994 constanter
1524 3949 1626 3993 sermo

62 4018 373 4105 androdamanta
391 4044 456 4087 non
481 4026 644 4102 obtineret,
660 4029 699 4089 ab
722 4031 804 4112 Aga·
852 4032 916 4107 ille,
951 4029 1036 4091 uude
1062 4031 1203 4105 sumptus
1229 4030 1285 4102 est,
1307 4023 1467 4085 Athanasii
1499 4023 1626 4085 titulum

63 4105 137 4172 thone
159 4116 363 4178 certissimum
385 4136 450 4180 esse
475 4117 599 4194 siguum
623 4120 805 4200 perhibetur
854 4122 989 4204 praefert,
1006 4119 1049 4181 Dr
1066 4117 1224 4194 Trinitate,
1240 4123 1267 4176 et
1282 4115 1503 4177 lacernatione.

63 4195 183 4269 hamma
203 4209 383 4270 voluntatis.
400 4209 450 4271 Sic
474 4228 582 4272 ccum
608 4210 747 4275 dederam
777 4219 805 4276 et
895 4215 947 4275 Sic
968 4213 1003 4274 in
1021 4211 1102 4273 libro
1124 4209 1163 4271 de
1186 4206 1336 4270 communi
1358 4206 1507 4267 essentia:
1523 4224 1619 4285 quem

64 4291 143 4356 dmm
160 4318 223 4360 eum
244 4300 317 4380 felle
345 4302 476 4379 mntem,
499 4310 620 4384 pastona
642 4304 737 4365 noluit
761 4306 805 4368 bi·
856 4313 961 4369 tumeu
975 4302 1135 4365 Athanasii
1149 4317 1214 4362 esse
1232 4317 1297 4360 non
1310 4297 1445 4359 arbitror
1459 4317 1466 4358 t
1482 4298 1626 4358 voluntas

64 4377 159 4447 ὑπ’»
188 4391 229 4453 ait
256 4392 411 4454 Martinus
436 4394 529 4474 Papa.
556 4395 688 4457 Possunt
709 4397 809 4461 atalia
858 4397 972 4471 carnis,
987 4401 1018 4456 et
1030 4394 1173 4456 voluutas
1187 4391 1240 4452 Dei
1255 4391 1288 4451 in
1305 4390 1412 4451 eodem
1428 4389 1547 4451 Christo
1561 4389 1626 4449 dis-

89 4612 239 4674 “Nfflffl-
256 4617 293 4672 Tb
306 4615 350 4690 ebt
363 4622 413 4674 τῶν
427 4616 668 4692 cinomannos,
683 4620 748 4675 atat
760 4628 811 4677 τῶν
859 4620 969 4695 piantur,
983 4618 1048 4673 ἀλλὰ
1057 4617 1087 4672 rb
1096 4616 1150 4671 aba.
1165 4616 1206 4670 nal
1220 4615 1249 4669 ab
1263 4613 1306 4687 μὲν
1315 4616 1410 4685 πνεῦμα
1422 4612 1555 4685 πρόθυμον,
1570 4612 1585 4680 ἡ
1600 4611 1628 4666 δὲ

64 4689 120 4752 33⁰¹*
129 4700 258 4763 ”Mimi-
859 4702 919 4777 σὰρξ
932 4700 1041 4769 ἀσθενὴς·
1060 4700 1102 4754 ato
1130 4698 1255 4770 θελήματα
1280 4695 1382 4751 ἐνταῦθα
1401 4695 1505 4749 δείκνυσι
1527 4696 1557 4749 rb
1571 4694 1626 4767 μὲν,

89 4777 212 4838 bireta.
233 4784 294 4857 Περὶ
315 4789 359 4853 τῆς
386 4783 503 4857 traham
525 4783 662 4858 turparetur
687 4789 732 4840 τοῦ
755 4786 810 4840 θεοῦ
860 4786 1021 4860 ἀνθρώπινον,
1035 4785 1095 4855 ὅπερ
1110 4780 1162 4836 ἐστὶ
1177 4784 1221 4848 τῆς
1235 4780 1332 4852 σαρκὸς·
1348 4779 1377 4833 τ“ο
1390 4779 1417 4833 a
1431 4780 1520 4834 θεϊκόν.
1535 4779 1565 4832 rb
1579 4778 1627 4851 γὰρ

62 4856 132 4929 ibpm,
144 4865 183 4918 ²³¹¹
194 4867 258 4921 m&
274 4869 415 4941 Ἀρεῑανῶν.
859 4868 1010 4942 ἀνθρώπινον
1025 4865 1065 4919 διὰ
1077 4864 1121 4931 τὴν
1139 4862 1262 4916 ἀσθένειαν
1278 4866 1321 4929 τῆς
1332 4862 1420 4934 σαρκὸς
1432 4864 1584 4934 παραιτεῖται
1597 4860 1627 4915 rb

90 4945 213 5004 tirum.
235 4950 283 5003 Καὶ
305 4952 363 5005 ὅταν
390 4952 462 5024 λέγῃ,
486 4953 563 5024 πάτερ
590 4949 612 5005 εἰ
636 4950 751 5017 δυνατὸν,
780 4950 810 5004 rb
858 4952 943 5014 πάθος·
956 4947 1024 5005 τὸδὲ
1037 4946 1116 5000 aetatu
1131 4944 1206 5000 αὐτοῦ
1218 4944 1351 5016 πρόθυμον.

63 5029 158 5099 zurtpmp
171 5036 242 5086 τοῦτο
261 5034 411 5105 παρελθέτω·
434 5034 498 5102 πλὴν
524 5033 557 5107 μὴ
582 5034 611 5089 τὸ
634 5033 694 5108 ipis
715 5035 809 5106 θέλημα

84 5219 145 5267 lh't.
156 5223 185 5269 ΙΙΙ
198 5236 245 5282 erp.
270 5226 441 5272 rra-arur.
467 5226 655 5272 onmia-³
674 5229 758 5272 marat.
778 5225 818 5270 tlh.
837 5224 858 5270 ll
885 5235 934 5281 esp.
961 5233 1050 5266 mnu.
1066 5241 1094 5255 -
1118 5220 1132 5265 t
1152 5220 1254 5277 luepist.
1278 5221 1330 5278 spu.
1355 5221 1546 5278 tusyunnaet.
1561 5234 1627 5267 n.-

64 5280 244 5396 {llthsi-‘llzp.';¹
260 5289 274 5333 θ
289 5289 562 5346 tto.ttteap.nv.-·t
578 5291 644 5336 lare.
662 5288 778 5341 vr,ttt.-
799 5286 887 5333 81ar.
908 5297 950 5338 tn,
971 5285 1006 5329 st.
1022 5284 1076 5328 -a
1097 5281 1441 5340 lathusim-locu.
1457 5289 1526 5329 rurat
1544 5295 1627 5338 seq.-

200 5430 282 5493 'l'orn
296 5431 352 5493 VI.
1447 5425 1481 5485 st
