3932 6142
478 313 528 374 ns
547 311 852 391 manuninum,
874 311 948 374 nin.
969 310 1053 389 νιιι,
1075 309 1157 373 aar.
1180 310 1263 371 νιιι.
1601 306 1660 367 sss

98 480 252 544 sommariis
265 480 353 560 copia
368 479 492 541 taetium
501 477 662 560 nosipsos,
677 478 846 540 etlectores
896 477 1097 539 schominem
1109 495 1175 539 csse
1189 474 1323 557 passioni
1336 473 1558 536 obnoxiant,
1579 473 1660 532 tum

98 581 205 636 nosnos
214 572 423 634 onerabimus.
895 589 969 631 uero
984 570 1038 631 illa
1051 570 1158 645 verba,
1177 569 1331 642 Transeat,
1345 571 1372 626 si
1384 564 1455 644 fieri
1459 571 1563 645 potest,
1579 563 1660 625 colia

38 680 43 687 ·
132 665 247 726 Primus
259 664 356 743 igitur
367 664 569 744 appellandus
581 663 672 724 nobis
691 671 737 725 est
752 664 845 741 Igna-
896 665 958 735 iate,
973 663 1016 723 ait
1040 663 1197 723 Christum
1217 661 1328 721 dixisse
1347 680 1358 716 ι
1374 658 1547 737 trepidante
1565 656 1661 735 ipsius

54 762 59 774 '
99 759 286 836 tiusmartyr,
300 756 356 835 qui
369 756 515 817 humanae
530 761 659 828 naturae,
670 761 701 815 et
714 754 846 816 infirmi·
895 755 997 830 corde,
1013 772 1134 816 necnon
1149 753 1268 828 ossibus
1283 773 1290 813 ι
1307 758 1398 813 etcor
1412 751 1441 811 ei
1455 748 1661 809 similefuisso

99 846 302 927 tatisproprias
316 848 453 908 actiones
464 848 575 908 illustri
587 847 744 927 praeconio
759 864 845 908 com·
896 866 973 909 cerae
987 847 1020 907 in
1033 853 1176 908 ventrem
1199 847 1294 926 ipsius
1313 840 1505 924 liquefactae!
1518 861 1533 899 ιι
1553 861 1559 902 :
1576 842 1660 920 qaod

100 940 221 1001 mandat.
236 937 323 1000 Utin
344 939 473 1019 epistola
492 938 532 999 od
557 938 727 1020 Smpraoeos
749 939 847 1000 edisse
895 941 933 1002 de
953 958 990 1000 eo
1014 939 1167 1018 Propheta
1188 939 1308 1018 pridem
1329 937 1364 997 in
1377 934 1497 996 Psalmo
1514 933 1659 994 vicesimo

99 1030 185 1110 ipsum
201 1036 232 1093 et
249 1030 363 1091 bibisse
385 1030 558 1092 confirmat.
581 1033 746 1111 Postquam
761 1032 847 1092 enim
896 1031 1161 1112 primocecinerat.
1180 1032 1247 1092 «Ut
1256 1030 1404 1090 sciremus
1413 1025 1660 1102 Patrem‚filium

99 1142 159 1184 aare
167 1122 250 1183 illam
258 1122 701 1202 cvhghiegenitumdocntt⁶‚
713 1140 848 1202 vereque
896 1141 988 1184 suum
1001 1123 1034 1183 in
1046 1122 1157 1183 talibus
1167 1120 1527 1202 perpessionihusrevero
1535 1122 1662 1196 propior

99 1214 147 1275 aab
159 1215 263 1274 Pontio
278 1214 387 1289 Pilato,
402 1219 434 1275 et
447 1214 565 1275 Herode
578 1214 848 1275 Tetrarchcclavis
895 1234 954 1276 nos
977 1216 1092 1277 versari
1118 1214 1251 1275 voluisse
1271 1235 1278 1274 :
1303 1231 1361 1288 uec
1387 1212 1476 1272 illum
1490 1210 1661 1270 diceremus

98 1306 210 1367 diram
223 1306 257 1366 in
272 1321 366 1366 carne
381 1305 463 1385 (qum
483 1307 589 1384 utique
610 1306 710 1367 carnis
722 1312 849 1386 ἐνεργείαις
895 1307 978 1388 quod
988 1313 1066 1368 esset
1077 1308 1131 1368 Dei
1141 1306 1234 1382 iilius,
1249 1306 1487 1366 narilumeoram
1496 1319 1564 1382 quae
1576 1301 1661 1361 illata

48 1401 53 1412 “
97 1395 293 1477 accensentur)
331 1403 398 1458 tum
431 1402 499 1477 post
531 1397 791 1458 resurrectionem
816 1415 848 1457 se
896 1398 954 1459 sihi
977 1405 1075 1474 erant,
1106 1404 1137 1459 et
1151 1399 1338 1474 acciderant,
1365 1413 1487 1457 sensum
1501 1395 1658 1474 cepisse.»

98 1489 216 1549 illumin
229 1488 457 1562 carnevidissc,
472 1488 677 1566 eumdemque
692 1488 847 1568 discipulis
937 1490 1164 1551 Irenaeuslihro
1184 1491 1288 1562 tertio,
1310 1488 1409 1568 capite
1431 1503 1527 1563 xxxii,
1556 1504 1663 1547 veram

99 1581 338 1641 connectendum
348 1598 380 1641 se
391 1580 557 1660 praebuisse
567 1599 574 1639 :
585 1598 660 1640 mox
670 1580 714 1640 ita
724 1580 846 1640 scribit:
897 1582 989 1643 tuisse
1002 1583 1113 1643 Christi
1127 1601 1263 1655 carnem,
1277 1582 1308 1642 id
1320 1586 1366 1641 est
1387 1582 1557 1640 humanam
1571 1582 1662 1637 natu-

101 1672 454 1733 «Postresurrectioncm
465 1689 538 1731 vero
551 1689 623 1731 oum
632 1671 706 1749 ipsis
719 1671 851 1731 mandu-
897 1692 965 1734 ram
985 1673 1096 1752 probat
1119 1693 1158 1734 en
1184 1673 1327 1754 propriis,
1344 1677 1375 1755 ct
1394 1671 1549 1750 germanis
1569 1669 1663 1747 hujus

98 1764 174 1837 aaut,
187 1768 217 1823 et
227 1763 321 1834 bibit,
338 1767 447 1842 utpote
458 1761 751 1842 carnalis,quamvis
763 1761 850 1841 spiri·
897 1765 1086 1839 actionibus;
1098 1765 1310 1841 utnutricatu,
1318 1763 1659 1838 lassitudinc,moerore,

97 1855 204 1915 hahtcr
225 1854 337 1914 unitus
361 1852 498 1914 Pataita
516 1855 616 1924 Quem
628 1854 733 1914 locum
746 1855 850 1915 attulit
898 1857 1055 1935 lacrymis,
1078 1858 1201 1932 sudore,
1224 1856 1316 1917 tame.
1340 1856 1435 1934 Cujus
1462 1854 1522 1914 loci
1543 1858 1664 1932 partem

97 1946 294 2006 theodoretus
308 1946 343 2004 ia
356 1945 477 2022 dialogo
492 1946 637 2006 secundo.
899 1949 971 2010 alibi
990 1949 1220 2028 descripsimus,
1240 1968 1326 2009 nuuc
1349 1951 1458 2009 caetera
1478 1945 1662 2006 reddemus:

130 2036 207 2096 idem
227 2038 264 2096 in
286 2035 416 2115 epistola
442 2035 482 2096 at
508 2036 694 2112 Trallianam
714 2057 730 2094 a
743 2037 847 2103 Sardi,
903 2041 967 2101 aSi
980 2040 1069 2112 nihil,
1090 2041 1203 2119 inquit,
1218 2059 1256 2100 ex
1270 2040 1366 2099 Maria
1388 2038 1576 2118 sumpsisset,
1600 2054 1665 2096 non

99 2126 196 2206 inqiut,
209 2132 321 2200 estote,
336 2127 461 2207 quando
475 2128 541 2189 sine
552 2130 626 2190 Jesu
640 2128 761 2188 Christo
770 2128 853 2206 quis·
900 2128 952 2189 ille
965 2133 1034 2208 post
1047 2129 1381 2207 qaiadragintadiorum
1387 2127 1544 2206 jejunium
1562 2125 1667 2203 exple-

97 2220 169 2297 piam
179 2218 270 2279 nobis
287 2217 437 2298 loquitur,
448 2220 503 2298 qui
528 2239 545 2280 e
561 2220 655 2300 stirpe
674 2219 805 2296 havidis,
820 2226 852 2280 et
899 2227 978 2295 tum,
992 2221 1075 2301 quod
1086 2222 1185 2281 Moses
1198 2227 1229 2282 et
1242 2221 1323 2281 Elias
1337 2224 1545 2299 susceperant,
1557 2217 1667 2277 esuris-

99 2327 131 2369 οι
149 2310 241 2370 Maria
260 2314 348 2370 ortus
371 2316 437 2370 est:
454 2311 508 2389 qui
526 2328 634 2371 revera
651 2309 775 2389 genitus
793 2317 849 2383 est,
900 2319 956 2389 set,
971 2331 1100 2392 corpore
1114 2313 1229 2373 scilicet
1242 2329 1336 2373 suum
1348 2312 1531 2372 alimentum
1545 2309 1665 2369 deside-

98 2419 192 2462 reeera
215 2402 431 2474 manducavit,
461 2408 492 2462 et
517 2401 598 2462 bibit
627 2421 634 2461 ι
662 2400 719 2461 suh
738 2403 852 2462 Pontio
900 2411 990 2466 rante
1007 2425 1014 2465 :
1029 2402 1563 2483 nequeloannesipsiusdisoipulus
1577 2401 1666 2462 deco

98 2491 182 2553 Pilato
190 2510 297 2574 passus
311 2498 368 2566 est,
380 2492 553 2569 crucifixus,
566 2498 596 2554 et
605 2498 746 2554 mortuus
756 2499 848 2554 esta»
901 2499 1038 2558 scribens
1066 2497 1206 2571 dixissot3
1234 2496 1315 2558 lestis
1338 2502 1435 2557 ‹zatem
1462 2495 1611 2573 satipatus
1630 2511 1668 2553 ee

99 2585 176 2646 Hunc
187 2586 283 2647 etiam
293 2584 399 2645 locum
413 2585 583 2665 descripsit,
598 2583 809 2646 'theoderetus
818 2585 853 2645 in
903 2589 1007 2650 itinere
1018 2587 1142 2663 sedebat,
1158 2593 1215 2664 cte,
1231 2606 1334 2666 neque
1345 2589 1451 2648 Lazari
1462 2604 1553 2647 causa
1566 2584 1668 2663 iacry-

99 2674 205 2756 dialogo
216 2677 335 2757 primo.
902 2685 1017 2741 masset
1033 2701 1039 2738 :
1055 2697 1156 2757 nequa
1170 2680 1329 2758 sanguinis
1342 2685 1445 2757 guittas
1457 2696 1512 2755 per
1523 2676 1668 2737 sudorem

132 2770 164 2829 ίί.
184 2768 328 2830 lustinus
343 2772 463 2847 martyr
480 2768 601 2847 dialogo
620 2787 686 2829 cam
701 2767 854 2849 Tryphone
903 2772 1051 2832 emisisset
1080 2791 1087 2830 :
1116 2790 1217 2851 neque
1242 2772 1301 2832 hoc
1328 2771 1470 2843 dixisset,
1500 2768 1606 2829 l'ristia
1628 2776 1668 2828 est

57 2866 62 2879 '
99 2865 203 2940 ίνιρηιιας
214 2860 355 2920 hominis
375 2860 508 2939 propriae
528 2861 652 2940 plenam
676 2861 710 2920 in
733 2860 854 2920 Christo
903 2865 1004 2926 aalma
1022 2872 1118 2923 meat.
1143 2865 1213 2922 »Et
1235 2862 1314 2923 libro
1337 2863 1458 2941 quinto,
1481 2861 1578 2939 capito
1600 2877 1664 2922 xxi.

99 2950 181 3013 iidem
192 2952 278 3028 iacit,
290 2969 386 3031 quam
406 2957 437 3011 et
457 2951 603 3027 Verbum,
618 2958 650 3012 et
669 2951 726 3012 Dei
739 2950 852 3024 filium,
907 2956 1037 3017 «Diebus
1051 2955 1254 3034 quadraginta
1257 2954 1410 3033 jejunans,
1422 2954 1475 3029 ait,
1486 2952 1627 3012 similiter
1633 2955 1669 3010 ut

100 3060 129 3102 ac
140 3044 232 3104 Deum
245 3061 312 3104 esse
327 3042 569 3104 cumulatissime
582 3042 697 3104 ibidem
711 3043 853 3103 adstruit.
904 3050 1037 3127 Moyses,
1052 3053 1083 3108 et
1102 3047 1182 3107 Elias
1195 3051 1300 3125 postea
1323 3046 1439 3120 esuriit,
1461 3050 1497 3104 ut
1508 3042 1669 3104 hominem

102 3136 223 3208 «Natus,
244 3135 360 3214 inquit,
375 3135 439 3196 vim
458 3151 548 3195 suam
566 3133 713 3212 obtinuit,
726 3140 756 3194 et
770 3151 855 3195 oom-
904 3158 977 3201 eum
1003 3145 1170 3210 aestimet
1195 3139 1323 3200 firmum
1346 3137 1569 3215 intelligemus.
1593 3136 1668 3195 Pro-

99 3228 177 3288 nmni
188 3232 374 3288 caeterorum
393 3226 558 3287 hominum
578 3243 666 3287 more
679 3227 855 3287 ineremen·
903 3232 1008 3313 prium
1028 3232 1113 3291 enim
1126 3236 1172 3291 est
1185 3231 1321 3292 hominis
1330 3228 1499 3309 jejunantis
1514 3227 1665 3290 esurire.»

99 3318 854 3398 tamcnpiens,congruentibusrehususurpandis,
945 3324 1002 3384 ΙΙΙ,
1025 3323 1209 3403 Hippolytus
1235 3323 1414 3383 Parmensis
1437 3322 1471 3381 iu
1496 3320 1671 3401 expositione
1701 3328 1834 3384 ιιιρροιςιω
1911 3382 1913 3386 p

99 3410 689 3489 ⁵¹¹¹¹ffl0⁰iil¹¹9i11¹0tubsstffifflfilfibffii,
702 3410 856 3472 alimentis
905 3416 989 3478 Psal.
1014 3414 1133 3476 secandi
1156 3416 1239 3495 apud
1260 3415 1490 3476 'theodoretum
1507 3412 1670 3472 ambarum
1706 3380 1838 3426 mm*

98 3504 231 3564 omnibus
257 3500 444 3563 resecasti>
474 3502 511 3561 Et
534 3506 651 3581 postea,
676 3502 714 3563 de
741 3520 856 3580 angore
905 3513 1089 3567 nataararum
1118 3506 1311 3585 operationes
1342 3509 1483 3566 accurate
1510 3503 1668 3564 discernit.

97 3593 154 3667 ilio,
168 3601 197 3655 et
210 3594 368 3657 anxietate
386 3594 500 3655 Christi
514 3611 609 3672 agens
625 3614 632 3655 ι
649 3611 744 3673 quam
757 3594 856 3673 pridie
910 3620 925 3657 ιι
945 3600 1024 3660 Nam
1049 3599 1209 3658 hominem
1238 3598 1364 3677 quidem
1388 3597 1484 3676 ipsias
1510 3594 1600 3656 tacite
1626 3599 1672 3655 est

98 3683 170 3747 illius
189 3687 263 3760 diei,
279 3704 343 3765 quo
359 3703 467 3764 passus
487 3691 544 3760 est,
565 3686 731 3761 sustinuit3
747 3685 806 3745 hoc
818 3703 855 3745 eo
908 3690 1090 3767 intelligere,
1107 3707 1177 3754 cum
1191 3690 1299 3764 esurit,
1314 3688 1455 3764 lassatur,
1471 3692 1502 3749 et
1514 3684 1671 3766 fatigatur,

99 3778 214 3840 consilio
227 3778 399 3858 suscepisse
411 3777 497 3853 dicit,
512 3783 573 3836 aut
584 3776 768 3851 ostenderat,
782 3793 855 3836 vere
905 3778 929 3839 si
935 3780 979 3857 tit,
989 3785 1019 3841 ot
1028 3784 1170 3841 metuens
1179 3778 1403 3858 fagit,ctorans
1410 3774 1603 3853 tristaturtp
1614 3780 1670 3838 otc.

129 3966 148 4006 a
172 3952 264 4007 ίοιικτ.
294 3949 459 4022 Γεγενηρὲνον
479 3947 576 4017 άληθῶς
597 3946 623 4001 ἔκ
649 3947 777 4020 παρθένου,
802 3953 855 4004 eie.
909 3949 975 4020 ρὲνιρ
999 3947 1032 4011 είς
1045 3948 1089 4016 τὴν
1110 3948 1216 4001 κοιλίαν·
1241 3950 1308 4010 ὅπως
1330 3946 1433 4019 εἴδωμεν
1453 3949 1491 4002 ὅτι
1505 3947 1519 4000 θ
1532 3945 1612 4018 πατὴρ
1632 3945 1675 3999 τὸν

102 4031 200 4101 ‘diffie
213 4033 255 4087 tut
274 4031 382 4086 Ποντίου
394 4031 515 4095 Πιλάτου,
530 4031 571 4084 καί
589 4029 708 4103 ’Πρώδου
723 4031 858 4103 τετράρχου
887 4040 890 4043 “
909 4027 995 4084 ἑαυτοῦ
1008 4031 1059 4084 υίδν
1073 4033 1114 4084 καί
1128 4030 1152 4084 ἐν
1161 4031 1281 4093 τοιούτοις
1289 4032 1388 4085 πάθεσιν
1399 4030 1496 4098 άληθῶς
1508 4030 1631 4102 γεγονέναι
1643 4028 1675 4082 δι’

98 4117 263 4188 καθηλωμένον
277 4115 337 4186 θττέρ
348 4115 419 4185 ἡμῶν
430 4112 454 4166 ἔν
469 4114 551 4185 σαρκί.
907 4111 972 4184 ἡμᾶς
986 4113 1128 4184 βτὸοάληται
1141 4113 1182 4167 καί
1198 4113 1230 4186 μὴ
1253 4114 1374 4186 λέγωμεν,
1396 4114 1434 4166 ta
1448 4110 1539 4174 ἐκεῖνος
1556 4115 1600 4164 τοῦ
1620 4112 1677 4164 θεοῦ

130 4199 145 4254 θ
162 4198 229 4254 tbid.
250 4197 321 4252 itera
334 4196 361 4250 at
372 4194 415 4264 τὴν
426 4195 557 4250 ἀνάστασιν
572 4196 703 4267 συνέφαγεν
714 4194 805 4267 αὺτοῖς,
820 4196 860 4249 καὶ
908 4196 957 4257 υίδς
970 4199 1016 4263 ὢν,
1031 4195 1075 4249 οῦκ
1086 4196 1281 4270 ἀντελοιρῦάνετο
1295 4200 1344 4250 τῶν
1358 4196 1503 4268 γινομένων,
1518 4195 1559 4247 καί
1573 4192 1676 4266 capiat·

100 4284 201 4337 συνίαιιν
216 4281 252 4343 ὣς
267 4279 391 4353 σαρκικδς,
405 4280 492 4350 καίπερ
505 4284 673 4350 πνευματικῶς
686 4279 810 4351 ἡνωμένος
823 4284 860 4351 τῷ
909 4280 1000 4333 υόντων
1015 4281 1091 4351 αὐτῷ.

99 4365 173 4437 sapt.
945 4380 965 4435 p
984 4364 1061 4418 lanu.
1071 4362 1119 4418 lib.
1136 4363 1182 4427 lll,
1192 4378 1253 4433 cap.
1263 4377 1337 4417 xxxa
1346 4360 1418 4432 apud
1429 4361 1566 4420 Theodor.
1578 4360 1675 4416 diahl.

130 4447 238 4504 aldem
253 4448 330 4504 citat,
353 4461 369 4500 a
394 4444 565 4501 Theodoreto
590 4442 655 4499 dial.
683 4443 702 4499 l.
723 4443 862 4515 Πωρώθητε
910 4444 940 4499 El
955 4445 1028 4517 μηδὲν
1051 4444 1143 4516 sibiipsa
1161 4445 1227 4517 παρὰ
1249 4449 1293 4512 τῆς
1314 4445 1421 4516 Μαρίας,
1444 4450 1499 4501 eto.
1523 4442 1582 4498 ὧδ’
1599 4443 1628 4496 ἄν
1643 4444 1677 4506 ὡς

101 4524 139 4582 οίιν
158 4531 216 4583 θταν
231 4531 307 4602 χωρὶς
325 4527 411 4595 Ἰησοῦ
430 4527 535 4598 Χριστοῦ
548 4526 606 4598 ίιρῗν
632 4526 698 4599 λαλῇ
712 4544 757 4588 τις,
777 4523 863 4579 τοῦέκ
910 4529 1090 4600 τεσσαράκοντα
1102 4528 1193 4601 ἡμέρας
1213 4528 1306 4599 ὁμοίως
1331 4529 1365 4590 ὡς
1386 4528 1505 4595 Μωῦοῆς,
1519 4528 1561 4580 καὶ
1587 4525 1678 4590 ’ίίλίας

100 4612 176 4683 γένους
189 4612 274 4675 aesta,
289 4614 334 4664 τοῦ
346 4607 485 4681 ίκθίαρίας,
498 4611 526 4669 ὃς
540 4607 636 4675 άληθῶς
650 4607 772 4679 ἐγεννήθη,
788 4607 862 4680 ἔφαγέ
911 4610 1041 4680 νηστεύσας
1052 4610 1170 4679 ἔπείνησε,
1188 4615 1231 4664 τοῦ
1246 4612 1362 4683 σώματος
1376 4609 1546 4678 ἐπιζητοῦντος
1559 4609 1602 4677 τὴν
1616 4608 1677 4663 ἰδίαν

98 4711 131 4756 τε,
153 4694 193 4748 καὶ
218 4694 282 4748 ἔπιεν
307 4692 412 4759 ἀληθῶς.
440 4691 545 4765 ἐδιώχθη
567 4688 606 4743 ἐπὶ
619 4690 724 4744 Ποντίου
743 4690 861 4754 Πιλάτου,
911 4695 1013 4766 τροφήν·
1030 4693 1080 4747 οὐδ’
1095 4696 1124 4746 ds
1142 4693 1289 4761 ’ίωάννηςθ
1310 4691 1415 4766 μαθητὴς
1436 4693 1510 4747 αὐτοῦ
1529 4693 1584 4764 περί
1605 4687 1679 4746 αὺτοῦ

102 4773 245 4849 ἐσταυρώθη,
258 4777 300 4830 καί
315 4774 427 4828 ἀπέθανε.
911 4777 1010 4848 γράρων
1021 4775 1119 4848 εἰρήκει.
1136 4776 1185 4830 ὁδὶ
1205 4777 1303 4845 Ἰησοῦς
1321 4777 1470 4838 κεκοπιακὼς
1484 4774 1510 4829 ἔκ
1524 4781 1567 4844 τῆς
1580 4776 1679 4829 diotae·

132 4858 152 4912 d
169 4860 297 4914 lrsrtuas
316 4856 382 4912 diat.
403 4856 449 4908 tta
473 4857 521 4928 γάρ
545 4856 664 4926 γεννηθεὶς
688 4855 790 4926 δύναμιν
818 4853 862 4921 τὴν
913 4859 965 4930 ρίας
979 4856 1113 4925 ἐκαθίζετο,
1128 4866 1181 4916 etc.
1197 4859 1255 4914 Οὐδ’
1266 4862 1294 4913 ἂν
1311 4859 1437 4931 ἐδάκρυσεν
1449 4859 1487 4914 ea
1500 4864 1543 4913 τοῦ
1557 4861 1677 4932 Λαζάρου·

102 4937 170 4993 είτοῦ
193 4941 266 5012 ἔσχε,
289 4938 330 4991 ml
353 4936 460 5000 αὗίάνινν
481 4936 592 5003 ΜΝ
613 4936 694 4990 κῡῑνὸν
710 4942 759 4989 τῶν
780 4937 864 4989 atos
913 4941 965 4995 οὐδ’
981 4945 1009 4994 ἂν
1023 4942 1113 5013 ἵδρωσε
1134 4944 1252 5014 θρόμθους
1271 4943 1382 5015 αἵματος·
1409 4941 1461 4997 οὐδ’
1480 4945 1508 4996 ἂν
1524 4940 1621 5014 εἰρήκει,
1642 4943 1681 5007 brt

101 5021 210 5076 ἇκάντων
225 5022 358 5095 ἀνθρώπων
382 5022 509 5094 χρώμενος
523 5021 574 5080 τοῖς
597 5018 754 5091 άρμθζουσιν,
776 5018 862 5091 ἑκάστη
912 5025 1044 5097 περίλυπός
1055 5024 1119 5078 ἐστιν
1133 5025 1223 5099 ὴψυχή
1239 5046 1297 5096 μου,

101 5102 191 5172 αὐξήσει
204 5105 235 5158 ab
248 5104 336 5159 οἰκεῖον
347 5101 662 5174 ἆπίνειμετρεφόμεννςτᾶς
675 5102 862 5172 πάσαετροφάς.
949 5107 968 5161 la
988 5109 1156 5163 llirroarrus
1178 5108 1252 5179 apud
1267 5108 1403 5165 Theodor.
1426 5107 1489 5164 diat.
1517 5108 1551 5163 ll.
1572 5107 1619 5161 liat
1637 5108 1679 5161 τὸν

131 5186 252 5243 eidem.
271 5188 360 5255 Δηλῶν
380 5185 421 5237 διά
447 5185 550 5249 τούτων,
574 5186 612 5238 ὅτι
641 5183 738 5253 άληθῶς
760 5184 864 5253 athath<
915 5190 957 5262 μὲν
972 5189 1103 5263 ὤνθρωπον
1119 5189 1193 5244 αὐτοῦ
1213 5188 1383 5253 aestimatori
1406 5193 1480 5254 νοεῖν,
1492 5192 1533 5244 aa
1545 5193 1625 5261 πεινᾷ,
1639 5191 1680 5242 καί

100 5268 224 5340 Μρωπος
237 5271 374 5342 γεγένηται·
913 5274 998 5337 sonaci,
1013 5275 1054 5326 καί
1063 5274 1161 5346 κάμνων
1173 5274 1240 5346 διψᾷ,
1250 5275 1291 5328 καί
1306 5275 1403 5329 δειλιῶν
1420 5273 1511 5347 petua,
1525 5273 1566 5325 καὶ
1577 5291 1679 5345 τροσευ·

135 5350 155 5424 Ῑ
169 5351 240 5408 thid.
263 5351 404 5424 Ἐντρόρου
417 5354 460 5418 τῆς
478 5349 578 5423 καρδίας
592 5351 718 5418 δηλονότι,
738 5349 812 5419 οῦσης
824 5351 865 5404 καί
914 5358 1019 5429 papiana
1031 5357 1152 5424 λυπεῖται,
1168 5363 1222 5413 etc.

101 5438 149 5486 τῶν
163 5433 355 5509 ὀστῦννθριοίως.
369 5433 409 5489 καί
420 5432 522 5495 ίοικυίας
534 5437 578 5503 τῆς
590 5434 691 5506 καρδίας
706 5439 774 5507 κηρῷ
791 5452 863 5503 τηκο·
