4104 6160
282 264 322 324 ts
794 256 1120 321 sammarthanis
1143 256 1362 319 munitula

281 425 492 506 multiplicari,
505 445 541 487 ae
553 427 659 488 dividi.
680 425 740 487 Ubi
757 426 840 504 quod
853 425 936 499 dicit,
959 430 1052 487 nutua
1102 421 1244 497 Gabrie13
1257 422 1312 502 qui
1322 421 1559 501 preptereaduo
1569 421 1722 498 homines,
1738 426 1793 481 aut
1803 420 1865 482 duo

281 536 350 579 ram
363 519 570 580 universalem
587 519 621 578 in
635 518 722 578 nulla
731 516 863 574 ὑποστάσει
881 517 997 578 babere
1017 522 1053 578 ut
1100 514 1211 593 Angeli
1229 520 1454 574 numerantur:
1479 531 1517 574 eo
1538 514 1622 593 quod
1635 513 1769 593 penitus,
1784 531 1820 573 aa
1833 530 1865 572 se

282 609 333 687 sit,
349 611 465 673 nonde
482 611 626 690 subiectis
648 607 816 671 individuis
838 610 1053 689 accipiendum
1101 606 1174 667 totis
1189 606 1336 681 distincti,
1351 606 1503 685 divisique
1515 607 1704 667 canuerunt:
1719 623 1777 666 nse
1787 605 1821 665 iu
1833 616 1866 665 se

282 708 327 762 est
345 711 502 773 νσσσσάσιος
519 720 635 764 nornen
649 722 656 763 :
672 703 726 764 sed
743 718 801 782 pro
820 720 895 762 vera
911 708 943 762 et
956 702 1053 762 solida
1102 699 1237 760 inrisam
1267 699 1430 772 immcant,
1454 712 1581 778 seseque
1607 698 1792 777 panadunt.
1825 697 1865 756 st

281 795 328 854 rei
341 796 493 856 exstantia
507 796 662 871 sumitur3
688 812 784 874 quam
802 812 866 854 non
888 793 982 855 habat
996 812 1051 856 naa
1101 790 1216 851 divinae
1229 804 1383 870 personat
1399 791 1442 851 ita
1458 789 1697 870 proprietatibus
1715 789 1779 849 suis
1795 804 1815 849 a
1832 804 1865 848 sa

182 894 187 905 '
281 890 352 947 tura
378 888 632 968 communisttyq
646 894 754 967 trappa
770 905 778 947 t
793 904 865 947 cum
887 886 1004 966 alioqui
1018 886 1053 946 ln
1101 887 1214 944 mutuo
1227 884 1461 958 discernuntur,
1477 888 1632 944 attamen
1645 883 1786 943 mandem
1802 896 1865 941 rrur

238 978 245 992 '
281 978 426 1057 subjectis
455 979 625 1040 individuis
659 979 794 1040 existat:
831 978 885 1039 sed
917 996 983 1039 non
1016 992 1054 1039 ca
1101 992 1189 1036 mero
1202 992 1403 1037 communem
1421 974 1559 1037 habeant
1574 976 1757 1037 osscnfiamt
1779 974 1866 1052 cujus

282 1071 414 1148 ratione,
449 1089 513 1150 qua
540 1075 587 1131 est
609 1077 679 1150 λόγῳ
702 1076 824 1151 seems,
849 1075 942 1150 atquo
971 1086 1054 1133 com·
1101 1068 1200 1146 gratia
1221 1069 1256 1127 in
1283 1085 1315 1128 sc
1337 1068 1472 1129 inucein
1498 1069 1618 1128 insunt
1637 1066 1717 1128 Vide
1739 1066 1866 1145 insnpu

281 1163 397 1224 munis.
432 1163 531 1243 Hujus
557 1181 631 1242 ergo
654 1162 765 1242 speciei
786 1180 822 1223 ao
845 1170 966 1225 natura
986 1163 1052 1223 dis·
1100 1158 1219 1219 librum
1243 1159 1286 1219 XI
1317 1158 1476 1236 Thesauri,
1491 1159 1700 1220 ubiaucurtta
1720 1157 1864 1233 declarat,

281 1254 390 1315 similis
425 1260 470 1315 est
498 1261 566 1316 tum
597 1258 711 1315 natura
742 1254 857 1332 divina,
886 1260 956 1314 tum
987 1252 1053 1333 ejus
1101 1251 1366 1330 quemadmodum
1400 1254 1514 1312 natura
1544 1251 1650 1312 divina
1678 1250 1801 1327 eadem,
1835 1253 1867 1310 at

281 1346 500 1407 communitas.
530 1348 610 1407 Nam
637 1350 669 1406 ct
701 1347 804 1407 existit
832 1345 934 1426 reipsa
959 1354 1053 1426 atqua
1101 1342 1266 1421 singularis
1283 1360 1356 1403 curn
1369 1358 1574 1423 personarum
1594 1342 1766 1405 differenda
1790 1352 1866 1403 oon·

280 1436 351 1498 ideo
373 1436 540 1517 singularis
567 1442 613 1498 est
638 1456 677 1498 es
700 1456 785 1512 sese3
801 1443 834 1498 et
854 1456 919 1499 una
932 1439 1053 1499 eadem-
1102 1434 1198 1496 sistat.

281 1547 342 1608 que
374 1547 518 1606 numero,
552 1548 587 1590 ac
619 1529 794 1607 singularis,
836 1530 1051 1607 nihilominus,
1141 1525 1866 1609 VIlItAtquautt-eota,etambageomuisub·

281 1622 513 1684 communicata
545 1622 658 1697 trihus,
682 1621 818 1682 subsistit
838 1621 871 1682 in
898 1622 1051 1701 siugulis:
1101 1624 1206 1693 muts,
1242 1621 1400 1700 Anonymi
1434 1638 1633 1683 occurramus
1662 1626 1864 1701 argumento,

281 1719 313 1774 et
333 1720 380 1774 est
407 1713 535 1776 indictae
560 1712 728 1787 indivisis,
751 1718 891 1775 utreete
917 1715 1054 1775 loannes
1102 1726 1253 1789 negamus
1266 1729 1352 1772 exeo
1366 1713 1464 1791 sequi,
1479 1720 1760 1789 όποσσσσσνοσοοοπσ,
1775 1708 1866 1774 etlam
1891 1716 2032 1775 symm

281 1806 488 1867 Damasoanus
519 1805 654 1866 affirmat
672 1815 698 1865 ⁶.
725 1805 803 1866 Vide
824 1806 964 1885 Gregorii
991 1808 1052 1867 Na·
1102 1802 1253 1877 divinam,
1285 1804 1443 1884 propriam
1465 1805 1596 1881 habere,
1620 1805 1868 1889 singularemque

282 1896 417 1957 zianrani
449 1898 597 1959 discmam
630 1898 669 1958 de
703 1897 808 1974 unica,
840 1902 871 1958 et
905 1898 1054 1976 singulari
1102 1900 1265 1969 naturam,
1287 1912 1382 1975 quam
1409 1912 1475 1958 uon
1498 1898 1867 1978 habetaliahypostasls‚

282 1988 338 2049 Dei
377 1994 489 2050 natura
529 1988 770 2069 professionem,
807 1989 980 2067 cujusmodi
1013 1990 1053 2052 ab
1102 1987 1186 2067 quod
1199 1984 1868 2067 Cyrtiituotstssunlverssdetiultuaturam

281 2081 441 2142 Athanasii
453 2081 601 2143 traditam
621 2081 773 2161 approbet
787 2080 821 2141 in
834 2082 974 2143 oratione
988 2098 1049 2144 aar.
1102 2092 1304 2140 communem
1323 2079 1485 2159 pluribus;
1500 2074 1692 2161 hypostasim
1704 2092 1790 2157 tero,
1805 2081 1867 2143 eln-

321 2172 488 2235 Visalta
502 2180 549 2235 est
561 2174 697 2253 cyrillus
711 2172 763 2235 ille
772 2173 848 2254 ipse,
861 2190 956 2254 quem
969 2176 1052 2236 Ano·
1103 2169 1211 2245 guare
1239 2170 1371 2250 aliquid,
1404 2177 1436 2232 et
1468 2171 1667 2235 individuum
1689 2174 1747 2235 sub
1770 2170 1868 2253 specie

283 2281 399 2344 nymus
431 2264 559 2326 infamia
590 2265 728 2344 sacrilegi
763 2264 878 2327 erroris
912 2267 1051 2345 aspersit.
1104 2261 1374 2342 comprehensum.
1408 2264 1549 2325 Primum
1582 2265 1666 2327 enlm
1699 2276 1765 2326 hau
1794 2265 1870 2327 dicit

283 2355 385 2434 Hujus
409 2372 483 2417 raro
507 2375 572 2417 non
594 2372 692 2435 paura
705 2360 828 2418 exstant
843 2357 955 2418 diserta
969 2359 1052 2427 satis,
1104 2352 1240 2433 Gyrillus
1270 2354 1341 2431 iilo,
1375 2370 1470 2435 quent
1499 2357 1572 2418 citat
1585 2361 1779 2438 anonymus.
1803 2357 1869 2418 looo

286 2464 493 2527 expressaque
504 2449 693 2525 testimonia,
709 2466 779 2529 quas
794 2449 932 2510 alienum
945 2450 984 2510 ab
998 2450 1055 2511 lsta
1103 2451 1236 2507 ὑπόστασιν
1251 2462 1316 2508 csse
1332 2455 1472 2509 natarum
1485 2448 1675 2530 singularem,
1692 2449 1756 2511 sive
1769 2449 1870 2529 potius

283 2537 458 2616 suspicione
475 2537 568 2598 fuisse
589 2537 746 2598 declarant
767 2538 1010 2615 sanctissimum,
1025 2544 1056 2601 et
1104 2543 1200 2612 σσσνσν,
1217 2536 1292 2619 (non
1306 2539 1390 2600 enirn
1403 2546 1535 2614 naturas,
1555 2542 1609 2602 sad
1622 2548 1706 2611 σόσόσσ
1721 2541 1869 2602 vocabulo

284 2628 1056 2710 eruditissimumvirum.Enquibusaliqueprolata
1104 2628 1149 2689 ibi
1170 2630 1279 2711 utitur)
1302 2649 1413 2692 verum
1435 2638 1521 2695 asro
1539 2633 1678 2694 absolute
1700 2632 1744 2694 ait
1760 2651 1825 2694 esse
1838 2624 1871 2693 ld

285 2724 358 2780 sunt
381 2720 511 2782 anobis
533 2722 566 2782 in
590 2726 701 2802 quarto
725 2720 806 2782 libro
833 2721 869 2783 de
897 2720 1054 2799 Trinitate,
1105 2722 1189 2799 quod
1203 2736 1368 2784 commune
1383 2728 1444 2796 est,
1460 2729 1491 2784 et
1504 2724 1676 2785 definitioni
1688 2725 1868 2803 subjicitur:

286 2813 384 2890 capite
399 2830 473 2873 ntus
486 2813 576 2874 Nunc
610 2832 674 2874 uno
702 2814 840 2875 contenti
860 2813 986 2889 crimus,
1002 2816 1056 2893 qui
1104 2810 1297 2892 hypostasim
1310 2833 1396 2890 vero,
1416 2816 1584 2894 singulare,
1604 2812 1636 2877 sl
1657 2817 1713 2876 uni
1729 2816 1868 2876 affixum.

286 2920 413 2966 omnem
434 2904 660 2968 dubitationem
681 2906 799 2980 eximit,
816 2922 855 2967 aa
877 2904 1001 2985 dialogo
1020 2905 1056 2968 de
1106 2905 1171 2965 Hoc
1183 2910 1288 2966 autem
1300 2912 1384 2967 recta
1400 2907 1594 2987 intelligitur,
1619 2907 1646 2968 si
1666 2912 1777 2968 natura
1789 2918 1872 2987 qute-

115 3017 168 3063 ram
184 2994 272 3072 crsrrr'
290 2994 452 3071 Trs'nt'tate,
487 2998 542 3058 uhi
576 2998 619 3058 sic
647 2998 787 3060 scribit:
828 2998 1056 3076 «iutelligitur
1105 2997 1188 3075 piam
1209 2997 1384 3074 singularis,
1398 2999 1870 3079 certispropristatibusafiecta,

73 3137 76 3141 .
132 3069 241 3178 ffinyssy
287 3087 372 3148 enlm
405 3090 496 3162 Deus,
526 3089 638 3167 inquit,
664 3094 696 3149 et
722 3090 811 3150 Pater
839 3090 974 3151 existens
1000 3106 1056 3170 per
1105 3088 1369 3168 determinataque
1383 3090 1595 3170 sit3quamvis
1618 3104 1749 3152 numero
1764 3090 1871 3152 audem

115 3175 250 3276 'ffifflffi
287 3188 352 3240 sese
389 3200 396 3241 :
432 3181 486 3242 sed
506 3187 537 3242 et
569 3181 668 3241 Filius
681 3198 737 3260 per
763 3196 813 3257 ss,
848 3182 1056 3261 privatimque
1105 3178 1172 3239 aliis
1184 3180 1423 3259 proprietatibus
1434 3182 1520 3242 velut
1531 3180 1871 3271 modificataaliaron-

287 3271 434 3332 subsistit,
458 3273 576 3333 Verum
602 3273 658 3333 etsi
683 3272 843 3352 propriam
865 3274 1056 3352 hypostasim
1106 3271 1212 3331 sanat
1229 3271 1401 3347 individua,
1416 3272 1480 3334 sire
1493 3274 1674 3354 hypostases
1687 3273 1772 3336 aliast
1793 3274 1872 3335 Nam

287 3367 418 3444 uterque
434 3364 588 3425 diversam
610 3363 744 3440 haheat3
770 3384 833 3425 non
848 3368 954 3426 tamen
969 3366 1057 3445 peni·
1106 3362 1183 3422 illud
1197 3381 1297 3424 unum
1319 3364 1493 3444 hypostasis
1513 3368 1591 3426 ratlo
1614 3367 1758 3446 postulat,
1780 3371 1816 3426 ut
1834 3378 1872 3427 eit

286 3459 348 3532 tus,
384 3461 415 3517 et
437 3475 476 3517 ex
499 3462 565 3518 toto
593 3456 696 3517 divelli
723 3472 755 3517 se
781 3458 820 3517 ab
843 3456 903 3518 allo
927 3457 1054 3536 patitur.
1106 3457 1265 3516 communi
1279 3461 1310 3516 ot
1328 3456 1455 3536 proprio
1476 3458 1645 3535 coalescat;
1671 3466 1872 3539 quacumque

287 3548 357 3607 Non
372 3549 456 3610 enim
468 3549 605 3628 disjungi
614 3551 839 3629 potestaPatre
854 3550 1057 3625 Filius3sicut
1105 3548 1232 3609 undem
1257 3549 1295 3608 sit
1319 3548 1372 3608 illa
1392 3550 1625 3612 communitatis
1637 3552 1727 3625 ratio,
1743 3551 1802 3612 hoc
1827 3556 1873 3612 est

286 3640 422 3716 Angelus
436 3639 474 3700 ab
484 3641 603 3719 Augalo
620 3660 627 3699 ε
644 3641 708 3700 sive
721 3641 804 3699 utin
815 3645 1054 3719 nostrogenere,
1106 3639 1170 3700 sive
1184 3641 1217 3700 ln
1232 3644 1343 3700 nauare
1352 3654 1408 3716 per
1421 3658 1454 3701 se
1467 3641 1639 3719 individua,
1652 3648 1683 3703 et
1693 3658 1872 3704 revertunt

286 3729 336 3790 hic
349 3730 389 3791 ab
411 3730 481 3807 ista,
510 3737 593 3792 totus
615 3736 712 3791 atoto
731 3730 858 3792 fortasse
879 3732 1054 3794 dirimetur.
1105 3732 1294 3811 reperiaturt
1310 3732 1374 3792 sive
1397 3732 1430 3792 in
1452 3748 1499 3809 ea,
1519 3748 1589 3814 quae
1604 3740 1871 3813 uenerantes,

288 3820 349 3881 acu
362 3838 419 3883 nae
431 3822 470 3882 ad
480 3822 655 3883 absolutam
672 3821 856 3884 divisionem
873 3822 1055 3885 differentias
1105 3824 1158 3883 sed
1185 3824 1304 3885 ratione
1326 3824 1489 3898 duntaxat,
1517 3830 1548 3887 et
1562 3825 1777 3905 intelligentias
1793 3827 1871 3903 imo,

287 3913 546 3993 rutioperveniet,
562 3914 606 3975 ita
623 3920 659 3974 ut
670 3916 799 3976 seorsim
818 3915 910 3995 plane
933 3920 1055 3976 utrum·
1105 3918 1141 3974 ut
1162 3915 1255 3994 paulo
1282 3915 1400 3995 aliquid
1427 3912 1600 3979 mirabilius
1630 3918 1750 3994 dicam
1774 3918 1872 3997 tnagis

286 4018 347 4084 que
365 4005 554 4067 constituat:
576 4005 691 4086 alioqui
714 4007 776 4067 duo
796 4013 898 4069 essent
913 4007 977 4083 ‹iii;
1003 4008 1056 4069 sed
1105 4006 1277 4083 individua,
1292 4014 1324 4068 et
1350 4009 1515 4087 singularis
1541 4016 1587 4070 est
1612 4008 1785 4090 hypostasis
1805 4010 1869 4088 ills,

286 4113 360 4157 curn
372 4112 446 4174 una,
457 4099 581 4178 solaque
591 4098 642 4174 sit,
649 4104 681 4158 et
689 4098 881 4177 intelligatur
890 4099 1052 4175 divinitas3
1106 4114 1176 4177 quse
1189 4116 1227 4161 ax
1251 4100 1492 4179 otstqsingularl,
1514 4107 1546 4162 et
1564 4103 1750 4182 proprietate
1763 4101 1871 4164 itidem

286 4188 454 4264 virentem,
476 4195 507 4250 et
526 4190 742 4252 subsistentem
775 4191 1056 4271 contemplabimur
1105 4191 1255 4268 singulari
1281 4196 1411 4268 mussat,
1436 4202 1530 4272 quatu
1554 4208 1624 4272 quoe
1638 4206 1677 4253 ex
1696 4198 1767 4273 stela
1791 4206 1873 4254 eom-

286 4278 321 4339 in
344 4281 433 4341 Patre
447 4281 570 4356 Filium,
587 4290 619 4343 et
640 4281 708 4343 rice
730 4294 828 4358 tersa,
856 4283 889 4343 iu
908 4282 1055 4344 FilioPa·
1105 4283 1207 4359 tnuni,
1223 4287 1255 4344 et
1270 4283 1419 4358 singulari
1432 4284 1583 4344 duntaxat
1593 4284 1780 4364 proprietate
1797 4294 1871 4345 oon·

286 4375 368 4433 tram
382 4370 435 4433 l.»
1105 4375 1209 4435 fletur.
1226 4376 1374 4448 Quocirca
1396 4374 1608 4455 multiplicatus
1634 4366 1811 4452 individuis,
1841 4381 1873 4437 et

328 4464 408 4526 Hinc
431 4470 571 4544 apparet,
602 4482 667 4525 non
691 4464 879 4527 existimasse
906 4465 1056 4545 Cytillum
1105 4467 1282 4546 suppositis,
1295 4484 1358 4528 non
1369 4473 1415 4528 est
1428 4478 1550 4529 neeesse
1563 4473 1690 4528 flaturas
1698 4466 1780 4546 ipsas
1793 4468 1872 4529 ntid-

291 4551 413 4616 Patrem
432 4561 463 4617 at
488 4555 602 4617 Filium
622 4561 749 4618 naturas
766 4557 881 4619 babere
895 4554 1053 4636 singulas:
1105 4558 1249 4638 tiplican',
1267 4559 1432 4639 pluresque
1445 4568 1577 4620 numero
1591 4558 1679 4635 fierit
1693 4559 1747 4620 sed
1763 4559 1872 4621 sedem

287 4644 366 4708 sicut
390 4647 532 4710 Socrates
556 4655 587 4711 et
615 4649 748 4711 Paulus:
783 4647 833 4710 vel
866 4649 999 4712 Michael
1025 4654 1057 4712 at
1104 4650 1198 4711 variis
1220 4651 1330 4730 subjici
1355 4657 1456 4732 potest
1486 4651 1654 4714 individuis
1681 4650 1774 4730 nobs,
1800 4658 1872 4733 qua

323 4898 344 4941 tt
362 4886 477 4942 Dtnlsu.
492 4884 571 4949 ΗΜ,
586 4901 637 4957 cap
658 4902 687 4941 ιν.
705 4884 846 4959 Ἀμόριστσς
858 4884 906 4960 γὰρ
920 4885 944 4941 lt
956 4904 1055 4961 ptyatpt·
1104 4888 1144 4942 sal
1166 4887 1191 4943 lt
1205 4892 1258 4952 soit
1278 4887 1333 4943 καθ’
1355 4888 1431 4962 ἡμᾶς,
1454 4890 1555 4944 dicite
1567 4893 1612 4944 sot
1636 4890 1726 4955 tritos,
1739 4889 1799 4953 ὅλον
1811 4888 1871 4944 ὅλου

288 4969 395 5040 epitola,
406 4967 428 5022 st
436 4971 477 5022 stt
487 4970 614 5040 συντόμως
626 4968 711 5034 alatis,
722 4969 739 5038 ἡ
752 4970 845 5039 όσότης.
1104 4971 1221 5040 irradia
1231 4973 1315 5046 τυχόν,
1333 4971 1388 5027 οὔτε
1403 4973 1450 5045 μὴν
1461 4974 1502 5026 καὶ
1518 4971 1625 5046 διαμπὰξ
1638 4971 1720 5028 &drot
1733 4975 1776 5041 rit
1786 4975 1871 5044 trapo-

324 5052 470 5108 thttttt.
491 5051 595 5106 Noti'rtu
619 5050 663 5123 plu
686 5051 734 5124 γὰρ
756 5052 771 5107 ὁ
793 5054 856 5118 θεὸς,
870 5053 911 5107 set
924 5053 1005 5125 πατὴρ
1031 5052 1056 5107 όν
1105 5058 1148 5128 ρᾶς
1161 5055 1176 5109 ό
1189 5056 1274 5128 λόγος,
1298 5054 1346 5108 ἀνὰ
1360 5058 1433 5129 μόρος
1451 5056 1592 5129 όλστρόννως
1620 5055 1733 5130 ἑκάτερον
1755 5056 1833 5120 tcta
1854 5057 1871 5124 ἢ

248 5208 252 5213 ἢ
287 5133 432 5208 [suspicari]
450 5135 502 5188 καθ’
522 5133 617 5198 ἑαυτόν,
642 5134 761 5202 ὑπέστησε
779 5131 997 5199 trasmittas
1012 5135 1058 5191 ἰδι-
1104 5136 1192 5210 γὺρᾶν
1207 5133 1428 5193 alttssidtoiltol.
1443 5143 1499 5211 μιᾶς
1512 5137 1539 5192 tt
1554 5139 1596 5193 sal
1611 5139 1816 5212 μόνηςοῦηστν,
1829 5139 1871 5192 sal

287 5224 346 5281 κῶς,
358 5216 415 5271 ἀλλ’
429 5216 499 5271 εἶκαὶ
515 5216 576 5270 ἰδίαν
592 5216 725 5271 ὑπόστασιν
737 5216 849 5289 ἑκάτερος
863 5218 1003 5292 increpato,
1012 5221 1055 5274 τόν
1104 5222 1237 5292 νοουμένης
1246 5221 1367 5289 θεότητος,
1389 5223 1481 5289 ζῶντα,
1493 5222 1533 5275 sal
1546 5222 1699 5294 όφεστηκότα
1711 5223 1871 5294 καταθρήσαι-

287 5304 346 5372 γοῦν
356 5298 458 5354 εἰσάνταν
473 5299 600 5372 διορισμόν
612 5298 641 5352 oi
654 5300 791 5372 προσίεται·
806 5300 862 5355 atat
875 5300 922 5374 γὰρ
941 5304 1057 5376 ἃνδιορό·
1106 5321 1149 5374 μεν
1163 5305 1192 5356 ar
1207 5301 1231 5355 ἐν
1245 5304 1319 5376 πατρὶ
1336 5304 1378 5358 τόν
1391 5304 1454 5375 υἱόν,
1468 5305 1510 5358 sal
1526 5304 1575 5377 phi
1586 5306 1627 5360 aul
1639 5305 1670 5362 th
1687 5305 1804 5378 ipatius,
1815 5314 1871 5359 'too-

288 5384 356 5444 ζσιτο
365 5384 410 5438 τοῦ
419 5384 511 5455 πατρὸς
523 5384 538 5437 ό
549 5382 610 5450 υἱός,
620 5383 704 5455 ὥσπερ
713 5383 816 5456 ἅγγελος
829 5382 944 5455 ἀγγέλου,
953 5385 994 5439 καὶ
1008 5385 1056 5457 μὴν
1104 5386 1234 5441 staturati
1248 5384 1272 5440 tv
1286 5385 1333 5458 υἱῷ
1342 5386 1385 5442 τόν
1398 5388 1501 5460 antipa.

572 5520 596 5573 'l
