3936 6152
830 321 1155 389 rusoeootcoltult
1182 323 1400 390 occultunt

331 324 390 385 428
446 409 452 422 .

332 491 534 570 argumentis,
549 509 619 570 qum
638 510 676 553 ex
699 491 875 570 Fulgentio,
890 507 985 570 quem
1004 488 1097 550 etiam
1149 489 1223 564 Quas
1238 509 1310 553 cum
1323 493 1471 555 latissime
1485 493 1545 555 illic
1558 488 1730 572 exposits’,
1747 489 1891 568 disputata·

332 583 517 644 nomiuatim
530 583 581 644 ille
595 584 714 659 laudat,
729 603 822 664 supra
843 583 945 644 retuli.
960 583 1034 650 llaee
1046 599 1097 642 ea·
1148 601 1209 662 que
1227 584 1300 661 sint,
1327 604 1366 647 ex
1387 588 1587 666 antiquorum
1609 584 1834 662 theologorum,
1849 599 1892 642 nee

333 675 414 749 dem,
428 693 485 736 nee
499 674 1099 757 diversispleraqueverbisapudMagis·
1149 691 1212 736 non
1240 679 1457 755 recentiorum,
1483 677 1698 758 imprimisque
1728 675 1762 736 S.
1786 674 1893 734 Thomu

331 772 417 827 trum
446 767 675 828 Sententiarum
707 766 885 847 leguntur¹
911 787 918 828 ε
945 765 990 843 [ut
1022 765 1098 826 alibi
1148 769 1310 841 sententia,
1326 771 1399 832 nolo
1413 770 1464 832 hie
1486 770 1519 831 in
1540 770 1650 830 iisdem
1663 764 1856 841 inculcanda,
1867 784 1894 826 ac

327 854 445 940 ‘passim
459 862 537 922 alter
550 879 588 922 ex
601 861 698 922 altero
717 861 868 941 descripta
880 859 975 920 verba
995 858 1097 919 reddi·
1147 862 1322 938 repetendis
1335 867 1458 942 ternpus
1471 868 1642 924 conterere.

332 950 1099 1032 dit.)EtsnimamChristiasseritcpersapientiam
1189 951 1257 1013 Vll.
1281 953 1352 1027 Quae
1379 962 1484 1016 autem
1512 954 1552 1014 ab
1577 952 1750 1033 Fulgentio,
1774 949 1894 1028 alimus,

332 1045 392 1105 sibi
412 1045 506 1124 gretie
517 1045 621 1105 datam
634 1045 666 1106 in
677 1046 778 1107 Verbo
794 1045 858 1117 Dei,
869 1045 919 1105 cui
932 1043 1021 1103 unita
1034 1046 1096 1116 ost3
1148 1060 1225 1121 quos
1239 1061 1330 1122 supra
1345 1047 1596 1121 commemoravi,
1609 1048 1807 1125 opponuntur
1818 1059 1895 1119 argu·
1916 1029 1934 1061 Ν

332 1137 415 1197 unde
432 1137 525 1197 etium
544 1136 678 1216 perfecte
696 1136 859 1214 intelligit3
884 1134 989 1196 omnia
1010 1135 1097 1208 scire,
1148 1140 1263 1209 menta,
1280 1154 1315 1197 ca
1334 1137 1422 1198 facile
1444 1136 1665 1211 dissolvuntur,
1685 1137 1724 1197 iis
1744 1133 1895 1215 prasertim
1910 1125 1943 1212 ’ζῇ

333 1247 403 1308 qnae
417 1229 500 1289 Deus
523 1230 596 1304 seit3
620 1229 673 1290 sed
696 1247 761 1290 non
785 1229 892 1289 ornnia
911 1245 1010 1307 posse,
1030 1244 1100 1306 qum
1148 1228 1288 1304 cognitio,
1306 1238 1337 1290 et
1362 1230 1485 1303 notatis,
1501 1248 1571 1310 qum
1593 1231 1626 1290 in
1652 1228 1733 1290 libro
1759 1224 1895 1305 superiore

332 1325 433 1400 potest
446 1323 528 1383 Deus
544 1341 551 1381 ε
567 1323 675 1383 necita
690 1322 812 1382 clareat
825 1319 1100 1400 perspieueomnia
1149 1318 1295 1380 adiremus
1315 1321 1492 1400 Uhiquistes
1516 1322 1667 1401 explicata
1689 1326 1773 1381 stant.
1793 1316 1895 1378 Etenim

333 1431 453 1491 capere,
469 1421 504 1474 ut
527 1415 607 1474 Deus
623 1433 631 1475 :
648 1418 678 1475 et
697 1415 766 1475 ideo
787 1432 851 1474 non
867 1417 1007 1491 sequetur
1019 1430 1101 1472 erea—
1148 1413 1339 1491 precipuum
1350 1414 1428 1475 illud
1448 1420 1505 1490 est,
1520 1415 1604 1494 quod
1625 1432 1664 1476 ex
1676 1411 1839 1474 arctissima
1849 1427 1895 1469 na·

334 1505 391 1564 tori
407 1523 463 1565 suo
477 1505 509 1565 in
522 1506 659 1581 scientia,
682 1506 737 1568 etsi
753 1505 860 1566 omnia
886 1505 972 1581 sciat,
986 1521 1056 1583 quae
1070 1508 1102 1564 et
1150 1508 1228 1564 turae
1241 1504 1387 1566 humanm
1396 1524 1467 1567 cum
1479 1507 1583 1569 Verbo
1597 1505 1813 1584 conjunctione
1824 1501 1896 1562 duri·

332 1595 397 1675 ipsc
414 1617 421 1657 ι
437 1615 495 1658 nec
509 1598 787 1678 cstejussapientia
801 1597 929 1676 aeqrralis
940 1594 1099 1675 sapientia
1148 1600 1201 1654 tur
1210 1615 1218 1669 ;
1232 1614 1295 1675 qua
1307 1597 1343 1657 fit
1363 1604 1398 1658 ut
1410 1603 1479 1658 tum
1501 1598 1646 1659 divinitas
1668 1598 1747 1677 ipsa,
1762 1602 1824 1657 tum
1841 1594 1896 1671 ejus

333 1688 399 1763 Dei,
409 1689 482 1767 quia
495 1689 548 1749 illa
561 1691 660 1751 multo
674 1696 720 1751 est
733 1690 867 1769 dignior,
876 1688 1060 1767 digniusque
1071 1690 1101 1747 et
1149 1688 1350 1766 proprietates
1357 1688 1895 1751 omnesilliintimecommunieentur.

333 1781 496 1858 perfectius
520 1783 627 1843 omnia
650 1781 732 1862 capit
759 1799 854 1860 quam
882 1780 965 1840 illius
989 1780 1101 1840 animae
1152 1778 1266 1840 Verum
1280 1800 1345 1842 non
1358 1801 1395 1843 eo
1410 1783 1514 1855 modo,
1532 1801 1593 1862 quo
1607 1782 1761 1844 divinitati
1773 1780 1827 1858 ipsi
1837 1795 1895 1839 corr·

332 1873 492 1951 sopientio.
509 1894 524 1931 a
543 1876 641 1949 Igitur
655 1874 803 1954 qnoniam
818 1872 919 1933 Verbo
934 1879 964 1933 el
978 1871 1100 1951 sapien·
1150 1871 1290 1942 veniunt‚
1320 1891 1416 1953 quam
1440 1874 1582 1934 videlicet
1607 1873 1739 1935 interius
1768 1870 1889 1932 afficiunt

332 1964 380 2025 tire
394 1965 558 2043 conjuncta
573 1972 620 2027 est
627 1967 733 2027 anima
747 1965 868 2041 Christi,
886 1964 999 2025 idcirco
1011 1964 1101 2043 plene
1151 1960 1216 2022 imo
1233 1964 1315 2025 idem
1339 1966 1467 2026 omnino
1492 1974 1567 2027 sunt
1579 1984 1650 2027 eum
1663 1965 1729 2044 ipsa
1745 1960 1896 2024 :tamenin

333 2057 436 2117 omnia
456 2059 547 2120 scisse
561 2058 647 2119 illam
661 2043 834 2133 existi'mat3
851 2075 908 2118 nec
921 2057 959 2117 ad
974 2073 1099 2116 mensu-

191 3275 289 3327 Quarum

205 3337 277 3371 rorum

191 3381 291 3424 notitiam

185 3434 286 3480 hahuerit

204 3488 279 3531 aalma

195 3542 285 3588 curtat.

333 2166 400 2209 ram
416 2152 676 2212 communicatam
689 2151 834 2211 hahuisse
853 2148 1046 2229 sapientiam,
1062 2167 1101 2209 ex

333 2259 396 2320 quo
409 2240 443 2302 in
449 2261 589 2321 personae
600 2244 713 2304 divinae
719 2243 868 2302 unitatem
876 2247 922 2302 est
931 2247 1098 2320 assumpta:

333 2333 418 2412 quod
431 2334 514 2395 idern
530 2336 568 2396 de
587 2334 813 2414 omnipotentia
842 2334 984 2413 usurpari
1005 2340 1100 2395 vetat.

334 2426 374 2486 At
386 2425 467 2487 hane
481 2426 575 2488 etiam
599 2426 719 2487 Christo
739 2425 857 2486 homini
878 2424 988 2486 tribuit
1005 2426 1101 2486 Euse-

334 2517 405 2577 bius
416 2518 479 2594 ille,
495 2521 548 2598 qui
564 2520 601 2579 de
616 2525 717 2580 morte
732 2516 916 2597 Hieronymi
927 2518 1103 2579 fabulosum

334 2612 593 2672 commentarium
608 2611 727 2690 scripsit
740 2610 776 2670 ad
793 2611 960 2670 Damasum
974 2611 1101 2689 Papam.

338 2722 354 2759 a
370 2703 406 2763 ln
421 2708 462 2777 tc,
476 2701 611 2782 inquit¹,
626 2700 941 2782 fuiteorporaliter,et
951 2704 1104 2762 estomnis

335 2793 496 2872 plenitudo
523 2795 641 2872 gratiae.
670 2795 739 2855 Non
767 2793 851 2853 enim
874 2793 944 2853 data
967 2793 1026 2854 luit
1047 2793 1104 2853 tihi

334 2886 434 2964 gratia
448 2886 488 2947 ed
500 2904 690 2948 mensuram.
704 2888 770 2945 Tua
784 2884 868 2946 enim
882 2884 986 2946 anima
1000 2886 1104 2947 statim

336 2996 407 3038 cum
422 2978 509 3039 unita
522 2977 770 3058 inseparabiliter
784 2977 844 3037 fuit
860 2978 1024 3054 divinitati,
1039 2997 1104 3039 om-

336 3069 388 3129 nia
399 3069 532 3148 perdocte
544 3071 643 3147 scivIt,
657 3075 689 3132 et
702 3069 812 3150 potuit,
830 3087 900 3148 qum
913 3071 976 3149 ipso
991 3071 1056 3138 scit,
1073 3076 1104 3131 et

336 3168 437 3242 potest
455 3162 610 3223 diuinitas.
629 3185 641 3220 ι

376 3254 430 3316 VI.
439 3255 553 3315 Omnes
565 3254 706 3334 illi,quos
719 3254 895 3315 inmedium
903 3255 1100 3332 adduximus,

336 3345 370 3406 in
384 3363 421 3406 eo
434 3347 632 3422 conveniunt,
641 3351 678 3407 ut
688 3347 719 3407 in
730 3347 840 3407 Christi
852 3346 956 3407 anima
965 3347 1102 3427 plenem,

337 3444 368 3498 et
381 3440 546 3519 perfectum
559 3456 666 3501 rerum
685 3440 826 3500 omnium
849 3440 993 3501 notitiam
1012 3439 1103 3502 fuisse

336 3531 472 3592 sentiant
489 3552 496 3593 :
515 3532 670 3607 omnium,
692 3532 833 3611 inquam,
857 3538 984 3611 excepta
1004 3531 1101 3605 nulla,

335 3628 401 3684 tarn
421 3643 491 3703 quae
513 3624 588 3684 olim
612 3625 804 3698 exstiterunt,
828 3628 883 3684 aaut
906 3624 1000 3684 modo
1019 3629 1102 3699 sunt,

337 3721 391 3775 aut
404 3715 436 3776 iu
446 3733 572 3777 omnem
586 3716 791 3776 aeternitatem
809 3716 922 3777 laturre
934 3720 1023 3777 sunt:
1037 3721 1104 3777 turn

337 3825 404 3886 qum
418 3813 546 3887 possunt
560 3826 636 3882 esse,
653 3807 706 3868 sed
716 3826 881 3889 nunquam
893 3814 1006 3884 erant3
1027 3828 1105 3888 quas

334 3898 484 3981 possibiles
514 3897 625 3961 selrolae
653 3912 847 3979 nuncupant.
875 3900 993 3961 Harum
1018 3900 1103 3962 enim

337 3990 457 4053 nubam
471 3992 593 4071 penitus
607 3992 777 4053 excludunt
790 3992 927 4053 rationes
941 3990 1014 4069 illae,
1030 4011 1106 4071 quas

339 4083 520 4162 Fulgentius
534 4083 669 4145 adhibet.
687 4086 843 4146 Craterum
857 4084 880 4144 si
896 4083 930 4144 in
943 4083 1000 4145 hac
1010 4103 1107 4163 quaes-

339 4176 422 4237 tione
436 4176 512 4255 quid
525 4177 565 4236 sit
575 4175 694 4237 veritati
709 4177 843 4236 maxime
864 4182 1106 4238 consentaneum

338 4268 473 4349 petitur3
489 4268 552 4328 dixi
562 4268 630 4348 jam
644 4267 674 4328 in
689 4268 820 4347 septimo
832 4266 914 4329 libro
927 4267 962 4328 de
976 4267 1036 4329 Deo
1046 4288 1060 4332 .·
1071 4288 1107 4330 ae

338 4365 435 4420 totam
447 4360 527 4421 hane
541 4361 784 4421 controversiam
797 4360 841 4421 ita
867 4360 1026 4439 composui
1039 4379 1046 4435 ;
1072 4366 1107 4421 ut

339 4452 475 4512 animam
486 4452 597 4513 Christi
611 4453 754 4514 docerem
773 4452 879 4513 omnia
892 4453 944 4513 illa
958 4453 1108 4513 duntaxat

340 4561 533 4621 cognoscere,
549 4563 619 4624 quae
633 4550 717 4621 sunt,
733 4552 862 4605 eruntve
875 4546 909 4604 in
926 4550 1107 4623 perpetuam

340 4638 556 4712 aeternitatem,
570 4642 625 4697 aut
638 4636 804 4716 aliquando
819 4637 956 4697 luerunt.
967 4637 1042 4710 Qum
1055 4655 1108 4698 au-

341 4731 404 4787 tem
427 4746 491 4789 esse
513 4734 653 4809 possunt,
676 4747 734 4789 nce
757 4728 822 4790 ullo
845 4734 986 4807 tempore
1007 4729 1108 4807 reipsa

342 4824 424 4895 sunt,
441 4826 472 4880 et
491 4819 643 4900 possibilie
663 4827 827 4893 vocantur,
843 4837 880 4881 ea
901 4839 964 4881 oon
987 4822 1109 4899 penitus

342 4910 499 4971 exhauriri
519 4918 629 4974 creatae
650 4912 695 4974 rei
719 4913 812 4974 ullius
832 4913 959 4987 notitia;
975 4913 1028 4973 sed
1052 4912 1110 4974 soli

343 5021 407 5065 esse
424 5003 563 5079 Deo,hoe
570 5010 615 5065 est
623 5004 753 5065 infinitae
766 5001 924 5083 sapientia
933 5009 1107 5082 perspecta:

342 5101 506 5175 propterea
519 5097 603 5175 quod
616 5097 647 5157 id
662 5097 700 5157 sit
722 5093 984 5176 comprehendere
998 5096 1108 5170 Deum,

343 5206 548 5269 quoecumque
568 5188 608 5248 oh
628 5207 676 5264 eo,
691 5195 842 5269 tanquam
864 5205 1002 5260 acarrsa,
1015 5187 1112 5267 profi-

344 5281 414 5354 cisci
434 5285 565 5362 queunt,
585 5282 724 5360 serutari,
749 5299 785 5345 oe
812 5280 972 5364 pervidere
992 5280 1108 5345 omnia.

1151 2054 1241 2115 nohis
1255 2055 1466 2136 intelligantur
1479 2058 1564 2119 velut
1570 2057 1679 2118 formae
1693 2055 1835 2136 quedam
1845 2070 1898 2113 nro·

1151 2146 1319 2222 dilicantes,
1331 2155 1362 2210 et
1375 2150 1560 2229 qualitatum
1574 2150 1673 2210 instar
1686 2149 1720 2209 in
1733 2147 1839 2208 eadem
1849 2145 1897 2204 he·

1150 2242 1390 2302 rentes.Nonita
1397 2248 1543 2304 naturam
1553 2238 1898 2317 humanam,animsnre

1153 2331 1267 2392 Christi
1280 2333 1392 2394 divium
1412 2334 1474 2395 illae
1488 2335 1692 2414 proprietates
1710 2330 1899 2411 complantat

1151 2423 1334 2503 perficiunt3
1350 2427 1404 2486 sed
1428 2424 1636 2507 personaliter,
1652 2430 1786 2499 tantum,
1801 2437 1898 2484 nora·

1151 2515 1330 2594 scutioliter,
1347 2524 1383 2578 ut
1396 2535 1465 2578 mos
1478 2526 1524 2578 est
1537 2519 1569 2578 io
1582 2517 1693 2578 sobolis
1706 2516 1803 2595 loqui.
1815 2511 1898 2592 Siqui-

1152 2609 1223 2669 dem
1251 2609 1355 2670 divina
1380 2617 1502 2678 natrrra,
1518 2617 1549 2671 et
1574 2609 1725 2689 quidquid
1736 2607 1827 2687 hujus
1842 2621 1899 2685 pro·

1151 2701 1257 2781 prium
1270 2707 1326 2777 est,
1341 2702 1566 2763 humanitatem
1578 2701 1692 2763 Christi
1700 2701 1900 2761 veluterterna

1152 2795 1303 2873 quasdam,
1320 2794 1380 2855 hoe
1393 2800 1439 2856 est
1451 2812 1515 2855 non
1524 2792 1670 2856 r'alraerens
1683 2793 1784 2854 forma
1793 2793 1901 2852 ιιιιιιιιι

1152 2886 1307 2964 scriptam,
1324 2905 1359 2947 ae
1384 2886 1621 2948 determinatam
1636 2891 1733 2946 tenet.
1758 2886 1821 2959 Quo
1834 2883 1864 2943 lit
1874 2886 1901 2939 ut

1151 2978 1375 3058 nonsapientia
1384 2978 1462 3058 ipsa,
1478 2978 1529 3039 vel
1538 2977 1677 3046 seientia,
1688 2995 1751 3056 qua
1762 2972 1901 3043 liaussdt,

1152 3071 1283 3150 etsapit,
1299 3070 1402 3131 anima
1424 3071 1491 3150 ipsa
1513 3070 1590 3132 sciat
1611 3075 1643 3132 et
1666 3068 1839 3150 sapiat3uti
1858 3082 1901 3126 nec

1152 3161 1289 3222 bonitate
1302 3162 1384 3223 horre
1398 3171 1455 3238 est,
1469 3181 1528 3224 nec
1536 3161 1745 3223 immensitate
1756 3160 1901 3229 immensa

1153 3270 1210 3316 nec
1224 3254 1394 3315 aeternitate
1416 3254 1586 3315 divinitatis
1599 3258 1732 3329 aeterne,
1748 3253 1801 3314 sed
1813 3248 1903 3313 inillis

1153 3346 1308 3420 subsistat,
1322 3352 1353 3407 et
1366 3363 1438 3407 cum
1450 3345 1488 3406 iis
1501 3346 1645 3426 copulata
1652 3347 1702 3418 sit,
1720 3345 1850 3407 etunita.

1194 3438 1342 3513 Quocirca
1355 3439 1400 3498 ati
1406 3437 1708 3499 humanitasChristi
1714 3443 1824 3498 natura
1833 3450 1903 3514 qua·

1153 3531 1237 3607 dam,
1253 3537 1284 3591 et
1296 3530 1427 3592 essentia
1441 3530 1698 3605 est,sireeatitus,
1710 3535 1746 3591 ut
1758 3528 1905 3599 siedimm,

1153 3622 1275 3702 generis
1300 3622 1366 3698 sui;
1388 3639 1491 3702 neque
1519 3623 1579 3683 hoc
1598 3621 1644 3682 illi
1669 3622 1777 3683 divina
1797 3622 1907 3702 prostat

1154 3715 1286 3776 essentia
1300 3721 1331 3777 et
1345 3720 1456 3776 nutura
1471 3733 1479 3774 t
1496 3713 1613 3794 alioqui
1623 3732 1689 3775 non
1700 3714 1907 3776 humanaasct

1154 3813 1277 3883 natura,
1303 3807 1366 3868 sire
1393 3807 1535 3881 essentia,
1564 3807 1619 3867 sed
1644 3806 1751 3868 divina
1773 3826 1780 3867 ε
1804 3804 1907 3883 Quippe

1154 3899 1258 3960 divina
1272 3905 1395 3975 ustura,
1403 3899 1589 3978 cuicumque
1598 3899 1727 3960 tandem
1736 3897 1907 3979 applicatur,

1154 3991 1201 4052 uti
1226 3990 1334 4052 formae
1354 3990 1453 4051 instar
1479 3990 1599 4062 afficiat,
1615 3989 1677 4052 hoc
1697 3991 1726 4050 ei
1748 3989 1863 4064 tribuit,
1880 3991 1910 4045 ut

1154 4083 1237 4162 quod
1262 4089 1308 4143 est
1334 4083 1399 4163 ipsa
1422 4083 1480 4159 sit;
1510 4082 1663 4144 nimirum
1690 4082 1844 4157 divinitas,
1868 4075 1912 4138 rel

1155 4177 1246 4249 Deus,
1271 4192 1336 4235 nou
1356 4180 1519 4235 creatura:
1539 4175 1805 4254 quemadmodum
1817 4188 1911 4254 persa

1155 4268 1233 4329 nelis
1244 4267 1424 4347 proprietas,
1433 4267 1483 4327 cui
1496 4265 1756 4346 tauquamiorms
1767 4262 1911 4329 convenit.

1154 4377 1317 4440 personam
1331 4359 1390 4421 hoc
1404 4378 1469 4420 csse
1481 4359 1619 4421 divinam
1633 4359 1788 4437 heltnon
1799 4357 1914 4419 alterius

1156 4456 1247 4525 uotae,
1264 4470 1299 4513 ac
1311 4451 1443 4531 generis.
1455 4451 1725 4526 Quemadmodum
1734 4455 1914 4531 ergopruter

1155 4545 1243 4606 illam
1257 4545 1357 4625 ipsam
1369 4544 1574 4620 divinitatem,
1583 4545 1744 4624 propriam
1757 4541 1915 4624 quamdam

1156 4636 1251 4698 hahet
1263 4636 1441 4697 humanitas
1452 4635 1573 4712 Christi,
1589 4640 1709 4697 naturas
1723 4636 1916 4708 rationem‚et

1156 4728 1308 4803 essentiae,
1325 4746 1395 4808 quar
1409 4734 1515 4789 create
1525 4733 1582 4802 est,
1594 4735 1625 4788 et
1637 4727 1700 4789 suis
1719 4726 1916 4789 determinata

1157 4818 1302 4896 modulis,
1321 4838 1355 4880 ae
1376 4819 1539 4881 numeris:
1556 4818 1598 4879 sie
1620 4825 1733 4898 praeter
1755 4814 1917 4880 divinitatis

1157 4912 1370 4992 proprietates,
1381 4911 1551 4992 peculiares
1563 4910 1658 4972 habet
1666 4911 1757 4987 alias;
1772 4912 1918 4972 ereataset

1158 5004 1333 5079 humanas3
1349 5004 1544 5083 sapientiam,
1556 5003 1727 5075 seientiam,
1742 5001 1918 5065 exstantiam

1158 5096 1193 5157 in
1205 5101 1356 5175 tempore,
1375 5101 1406 5157 et
1417 5095 1598 5175 hujusmodi
1611 5100 1748 5157 ceteras.
1764 5096 1919 5156 manem

1160 5206 1199 5249 ex
1213 5193 1386 5249 creatarum
1400 5206 1514 5268 genere
1537 5188 1774 5269 proprietatum,
1790 5187 1840 5249 uti
1857 5183 1920 5246 sub

1160 5280 1317 5358 stantiam,
1333 5286 1365 5344 et
1378 5280 1561 5346 exstantiam
1575 5281 1610 5344 in
1620 5297 1666 5360 sc,
1678 5279 1727 5343 rel
1738 5280 1775 5343 iu
1789 5278 1918 5359 locauit

372 5485 382 5531 t
397 5484 423 5530 ta
438 5484 497 5545 ntrp.
509 5494 553 5531 ur.
565 5506 594 5521 -
602 5482 617 5529 t
626 5485 687 5531 tou.
703 5483 731 5530 lt
743 5493 804 5543 opsr.
819 5483 879 5530 tltsr.
891 5506 915 5519 -
927 5482 942 5528 t
952 5482 1005 5530 vide
1014 5482 1053 5530 ttb.
1065 5482 1104 5530 vtt
1112 5482 1257 5542 Μῶμε).
1269 5494 1297 5531 ιιι
1306 5488 1328 5531 ct
1338 5492 1369 5530 rr.
