4076 6180
274 465 335 525 ott
778 453 1100 522 remaculaouult
1128 450 1346 514 DOGMATUM

274 627 422 702 nonium3
438 644 496 687 uec
509 627 567 689 sub
581 626 775 687 dominatum
788 620 897 684 mortis
908 620 1038 692 ituram
1091 618 1201 701 qunti?
1215 617 1369 679 Clamavit
1383 617 1476 678 hamo
1488 614 1658 679 divinitatis
1666 614 1858 695 separatione

273 726 310 780 ut
323 719 366 779 ait
378 716 576 799 apostolae:
592 718 672 780 Mars
685 717 738 779 illi
749 715 832 777 altra
842 732 900 774 non
912 710 1042 772 domina·
1091 712 1271 773 maritume.
1285 711 1364 772 Nam
1390 727 1464 771 cum
1485 709 1630 771 diviuitas
1642 707 1750 768 mortis
1763 707 1859 770 libers

274 810 421 872 itone.»
442 811 478 871 ln
492 812 715 873 resurrectione
725 807 799 870 dicit
812 805 955 868 Verbum
969 820 1041 863 cum
1091 805 1141 880 sit,
1153 805 1261 884 utique
1281 822 1366 866 mors
1388 820 1453 865 esse
1468 821 1533 863 non
1559 806 1692 882 poterat,
1707 800 1769 861 nisi
1796 800 1858 861 vita

273 902 434 964 divinitate
450 921 506 964 sua
521 903 662 983 junxisse
676 920 811 964 carnem.
834 898 933 978 Igitur
952 895 992 957 ab
1006 913 1043 957 ea
1092 897 1260 959 discederet
1275 918 1282 958 ι
1296 898 1369 977 quia
1386 897 1449 958 vita
1462 895 1606 957 divinitas
1624 898 1680 967 est,
1696 911 1768 972 quae
1781 911 1859 955 nun·

274 995 383 1055 mortis
392 993 567 1057 interventu
587 984 757 1073 sejunctam
781 992 875 1053 fuisse
900 987 1039 1050 credidit.
1093 1007 1187 1068 quam
1200 991 1317 1070 patitur
1329 990 1379 1050 vel
1388 993 1532 1062 mortem,
1549 987 1599 1048 vel
1617 985 1858 1066 corruptionem.

288 1086 454 1166 ·Idipsum
488 1086 682 1149 manifestius
712 1084 839 1165 exponit
864 1083 898 1143 in
931 1080 1043 1142 haeresi
1094 1082 1283 1143 Immortalis
1301 1083 1385 1144 enim
1409 1098 1542 1161 semper,
1567 1086 1598 1141 et
1619 1076 1861 1159 incorruptibilis

273 1194 343 1240 rxrx
353 1197 424 1257 quae
439 1185 484 1239 est
498 1178 689 1241 Asianorum:
706 1177 762 1238 ubi
780 1175 1044 1256 quodmoriturus
1094 1175 1234 1235 estlleus
1247 1170 1861 1254 autem‚quiVerbunr,etspiritusest,qni

274 1271 308 1331 in
322 1289 413 1331 cruce
439 1272 517 1332 dixit
540 1273 689 1332 Dominus
702 1334 704 1338 ,
715 1269 755 1331 ad
781 1265 943 1331 Patrem¹t
966 1268 1045 1337 Dans
1094 1267 1149 1328 ubi
1162 1268 1230 1329 vult
1242 1268 1350 1347 spirat,
1368 1283 1492 1327 carnem
1503 1265 1693 1341 humanam,
1707 1262 1859 1332 animam

275 1380 364 1435 incra,
377 1362 455 1423 beas
468 1382 558 1429 mass.
574 1383 665 1445 qnare
685 1381 730 1423 sne
748 1360 951 1441 dereliquisti:
964 1365 1044 1421 tam·
1094 1378 1155 1440 que
1168 1365 1340 1440 susceptam
1350 1378 1414 1421 non
1428 1359 1564 1420 deseruit
1576 1358 1690 1419 inritus
1706 1359 1779 1419 :sed
1792 1359 1861 1437 quia

276 1471 371 1532 qnam
388 1455 427 1515 ab
452 1456 579 1517 homine
603 1460 790 1535 usurpatam
817 1471 881 1514 essa
910 1451 1015 1514 scribit
1036 1472 1043 1512 :
1094 1453 1205 1529 voluit,
1221 1451 1278 1515 ubi
1291 1453 1399 1521 voluit,
1415 1451 1572 1532 quamdo
1585 1450 1862 1530 voluit,ctquaudo

280 1547 460 1608 «Humana
475 1547 590 1628 quippe
601 1554 714 1609 natura
724 1547 830 1627 ipsius,
847 1545 960 1625 inquit,
981 1562 1046 1605 non
1094 1546 1204 1621 velerit,
1232 1546 1410 1625 relinquens
1444 1545 1547 1624 posuit
1573 1562 1659 1611 eam,
1690 1549 1722 1604 et
1751 1543 1863 1607 iterum

276 1640 404 1699 seorsim
431 1643 582 1702 existens:
611 1641 725 1721 quippe
752 1640 881 1701 minime
906 1638 1047 1716 sejuncta
1096 1640 1262 1718 assumpsit
1277 1656 1356 1699 eam.
1373 1640 1443 1699 Non
1457 1655 1531 1717 arga
1550 1636 1721 1716 sirimpiam
1730 1635 1815 1714 jure,
1829 1653 1864 1695 ac

275 1731 448 1805 divinitate,
469 1732 726 1812 immanitateque
750 1731 916 1811 separatim
932 1731 1046 1792 consia-
1096 1737 1247 1810 potestate
1259 1736 1371 1793 exutus
1384 1736 1573 1803 micantem,
1585 1730 1711 1809 sedipsc
1722 1747 1757 1791 se
1768 1729 1862 1789 exuit.

276 1827 372 1898 tante,
388 1824 449 1884 ista
461 1825 592 1900 dicebat,
607 1826 693 1886 relat
705 1824 784 1884 alius
797 1830 828 1884 et
847 1822 1046 1902 aliusloque-
1098 1824 1175 1885 Nam
1186 1825 1240 1903 qui
1253 1825 1355 1904 potuit
1366 1842 1433 1885 nou
1446 1823 1527 1883 mori
1540 1824 1565 1883 si
1578 1823 1865 1902 noluisset,pracul-

276 1921 373 1976 retur.
391 1917 451 1977 Sed
472 1935 543 1977 crim
568 1917 622 1978 illa
651 1917 762 1978 eadem
784 1916 961 1975 humanitas
975 1934 1046 1976 aum
1096 1915 1397 1995 dubioquiaroluit
1414 1920 1557 1977 mortuus
1571 1921 1626 1976 est.
1642 1916 1732 1987 Quod
1746 1916 1865 1976 itaesse

277 2006 438 2070 divinitate
466 2010 631 2088 conjuncta
651 2010 694 2070 sic
724 2013 813 2085 eset,
829 2013 863 2068 ut
884 2026 947 2068 una
969 2015 1048 2069 esset
1096 2009 1302 2088 comprobans
1315 2009 1369 2083 ait,
1384 2008 1516 2088 spolians
1529 2026 1664 2082 secanae,
1679 2008 1865 2089 principatus

278 2099 441 2179 utrimque
455 2102 629 2164 sanctitudo
647 2122 654 2162 :
672 2107 703 2162 et
716 2102 751 2162 in
760 2101 818 2163 hac
830 2100 884 2160 illa
893 2100 1048 2179 perfectis-
1096 2108 1125 2161 et
1137 2105 1291 2179 potestates
1303 2100 1507 2181 expoliavit.»
1538 2100 1595 2163 Hic
1610 2099 1793 2163 Ambrosius
1803 2118 1864 2161 nou

277 2191 355 2253 sime
369 2194 476 2255 omnia
484 2199 806 2273 cognosceretutpote
815 2194 880 2254 Deo
892 2193 1043 2272 copulata,
1097 2192 1198 2253 solum
1212 2211 1349 2269 samem,
1365 2192 1418 2253 sed
1432 2193 1529 2272 ipsam
1554 2211 1677 2272 quoque
1698 2194 1865 2254 animama

279 2289 310 2343 ot
322 2284 356 2345 in
369 2302 466 2346 unam
481 2286 654 2347 consociata
671 2285 830 2360 deitatem,
845 2285 953 2347 videns
967 2285 1048 2349 divi·
1100 2284 1201 2346 Verbo
1224 2285 1402 2349 destitutam
1425 2286 1464 2347 ad
1486 2291 1609 2363 tempus
1626 2286 1721 2347 fuisse
1749 2288 1865 2351 videtur

278 2376 408 2438 ritatem
424 2377 491 2456 jam
511 2379 545 2439 in
573 2378 734 2458 procinctu
760 2378 897 2457 quodam
924 2386 1048 2439 esseut
1098 2394 1258 2439 asserere:
1275 2379 1359 2457 qaod
1381 2377 1498 2457 alioqui
1512 2380 1594 2441 mori
1615 2397 1680 2439 non
1702 2381 1864 2459 marisci,

279 2475 421 2530 sanctum
433 2487 545 2549 corpus
565 2470 731 2543 desereret,
746 2470 895 2549 exipsius
913 2470 1049 2533 bominis
1097 2472 1248 2549 quamdiu
1268 2471 1424 2546 divinitas,
1452 2471 1511 2533 hoc
1534 2477 1580 2532 est
1602 2472 1676 2545 aits,
1702 2474 1866 2551 conjuncta

279 2561 431 2622 Dominici
445 2561 603 2641 personat,
619 2584 634 2620 ο
652 2568 709 2625 etc.
726 2563 821 2623 verba
838 2562 892 2622 illa
907 2580 1047 2641 pronun·
1097 2581 1169 2625 aum
1192 2563 1253 2623 illis
1275 2571 1365 2625 esset.
1382 2562 1425 2625 Ac
1448 2564 1486 2624 de
1514 2583 1606 2626 carna
1626 2566 1711 2644 quod
1734 2567 1865 2629 subinde

278 2652 379 2714 tiavit.
405 2655 506 2733 Atque
534 2654 650 2716 ibidem
678 2654 871 2715 divinitatem
907 2654 951 2715 ait
977 2674 1047 2715 cam
1098 2654 1187 2716 affert
1207 2673 1246 2716 ex
1271 2655 1409 2735 Apostoli
1425 2657 1615 2734 testimonio,
1644 2664 1748 2738 potest
1769 2660 1867 2721 carnis

279 2746 384 2807 anima
397 2746 587 2808 descendisse
614 2747 653 2808 ad
677 2747 806 2821 inieros;
825 2765 919 2827 quem
945 2747 1048 2808 locum
1100 2746 1246 2808 vocabulo
1262 2748 1405 2828 totaipsa
1424 2747 1555 2828 intelligi
1579 2753 1692 2811 natura
1717 2751 1864 2830 bominis,

279 2844 387 2918 postca
415 2839 558 2915 referam,
574 2857 646 2900 cum
666 2839 704 2901 de
731 2839 791 2901 hoc
813 2840 882 2919 ipso
900 2840 1047 2901 descensu
1098 2844 1134 2900 ut
1147 2840 1222 2901 alias
1235 2858 1328 2919 saepe.
1345 2842 1392 2901 lta
1405 2841 1536 2921 spoliare
1549 2861 1577 2904 se
1590 2860 1688 2917 rann,
1699 2844 1786 2905 idem
1798 2845 1863 2917 erit,

215 2948 222 2964 ·
279 2947 371 3008 agam
383 2932 525 3011 sequenti
537 2929 646 2993 libroi.
1097 2949 1134 2993 ac
1147 2950 1275 3011 corpore
1287 2933 1402 3012 pariter
1416 2939 1447 2995 et
1461 2935 1577 2994 anima.
1603 2936 1742 3015 Apparet
1763 2944 1865 2999 autem

320 3025 361 3085 ll.
384 3025 471 3086 Idem
498 3030 530 3085 et
557 3025 692 3087 Hilarius
722 3024 895 3104 significare
925 3025 1047 3089 udatur
1098 3023 1141 3084 sic
1154 3023 1352 3084 Ambrosium
1367 3024 1469 3086 locum
1484 3025 1574 3086 illum
1594 3028 1731 3106 Apostoli
1744 3028 1863 3107 legisse,

279 3134 400 3177 canone
413 3132 516 3178 xxxur
530 3115 562 3176 in
573 3114 761 3192 Mattianum,
774 3135 846 3193 cum
860 3118 898 3178 de
910 3135 984 3179 voce
994 3118 1047 3179 illa
1097 3115 1229 3196 spolians
1241 3135 1269 3178 se
1280 3135 1375 3189 carne,
1387 3136 1445 3197 pro
1459 3135 1496 3178 aa
1510 3118 1594 3197 quod
1608 3118 1701 3181 hodie
1718 3119 1863 3197 habetur,

280 3208 393 3269 Christi
405 3207 561 3286 loquitur,
581 3206 659 3269 Deus
675 3226 764 3277 meus,
786 3207 864 3269 Dein
884 3228 974 3287 meus,
988 3216 1046 3272 etc.
1099 3194 1266 3288 lirpaltans
1285 3209 1866 3294 principatas‚quemadmodumSyrus

283 3300 436 3362 «Clamor
449 3317 523 3361 vero
537 3299 577 3360 ad
591 3300 823 3379 Deum‚inquit,
840 3301 1049 3380 corporisvox
1098 3301 1313 3380 Paraphrastes
1347 3301 1456 3376 lenisse
1496 3302 1637 3375 videtur,
1681 3305 1724 3364 its
1765 3305 1865 3368 locum

280 3392 598 3466 est‚rscedentisase
614 3391 712 3454 Verbi
725 3392 782 3454 Dei
804 3398 974 3455 contestata
986 3394 1047 3456 dis·
1097 3393 1185 3454 illum
1200 3394 1322 3467 redens,
1338 3393 1383 3455 Et
1402 3412 1458 3475 per
1484 3395 1710 3474 expoliationes
1739 3399 1865 3480 corpori

280 3485 422 3547 sidium*.
1097 3486 1145 3547 sai
1158 3483 1330 3564 diffamavit
1342 3487 1549 3567 principatus,
1560 3494 1618 3550 etc.
1643 3489 1693 3550 Sic
1703 3497 1734 3551 et
1746 3494 1865 3571 Augus·

320 3576 501 3639 Ambrosius
514 3578 550 3638 in
562 3582 696 3640 tractatu
709 3575 1050 3658 desymloloApastolo-
1097 3578 1182 3641 tinus
1207 3577 1326 3656 aliquot
1356 3579 1390 3638 in
1416 3578 1501 3654 lacis,
1530 3585 1567 3641 at
1602 3581 1634 3641 in
1651 3582 1783 3661 epistola
1809 3602 1862 3646 ux.

281 3689 361 3747 ram,
376 3670 475 3751 capita
487 3687 554 3735 1111.
571 3670 713 3732 Verbum
732 3670 787 3731 Dei
800 3669 911 3738 solnm
925 3688 943 3730 a
956 3688 1048 3731 carne
1097 3669 1224 3732 Esaeae
1246 3687 1274 3730 ae
1303 3689 1430 3739 carnem,
1458 3671 1660 3753 principatus,
1690 3683 1717 3734 et
1741 3684 1865 3755 potesta·

280 3768 458 3843 separatam
472 3779 536 3823 esse
559 3761 760 3826 demonstrat.
781 3762 861 3825 Nam
885 3761 924 3823 da
944 3762 1049 3823 anima
1098 3770 1139 3824 tes
1168 3762 1379 3842 exemplavit&
1405 3766 1444 3825 Et
1457 3763 1491 3825 in
1511 3764 1590 3825 libro
1604 3766 1642 3827 de
1667 3787 1761 3846 spone
1776 3768 1864 3831 Chri·

280 3854 422 3934 loqucns‚
442 3874 455 3913 ι
482 3855 525 3915 Da
550 3853 610 3915 hac
633 3872 719 3933 ergo,
741 3851 877 3933 inquit⁸,
904 3872 975 3934 quae
993 3872 1048 3934 per
1097 3855 1204 3929 ateana,
1217 3855 1315 3935 capita
1329 3848 1475 3934 secundo,
1491 3856 1616 3919 acuens
1630 3877 1768 3922 οουαικιε.
1783 3862 1821 3922 Et
1833 3859 1863 3920 iu

280 3947 388 4011 amaia
401 3951 578 4008 nostrarum
591 3945 769 4009 animarum
783 3945 892 4006 similis
905 3951 961 4018 est,
977 3946 1048 4007 Sal·
1097 3947 1288 4027 primolibro
1303 3946 1338 4009 de
1356 3946 1545 4010 Peccatorain
1564 3951 1690 4023 ιιιεινίιί,
1716 3962 1742 4013 et
1764 3957 1863 4017 remis·

280 4045 369 4101 vator
383 4039 436 4115 ait,
454 4039 627 4103 Potestatem
650 4037 1049 4121 helemosinandum
1097 4040 1186 4112 sione,
1203 4040 1302 4119 capite
1321 4058 1417 4102 xxnt.
1437 4042 1488 4101 Sic
1510 4042 1545 4101 in
1569 4041 1650 4102 libro
1669 4044 1738 4106 XVI
1763 4053 1863 4107 cantra

281 4149 395 4207 meam,
409 4136 441 4192 et
456 4130 564 4195 iterum
573 4129 710 4192 sumendi
720 4149 785 4192 eain
794 4128 818 4199 ⁸:
833 4136 865 4192 et
878 4129 971 4192 Nemo
984 4149 1048 4192 eant
1097 4129 1251 4199 Faustam,
1263 4132 1363 4210 capite
1377 4150 1461 4195 xxix.
1479 4132 1603 4195 Eaenens
1615 4154 1643 4196 se
1656 4154 1773 4197 caraem
1789 4137 1863 4197 :ubi

282 4223 357 4285 tollit
371 4241 465 4299 ame,·
480 4221 586 4304 sedcpo
598 4241 706 4304 panca
723 4222 846 4304 meipso.
871 4224 944 4284 Haec
957 4222 1049 4284 beata
1098 4228 1129 4287 et
1152 4223 1240 4285 Pauli
1266 4224 1371 4286 lacum
1398 4226 1493 4291 istum
1519 4227 1743 4306 iuterpretatur
1761 4229 1815 4303 sic,
1831 4236 1864 4293 at

281 4316 398 4392 anima,
412 4333 483 4395 qum
494 4316 527 4375 iu
539 4333 628 4376 cruce
639 4315 679 4375 ad
686 4314 879 4376 divinitatem
889 4314 1048 4392 clamavit,
1102 4333 1254 4379 «carnem
1273 4316 1491 4378 mortalitatem
1510 4319 1612 4379 caruis
1631 4319 1801 4399 intelligat3
1820 4339 1864 4382 se·

281 4406 606 4481 arcensarcens
633 4425 723 4486 meos,
753 4426 846 4489 quare
872 4426 917 4469 me
943 4405 1049 4470 dereli-
1098 4407 1239 4470 eundum
1250 4408 1479 4490 quamproprie
1492 4408 1752 4491 corpusboccaro
1764 4413 1862 4475 nomi·

318 4624 340 4664 a
357 4609 454 4665 Eetru.
473 4606 521 4659 liat
543 4603 671 4659 ἀνέσταται
691 4608 722 4678 τῇ
741 4603 809 4678 τρέτῂ
828 4604 909 4677 ἡμέρᾳ
926 4605 969 4659 συν
983 4603 1052 4676 αὐτῷ
1101 4625 1162 4669 σεως
1176 4611 1206 4679 τῇ
1220 4606 1326 4677 θεέτητι,
1344 4608 1401 4678 μιᾶς
1414 4603 1487 4675 οὔσης
1498 4604 1685 4678 ἇγιοστέιις,καλ
1701 4607 1784 4677 isonis
1806 4607 1863 4681 αὐτῇ

283 4698 319 4766 τῷ
334 4692 397 4765 ἇγέιμ
407 4694 515 4763 σώματι,
530 4690 668 4751 συνενώσας
677 4688 706 4743 τὸ
720 4692 833 4761 cuparii
844 4688 950 4756 θεότητι,
966 4689 1051 4760 μηκέτι
1100 4690 1131 4744 τὰ
1144 4692 1285 4746 τελιιέτατα
1298 4687 1466 4761 ἐπισταμένης,
1488 4683 1532 4742 οἷα
1544 4690 1574 4758 δὴ
1592 4690 1617 4744 έν
1636 4692 1684 4762 θεῷ
1698 4694 1860 4765 συνηνωμέιη,

282 4777 413 4847 λυόμενον,
430 4774 515 4847 μηκέτι
528 4773 635 4845 πάσχον,
660 4773 746 4844 μηκέτι
760 4770 808 4824 bro
822 4772 927 4825 θανάτου
943 4773 1051 4844 rapsat-
1099 4775 1140 4827 καὶ
1153 4774 1185 4837 εἰς
1196 4775 1253 4847 μίαν
1266 4775 1369 4844 θεότητα
1378 4774 1529 4846 συνημμένη,
1549 4773 1632 4847 ὁρῶσα
1645 4776 1691 4844 ἤδη
1707 4775 1751 4845 τὴν
1765 4776 1862 4844 lettera

284 4876 367 4931 pstor·
383 4858 418 4921 ὣς
430 4876 503 4930 φησιν
525 4856 539 4909 ὁ
563 4854 723 4918 ’λπέστολος,
745 4855 847 4917 θάνατος
872 4852 946 4908 αὐτοῦ
970 4852 1051 4909 οὗκέτι
1100 4857 1143 4909 σὺν
1165 4864 1195 4931 τῇ
1216 4859 1282 4931 ψυχῇ
1300 4858 1443 4931 κινουμένην
1465 4854 1504 4910 ἐπὶ
1525 4856 1554 4911 τὸ
1579 4858 1723 4931 κατκλεῖψσι
1743 4861 1773 4913 τὸ
1797 4861 1860 4935 ipos

282 4943 395 5013 κυριεύει.
509 5002 514 5013 ι
1099 4946 1182 5011 σῶμα,
1208 4940 1257 4994 ἀπὸ
1277 4943 1410 5014 spaosines
1439 4939 1514 4995 αυτοῦ
1532 4945 1576 4994 τοῦ
1592 4947 1707 5015 nupserat
1726 4941 1859 5015 ἀνθρώπου,

320 5025 337 5080 b
355 5025 433 5081 idem
452 5024 520 5079 haer.
542 5037 613 5087 ιιιι,
628 5018 644 5094 ξ
664 5019 709 5076 62.
733 5019 769 5074 Ἥ
783 5020 830 5093 γὰρ
843 5018 918 5073 αυτοῦ
933 5018 1051 5092 ένανθρώ-
1099 5025 1210 5077 τουτέστι
1223 5027 1266 5090 τῆς
1279 5018 1354 5078 αὐτοῦ
1367 5023 1580 5096 ὲνανθριυττησεως.

283 5128 356 5178 πηοις
368 5107 397 5161 ol
409 5107 518 5162 nastolae
531 5125 566 5169 τις
580 5099 651 5159 οὖσα·
665 5104 693 5158 ol
704 5103 751 5176 γὰρ
765 5104 995 5176 ἀποκιχωρισμέιητ
1008 5106 1050 5171 τῆς
1135 5120 1150 5159 e
1168 5105 1228 5161 Col.
1245 5121 1276 5172 11,
1293 5107 1338 5164 to.
1362 5105 1570 5178 Ἀπικδυσέμενος
1588 5107 1630 5170 τὰς
1650 5106 1741 5180 ἀρχὰς,
1762 5108 1802 5162 καὶ
1820 5106 1859 5167 τὰς

283 5194 406 5261 θεότητος,
416 5191 457 5243 καὶ
473 5190 549 5263 χωρὶς
563 5186 635 5255 οὔσης
648 5192 691 5260 τῇς
707 5185 909 5259 ένανθρωιιήσιως
922 5186 1005 5257 ἔλεγεν
1016 5187 1050 5249 ὡς
1100 5184 1208 5251 ἔξουσίας
1217 5189 1381 5263 ἐδειγμάτισεν
1395 5188 1420 5245 ἓν
1435 5187 1567 5262 παρῤησέᾳ.

283 5277 373 5341 ἄλλου,
386 5274 429 5328 κοιλ
450 5273 539 5336 ἄλλου,
560 5270 626 5324 ἀλλὰ
645 5271 816 5343 συνηνωμένης
835 5273 879 5338 τῆς
897 5268 1052 5342 boniport-
1122 5290 1124 5293 ·

316 5456 327 5476 ⁰
343 5454 425 5508 Confer
437 5452 536 5507 cinnat
549 5451 708 5504 Pratatioaam
719 5451 748 5504 ad
761 5450 883 5503 Hilarium.
989 5450 1015 5500 Ζ.

310 5636 321 5677 1
334 5634 394 5677 liam.
405 5643 436 5685 ιι,
450 5632 471 5676 a.
483 5630 533 5674 -i
543 5631 602 5675 ltatt.
614 5639 682 5677 mu.
694 5628 728 5673 to.
739 5628 788 5673 -3
799 5628 851 5684 Cap.
862 5638 897 5683 ιν,
909 5625 925 5682 S
936 5628 957 5674 t.
969 5649 997 5660 -
1008 5628 1021 5671 t
1034 5627 1134 5679 Ambrae.
1145 5631 1198 5671 tom.
1213 5625 1247 5669 lt'.
1260 5626 1307 5669 -5
1317 5625 1380 5669 lona.
1392 5633 1413 5667 x.
