4076 6180
493 454 546 517 DE
565 451 869 530 INCARNATIONE,
893 449 966 512 Ltss.
992 449 1059 526 xit,
1086 447 1170 512 CAP.
1192 447 1278 510 XIX.
1618 442 1678 501 Ci'i

111 620 382 699 nnimasejunotnm
407 621 554 702 appellari
582 621 738 683 Christum
759 619 862 681 obser·
912 615 1004 677 dehet
1016 616 1137 697 aliquis,
1157 617 1210 695 ait,
1226 616 1391 693 estimare,
1406 610 1680 693 utrumqueahin-

110 719 171 788 vot3
197 713 300 775 itidem
327 720 362 774 ut
388 716 525 776 animam
549 715 658 788 solam,
696 714 772 774 «Et
797 712 862 792 ipse
912 710 1012 771 vieem
1035 709 1140 770 divelli
1166 710 1301 788 potuisse
1335 717 1492 775 naturam.
1522 706 1596 785 quie
1625 721 1680 784 per

111 805 247 867 Dominus
256 806 404 883 Clrristns,
417 807 530 887 inquit,
537 808 636 868 dietus
646 812 692 867 est
703 805 768 866 sole
777 823 860 866 euro.
912 802 1138 882 susceptionem
1150 802 1269 876 mortis,
1286 806 1318 863 et
1334 818 1405 863 caro
1423 797 1571 861 erarrimis
1585 796 1616 857 in
1632 813 1679 856 se·

110 897 268 973 Quomodo,
284 898 399 979 inquit,
415 898 554 981 probas?
571 900 676 961 Audeo
696 899 816 974 dioere3
832 903 864 959 et
911 893 1017 973 puloro
1028 893 1139 972 jacuit,
1161 899 1192 955 ot
1216 894 1321 954 estimo
1348 893 1382 953 in
1403 891 1561 952 infernum
1587 906 1680 950 earne

110 989 167 1050 sole
178 1008 247 1051 roro
261 991 375 1052 Christi
385 992 485 1054 huus
493 992 690 1053 ostChrr'stus.
702 991 864 1052 Credimus
912 987 1065 1047 moriente
1089 985 1258 1047 deseendit.
1283 985 1412 1060 Quando
1435 983 1562 1063 quidem
1586 981 1680 1043 etiam

110 1086 256 1144 oertenon
268 1085 302 1144 in
316 1083 416 1145 solum
437 1086 535 1146 Deum
557 1084 677 1146 Patrem
692 1103 700 1160 ;
716 1084 770 1145 sed
784 1088 816 1144 et
829 1083 862 1144 in
913 1096 984 1140 enm
1007 1079 1231 1140 interveniente
1257 1083 1357 1139 morte
1384 1077 1489 1138 anime
1512 1074 1680 1136 dissessita

109 1173 206 1235 iesum
224 1175 380 1237 Christum
401 1176 502 1237 tilium
525 1177 591 1255 ejus
611 1176 739 1238 unicum
758 1176 862 1237 Domi·
913 1188 1016 1244 oerne,
1030 1171 1243 1251 inseparabilis
1257 1171 1291 1232 in
1301 1170 1422 1231 Christo
1432 1174 1680 1249 utraquenatura

109 1283 178 1327 num
191 1272 341 1329 nostrum.
370 1268 462 1330 Modo
487 1273 590 1330 toturn
615 1269 690 1343 diri,
706 1269 741 1329 in
754 1270 864 1329 Jesum
912 1263 1285 1344 permansitzquianeein
1298 1263 1677 1324 infernoanimamsuam:

71 1361 73 1366 ’
111 1357 256 1420 Christum
289 1360 389 1421 filium
428 1361 496 1440 ejus
528 1362 655 1422 unicum
693 1361 864 1422 Dominum
913 1356 1017 1417 necin
1030 1356 1172 1436 sepulcro
1196 1373 1321 1417 earnem
1344 1374 1433 1416 suem
1458 1354 1603 1416 divinitas
1620 1353 1680 1413 im·

110 1455 251 1512 nostrum.
262 1453 377 1513 Totum
391 1453 434 1513 ihi
455 1452 603 1529 intellige,
619 1464 650 1514 et
669 1453 819 1527 Verbum,
833 1458 865 1513 et
914 1466 1022 1510 mensa
1036 1449 1213 1510 deserent.»

110 1541 247 1618 unimam
272 1549 305 1607 et
331 1563 466 1607 earnem.
488 1546 548 1607 Sed
574 1546 684 1625 utique
710 1545 865 1607 oouiiteris
954 1541 1128 1602 Ferrandus
1142 1541 1217 1603 item
1230 1541 1264 1602 in
1285 1539 1413 1621 epistola
1431 1538 1472 1600 ad
1488 1539 1631 1601 Severum
1645 1537 1679 1599 ⁸:

110 1635 194 1697 etiarn
205 1636 296 1713 iliud,
312 1639 394 1718 quod
408 1638 502 1700 habet
516 1638 624 1699 eadem
637 1638 724 1713 fides,
742 1638 775 1700 in
792 1656 864 1699 eum
919 1653 932 1692 r
948 1633 1043 1694 Totus
1057 1651 1131 1712 ergo
1145 1633 1294 1710 Christos,
1309 1634 1363 1712 ait,
1383 1632 1499 1712 ubique
1512 1638 1558 1692 est
1571 1649 1681 1693 seeum

110 1728 255 1790 Christum
275 1735 309 1792 te
336 1730 473 1806 eredere,
488 1731 542 1810 qui
568 1730 734 1791 oruoiiixus
758 1737 816 1808 est,
834 1736 865 1792 et
915 1726 990 1786 dum
1011 1726 1162 1796 Verbum,
1186 1727 1239 1788 sed
1264 1745 1330 1788 non
1356 1731 1457 1787 totum
1478 1724 1594 1804 ubique
1612 1730 1679 1786 est:

109 1821 245 1901 sepultus.
256 1823 339 1899 Ergo
348 1824 442 1884 etiam
456 1823 612 1902 sepultum
631 1823 785 1885 Christum
800 1842 864 1885 esse
915 1818 989 1897 quio
1003 1836 1068 1879 non
1082 1823 1128 1880 est
1140 1819 1255 1899 ubique
1269 1817 1680 1895 animarntionahs,etooro,

110 1930 282 1993 nonnegas,
296 1920 446 1976 ettamen
462 1915 527 1976 sole
538 1933 610 1976 euro
624 1916 743 1995 sepulta
757 1922 813 1977 est.
831 1917 865 1977 Si
916 1928 988 1971 oum
1010 1911 1123 1990 quibus
1137 1914 1185 1972 est
1206 1917 1308 1973 totum
1327 1916 1412 1973 totus
1426 1910 1575 1972 Christus.
1591 1910 1681 1990 Apud

110 2005 185 2066 enim
198 2014 263 2070 erat
286 2006 330 2068 ibi
352 2008 468 2083 animo,
484 2026 550 2069 non
576 2013 643 2070 erat
669 2014 821 2070 mortuus.
833 2009 866 2070 Si
915 2002 1102 2064 inierosfuit
1124 2005 1294 2065 seeundum
1317 2003 1455 2065 animam
1475 2003 1680 2079 rationalem3

110 2103 203 2158 eutem
215 2117 289 2160 vera
303 2117 388 2161 mors
401 2105 478 2176 erut,
494 2107 529 2160 nt
542 2100 608 2178 ejus
620 2118 694 2162 vere
709 2103 747 2162 sit
758 2119 865 2162 resur·
916 2095 967 2157 sed
983 2114 1045 2156 uon
1060 2102 1172 2165 totum,
1186 2097 1260 2177 quia
1280 2115 1351 2158 earo
1374 2115 1439 2158 non
1452 2096 1521 2165 fuit,
1535 2114 1606 2157 enm
1621 2114 1683 2175 qna

109 2191 203 2268 restio,
227 2193 295 2253 sine
316 2194 420 2253 anima
442 2193 543 2253 iuerat
564 2195 596 2254 in
619 2194 784 2275 sepulchro
806 2213 814 2254 ς
835 2204 866 2256 οι
916 2193 1015 2250 totum
1037 2195 1092 2251 est.
1122 2191 1218 2251 Totus
1243 2191 1382 2253 Christus
1404 2190 1436 2251 io
1462 2190 1603 2270 sepulero
1625 2191 1684 2251 suit

109 2287 204 2344 tamen
226 2285 366 2364 seprdtus
388 2291 434 2347 est
453 2285 600 2348 Christus.
622 2290 703 2366 Ergo
728 2288 867 2349 Christus
916 2283 1087 2344 secuudum
1112 2301 1235 2345 earnem
1264 2304 1271 2346 :
1300 2284 1443 2345 sednon
1476 2288 1578 2345 totum
1610 2284 1684 2363 quia

110 2380 168 2435 eret
179 2377 270 2438 etiam
286 2378 353 2439 sine
365 2378 470 2439 anima
484 2396 555 2440 earo
570 2398 578 2439 ι
594 2379 742 2459 quianon
756 2389 802 2441 est
815 2398 865 2442 se·
917 2374 1020 2436 auimo
1043 2375 1201 2439 rationalis
1226 2376 1269 2437 ihi
1295 2395 1358 2437 non
1380 2377 1450 2452 fuit,
1470 2393 1541 2438 eum
1560 2395 1623 2457 quo
1638 2381 1684 2439 est

110 2466 187 2545 pulta
199 2470 256 2531 nisi
271 2488 384 2532 earo.»
403 2471 469 2545 Quo
481 2489 520 2532 ex
533 2471 683 2552 loquendi
701 2473 794 2534 modo
806 2472 863 2534 ool·
916 2472 1027 2529 totum.
1044 2469 1183 2530 Verbum
1195 2477 1301 2531 tamen
1315 2468 1369 2532 Dei
1383 2476 1415 2532 et
1428 2487 1500 2531 eum
1515 2470 1618 2531 anima
1628 2488 1684 2532 sue

110 2559 217 2639 ligitur,
230 2562 370 2624 Verbum
390 2564 444 2625 Dei
466 2582 538 2625 eum
561 2582 653 2625 earne
670 2565 704 2625 in
727 2565 867 2645 sepulcro
916 2561 1269 2640 reprehensorum
1292 2580 1385 2624 earne
1409 2581 1464 2624 suo
1484 2565 1518 2624 in
1541 2563 1683 2643 sepuioro

107 2651 323 2730 jacenteinisse
341 2655 539 2736 copuletum3
562 2674 633 2717 oum
647 2657 797 2735 Christus,
808 2657 867 2718 hoe
916 2651 974 2714 fnit
990 2672 997 2712 τ
1014 2655 1088 2733 quia
1108 2655 1290 2716 naturaliter
1316 2655 1433 2735 ubique
1454 2654 1611 2728 diffusum,
1628 2673 1684 2717 neo

111 2749 151 2805 est
162 2746 250 2822 Dens,
267 2747 385 2827 Deique
398 2748 490 2823 filius,
506 2753 536 2809 et
548 2749 685 2810 Verbum
708 2749 741 2810 in
758 2750 867 2811 eodem
916 2745 1030 2806 anime
1044 2763 1119 2822 suos,
1135 2765 1192 2808 neo
1204 2747 1289 2808 oarni
1305 2765 1370 2808 suae
1394 2747 1560 2826 aliquando
1573 2747 1681 2809 defuit.

110 2839 239 2917 sepulcro
252 2846 323 2902 tum
332 2840 464 2919 jacuisse
477 2842 597 2902 dicatur
609 2847 675 2902 tam
688 2842 865 2921 inSr-riptu-
918 2837 990 2898 Sive
1010 2838 1106 2917 igitur
1132 2838 1281 2915 Verbum,
1302 2840 1365 2900 sive
1386 2839 1491 2900 anima
1512 2837 1682 2915 rationalis,

110 2930 156 3004 ris,
170 2951 261 3012 quam
273 2933 309 2994 in
328 2933 478 3013 symbolis
490 2934 563 2994 fidei
574 2957 582 3012 ;
602 2942 633 2997 et
645 2954 664 2996 e
677 2937 822 2997 Patribus
835 2936 867 2997 id
917 2931 979 2991 sive
993 2949 1064 2993 earo
1076 2931 1277 3010 significatur,
1303 2937 1386 2993 totns
1411 2932 1552 2993 Christus
1565 2932 1685 3012 signifi·

111 3023 212 3103 sepios
226 3032 395 3106 usurpetur
413 3046 420 3087 :
436 3033 471 3087 ut
484 3044 522 3087 ex
535 3027 573 3088 iis
592 3029 744 3090 constabit
758 3047 867 3090 eorum
916 3029 1014 3097 ostiu,
1031 3024 1085 3085 sed
1099 3042 1163 3085 non
1176 3029 1290 3100 totum,
1305 3029 1363 3086 ete.
1380 3024 1479 3099 Quare
1491 3030 1598 3087 autem
1610 3027 1684 3088 Ver-

109 3116 294 3193 testimoniis,
310 3119 424 3197 quihus
443 3120 640 3184 ostendemus
658 3121 814 3184 Christum
828 3122 867 3183 ad
916 3114 993 3177 hum
1002 3122 1086 3177 totus
1100 3117 1249 3193 Christus,
1262 3122 1293 3178 et
1306 3117 1411 3179 anima
1424 3117 1583 3179 rationalis
1601 3125 1684 3180 totus

110 3208 455 3275 iniemadeseendisse¹.
917 3208 1062 3286 Christus,
1089 3215 1121 3270 ot
1144 3228 1216 3271 earo
1241 3215 1325 3272 totus
1352 3209 1501 3283 Christus,
1524 3211 1596 3287 nisi,
1611 3212 1685 3291 quie

145 3303 867 3385 steinepistolarvnreverberatnostrosorgo
917 3320 980 3366 una
1003 3309 1049 3363 est
1076 3303 1179 3380 Verbi,
1201 3303 1314 3366 enimse
1338 3303 1507 3377 rationalis,
1529 3308 1560 3365 et
1583 3303 1685 3365 earnis

110 3396 202 3475 potuit
214 3404 298 3459 reete
312 3398 371 3459 dici
386 3399 537 3460 Dominus
559 3399 668 3479 glories
689 3397 865 3473 crucifixus,
917 3396 1068 3479 persono?
1080 3397 1179 3473 Quare
1193 3397 1307 3458 iterum
1330 3395 1469 3459 Verbum
1496 3396 1562 3457 sine
1580 3397 1685 3458 anima

110 3505 174 3554 enm
185 3490 223 3555 eu
236 3491 336 3559 solum
349 3509 476 3555 earnem
491 3491 656 3574 iilapossio
672 3491 864 3575 pertineret:
917 3490 1060 3556 rationaii
1076 3496 1107 3552 et
1129 3509 1221 3554 earne
1244 3509 1309 3554 nou
1334 3495 1434 3553 totum
1462 3489 1610 3565 Christus,
1631 3495 1685 3553 aut

110 3578 148 3644 ita
159 3591 238 3658 reete
253 3584 316 3648 diei
329 3584 441 3669 potuit,
459 3583 560 3650 Hodie
572 3584 746 3649 mesurae-ts
759 3584 790 3647 io
804 3583 866 3650 Po·
918 3583 1023 3647 auimo
1036 3583 1194 3648 rationulis
1209 3588 1239 3647 et
1246 3600 1317 3646 earo
1325 3583 1390 3647 sino
1396 3581 1499 3645 Verbo
1512 3588 1684 3648 pontoium

109 3671 212 3757 rodino,
238 3695 312 3744 oum
335 3676 426 3761 turta
449 3678 622 3744 humorem
643 3677 865 3756 humilitatem,
918 3675 1066 3755 Christus,
1080 3676 1143 3743 nist
1157 3677 1231 3762 quta
1250 3676 1310 3742 olio
1325 3682 1371 3741 ert
1387 3673 1492 3757 Verbi,
1508 3674 1569 3743 olis
1588 3677 1682 3746 sotto·

108 3781 159 3850 ρο
180 3787 305 3837 onmem
319 3770 515 3857 intepuere,
536 3789 592 3857 per
619 3770 756 3839 animam
769 3771 802 3837 in
820 3770 868 3839 iu·
917 3769 996 3836 nelis
1008 3770 1132 3845 anime,
1148 3770 1473 3856 omnisqueneturm

108 3857 253 3931 ternoillo
267 3863 452 3932 disteterus
465 3871 585 3931 oret.»
957 3863 1010 3930 IX.
1038 3866 1176 3931 ioannes
1198 3866 1407 3933 Demnuenus
1434 3866 1554 3934 erudbe
1580 3864 1684 3935 ionum

143 3955 179 4020 st
200 3957 234 4023 in
259 3957 340 4024 libro
368 3967 469 4024 eontra
499 3957 681 4024 Felrb'ooom
706 3957 865 4039 Ariorum,
916 3956 1006 4022 illum
1029 3959 1169 4024 trootavit
1185 3960 1219 4024 in
1240 3957 1319 4024 libro
1346 3959 1437 4025 tertio
1456 3960 1555 4045 eapite
1581 3978 1682 4028 xxvrr.

113 4065 126 4106 t
150 4048 199 4115 Sio
230 4052 263 4117 in
296 4053 435 4135 sepulcro
462 4070 588 4119 carnem
612 4070 701 4116 suern
728 4069 866 4117 eommo-
921 4052 1170 4132 «Quamobrem,
1185 4053 1298 4136 inquit,
1321 4054 1376 4117 etsi
1397 4060 1539 4119 mortuus
1561 4059 1685 4119 estton·

108 4144 208 4208 nendo
220 4165 286 4210 non
308 4147 455 4221 deseruit,
469 4147 549 4210 siout
569 4145 601 4208 in
622 4153 711 4210 utero
729 4147 868 4229 Virginis
917 4165 1011 4228 quam
1024 4147 1130 4221 homo,
1147 4154 1179 4209 et
1192 4154 1296 4210 saneta
1304 4147 1387 4210 illius
1400 4148 1506 4211 anima
1514 4147 1553 4211 ab
1566 4148 1685 4212 illibato

110 4241 313 4303 oonnasoendo
326 4239 503 4303 formavit&
519 4262 536 4300 o
917 4257 1045 4322 corpore
1059 4240 1156 4303 diuisa
1167 4245 1213 4302 est
1229 4258 1236 4302 :
1253 4240 1397 4303 divinitus
1417 4240 1456 4302 ub
1473 4246 1607 4324 utroque
1621 4242 1684 4305 mi·

144 4330 226 4395 Viti.
248 4333 429 4414 Fulgentius
443 4334 476 4396 in
489 4333 569 4394 libro
596 4333 688 4395 tertio
704 4331 744 4395 od
768 4332 795 4395 Τ
793 4332 868 4395 rori·
916 4333 1001 4395 nime
1028 4340 1168 4412 separato
1186 4334 1345 4409 remansit,
1361 4334 1465 4397 anima
1490 4335 1639 4398 videlieet.
1654 4339 1685 4397 et

109 4422 251 4503 moment,
267 4428 367 4505 eapite
379 4445 445 4488 xvr.
464 4425 542 4487 «Ab
554 4426 621 4508 ipso
642 4444 778 4506 namque
798 4444 868 4499 oon·
916 4443 1057 4507 eorpore.
1076 4428 1120 4488 ho
1134 4446 1174 4488 ne
1188 4427 1369 4506 sicquidem
1386 4445 1450 4489 una
1462 4427 1637 4508 hypostasis
1650 4429 1683 4489 in

109 4517 251 4594 oeptionis
278 4518 437 4597 virginalis
458 4518 583 4579 exordio
611 4518 655 4578 sie
682 4519 715 4579 in
746 4518 867 4580 Christo
916 4517 993 4579 duas
1008 4524 1053 4580 est
1065 4519 1244 4600 hypostases
1254 4520 1360 4581 divise.
1377 4520 1456 4582 Nam
1468 4526 1500 4581 et
1513 4537 1636 4600 corpus,
1653 4527 1684 4583 et

109 4610 271 4684 pemouaiis
284 4611 385 4671 unitus
392 4610 519 4687 mansit,
527 4616 562 4670 ut
574 4609 736 4689 utriusque
748 4616 867 4671 naturae
916 4612 1021 4672 animo
1045 4612 1138 4673 simul
1153 4631 1171 4673 a
1184 4613 1346 4694 principio,
1358 4613 1393 4675 in
1406 4612 1565 4694 hypostasi
1587 4613 1682 4675 Verbi

110 4696 263 4763 inconfuse
276 4703 389 4764 ueritas
402 4702 581 4782 perduravit
597 4723 605 4764 :
621 4708 656 4763 ut
669 4721 727 4763 neo
741 4705 834 4764 homo
848 4721 867 4763 a
916 4704 1100 4766 exstantiam
1111 4704 1301 4781 habueruut,
1311 4711 1343 4766 et
1355 4706 1389 4767 in
1399 4710 1682 4768 morteasemutuo

110 4788 169 4853 Deo
180 4793 293 4869 divelli,
309 4812 367 4857 nee
393 4796 507 4857 Denso
531 4800 671 4874 suscepto
696 4802 798 4875 posset
808 4796 865 4858 ho·
915 4795 1059 4859 distraeta
1077 4797 1216 4877 ipsorum
1230 4798 1352 4878 singula
1378 4804 1571 4876 manserunt,
1586 4817 1683 4862 unam

110 4886 187 4948 mine
214 4888 350 4968 separari
368 4908 376 4949 z
392 4905 449 4950 neo
474 4894 578 4950 tamen
604 4889 684 4950 Deus
705 4888 864 4950 hominem
916 4889 1009 4951 Verbi
1022 4890 1213 4970 hypostasim
1223 4891 1376 4953 habentia.
1388 4894 1494 4971 iisque
1508 4910 1571 4954 uno
1585 4892 1683 4973 hypo-

110 4989 307 5059 oonsumeret‚
323 4981 485 5043 neohomo
500 4983 599 5044 Deum
622 4980 656 5041 in
677 4980 781 5060 aliquo
795 5000 865 5061 per·
915 4981 1003 5043 stasis
1014 4982 1119 5059 Verbi,
1133 4983 1295 5045 fuitVerbi
1322 4991 1353 5045 et
1379 4984 1491 5047 onimae
1504 4990 1535 5047 et
1547 4986 1683 5067 corporis

110 5078 307 5136 mutaretzet
328 5071 453 5134 hostin
476 5073 588 5135 Christi
613 5078 713 5133 morte
740 5091 864 5134 earnem
915 5073 1097 5154 hypostasis.
1114 5076 1280 5156 Nunquam
1308 5077 1393 5139 euim
1419 5097 1477 5139 nee
1495 5077 1610 5153 anima,
1626 5095 1684 5140 neo

110 5166 285 5228 morientem
299 5165 405 5228 fuisset
418 5165 523 5227 anima
536 5165 705 5235 desertura,
722 5165 866 5226 divinitas
916 5184 1027 5246 eorpus
1040 5168 1198 5248 propriam
1211 5169 1388 5233 hahuerunt
1401 5170 1591 5252 hypostasim
1601 5189 1682 5251 pros·

109 5259 207 5318 tammr
230 5258 342 5320 Christi
369 5275 427 5321 neo
449 5258 488 5318 ab
515 5257 630 5330 anima,
652 5275 747 5318 neca
773 5274 864 5318 earne
914 5264 962 5320 ter
973 5260 1164 5340 hypostasim
1177 5261 1281 5326 Verbi.
1305 5265 1399 5326 Porro
1422 5283 1486 5326 uua
1505 5282 1626 5345 semper
1637 5269 1683 5326 est

110 5349 345 5432 possetseparori
355 5351 627 5429 susceptarldem
635 5349 667 5409 in
676 5348 866 5430 desponsione
914 5350 1088 5434 hypostasis
1112 5354 1218 5430 Verbi,
1232 5361 1264 5417 et
1288 5375 1451 5437 nunquam
1472 5358 1554 5420 due.
1582 5357 1682 5433 Quare

110 5438 146 5500 nd
154 5443 337 5523 questionem
354 5443 486 5524 primum
509 5439 671 5516 Ferroodi3
692 5441 782 5503 «Neo
795 5440 864 5503 ideo
915 5461 979 5506 une
993 5463 1113 5526 semper
1126 5448 1301 5528 hypostasis
1323 5456 1369 5512 est
1389 5449 1511 5513 Christi.
1536 5451 1684 5525 Quamvis

135 5641 146 5686 t
157 5639 205 5692 tin.
214 5643 273 5701 tut,
281 5655 330 5702 espa
342 5643 439 5692 ruff-i
450 5642 502 5702 Cup.
511 5655 555 5698 ru,
567 5652 620 5690 tom.
628 5641 665 5693 tt.
674 5644 725 5689 -8
736 5641 841 5691 Femod.
855 5650 910 5693 tems
919 5643 950 5690 ut
958 5646 1015 5693 {tibh
