3990 6130
467 334 522 397 DE
542 333 843 414 INCARNATIONE,
863 337 938 400 ΗΒ.
960 338 1028 414 Vll,
1055 338 1139 401 CAP.
1162 338 1216 401 VI.
1564 341 1622 401 itt

55 501 215 559 aarum
243 498 320 560 dum
342 504 445 579 negat,
468 499 623 562 Christum
649 501 810 562 bominem
859 501 1008 564 Trinitate
1021 503 1069 565 sit
1087 503 1215 565 Creator
1229 502 1367 582 quidem,
1383 496 1626 564 etresuseitatur

56 606 110 650 uon
133 607 199 652 esse
221 597 398 654 ereaturam
420 592 536 655 iudieat
556 612 564 654 ε
583 594 698 674 quippe
716 611 811 672 quem
859 599 956 655 stota
970 594 1131 668 Trinitate,
1149 613 1213 656 non
1234 595 1384 669 Christus,
1400 595 1453 656 sed
1474 612 1545 656 caro
1559 594 1626 656 sine

56 682 227 761 edomatas
245 683 286 744 sit
307 701 365 765 pro
381 684 516 745 indiviso
537 686 638 747 Deum
663 685 757 746 simul
780 691 813 747 et
859 685 954 746 dubio
967 686 1080 747 Christi
1094 706 1102 747 r
1118 686 1235 766 etquis
1249 705 1320 749 earo
1334 704 1400 748 non
1421 686 1558 763 alterius,
1573 685 1627 748 sed

57 773 204 836 hominem
218 794 226 835 ε
241 780 278 837 ut
291 793 349 837 suo
362 776 431 838 loeo
444 776 557 839 dietari
570 795 689 839 sumus.
858 777 955 856 ipsius
968 786 1015 840 est
1026 778 1151 852 Christi,
1167 783 1261 856 creat,
1273 784 1304 841 et
1317 779 1478 841 resuseitat
1488 778 1628 840 Christus

87 866 402 930 ltpmelositemin
415 869 675 949 orationequinta
683 869 812 948 perinde
859 869 1056 948 semetipsum
1068 870 1238 932 seeundum
1252 889 1471 949 earnem,eum
1485 870 1629 944 Putre,et
1705 908 1710 919 -

57 967 206 1021 maram
230 959 364 1023 inficiari
387 961 522 1037 ridetur,
551 980 623 1025 oum
650 962 813 1041 Virginem
861 960 978 1040 Spiritu
993 968 1110 1024 saneto.
1126 960 1205 1025 Nam
1219 969 1251 1024 et
1270 964 1436 1044 Apostolus
1449 961 1628 1026 nona‘l'ri·

57 1051 175 1114 laudm
193 1052 346 1133 ejusmoffl
359 1053 515 1134 peperisse
528 1053 582 1130 ait,
602 1074 614 1111 s
635 1053 690 1134 qui
708 1053 812 1133 splen·
859 1051 965 1131 nitate,
980 1055 1034 1115 sed
1047 1074 1066 1116 a
1077 1056 1168 1117 Patre
1181 1056 1396 1118 resumitatum
1417 1055 1571 1119 Christum
1585 1054 1631 1117 ita

57 1144 102 1206 ior
116 1151 198 1207 emet
218 1150 359 1225 paterne
381 1144 499 1223 glorie,
518 1163 583 1207 non
606 1151 765 1221 ereatura3
782 1151 814 1207 et
861 1150 1001 1222 testatur,
1032 1148 1136 1209 diosna
1158 1148 1296 1210 :Paulus
1320 1149 1485 1229 Apostolus
1504 1166 1569 1210 non
1591 1147 1631 1209 eb

57 1237 269 1316 enodantur,
283 1255 350 1298 nou
363 1242 712 1300 autemestereatos⁰.o
732 1238 812 1314 Ergo
860 1236 1052 1317 hominibus,
1072 1258 1174 1320 neque
1207 1259 1263 1322 per
1297 1241 1470 1317 hominem,
1490 1240 1544 1302 sed
1577 1257 1633 1318 per

58 1327 199 1390 (hunum
210 1347 276 1408 qua
296 1347 336 1391 er
353 1330 452 1392 Maria
464 1329 591 1409 Virgine
610 1329 734 1409 genitus
754 1334 810 1404 est,
861 1330 968 1391 iesum
984 1331 1192 1409 Christum,et
1202 1335 1302 1395 Deum
1313 1334 1450 1412 Patrem,
1465 1332 1520 1413 qui
1534 1332 1630 1394 susei-

58 1426 215 1483 araabrram
235 1439 303 1483 esse
331 1429 441 1501 nagat3
474 1422 643 1498 eumdem,
671 1421 811 1501 inquam,
862 1422 939 1484 tavit
952 1442 1026 1484 eum
1040 1443 1056 1485 a
1072 1426 1246 1487 mortuis.»
1501 1426 1504 1433 ’

59 1531 136 1592 quem
147 1513 268 1576 lemine
278 1514 410 1593 peperit,
421 1521 453 1575 et
464 1514 519 1595 qui
532 1512 757 1593 ejusastiilius.
769 1513 814 1574 De
901 1514 970 1575 Non
983 1515 1088 1595 itaque
1100 1517 1256 1578 Christum
1275 1522 1415 1579 ereetum
1435 1516 1497 1579 diei
1515 1516 1633 1598 patitur

59 1622 108 1684 quo
121 1622 195 1667 mox
217 1606 278 1666 ista
300 1604 447 1684 subjicit:
466 1626 482 1665 a
503 1606 543 1666 Et
555 1604 673 1685 pariet,
696 1603 810 1684 iuquit,
862 1604 1058 1669 Maxentius:
1083 1609 1137 1670 sed
1159 1626 1286 1670 earnem
1308 1608 1437 1685 Christi;
1458 1609 1519 1685 rel,
1548 1610 1632 1691 quod

59 1696 142 1758 ilium
156 1717 165 1758 ι
179 1696 296 1777 quihus
315 1696 418 1759 varhis
432 1702 463 1758 et
480 1702 606 1777 partum
623 1695 811 1777 predicavit,
862 1693 946 1755 idem
959 1700 1017 1774 est,
1034 1696 1193 1758 Christum
1206 1697 1631 1779 seeundumrarnem.lltque

60 1788 301 1851 ethabitndinem
310 1788 368 1850 filii
381 1790 423 1852 ad
436 1804 568 1851 matrem
583 1806 648 1848 non
661 1788 814 1849 adultera·
862 1786 931 1850 hoeo
944 1805 1018 1848 vera
1030 1788 1169 1863 demum,
1182 1792 1215 1850 et
1227 1795 1311 1853 certa
1322 1790 1500 1852 decidendae
1512 1795 1635 1852 oontro·

59 1877 147 1941 riti.»
167 1881 234 1954 Quo
248 1881 463 1961 posteriorein
474 1881 542 1942 loeo
555 1880 673 1941 mirum
686 1885 733 1941 est
746 1884 815 1940 tan·
863 1879 973 1941 versiae
986 1880 1065 1941 ratio
1079 1886 1134 1957 est,
1152 1887 1187 1942 ut
1202 1881 1359 1943 Christum
1369 1882 1633 1945 affirmemusnon

59 1978 152 2052 tepere
165 1977 296 2036 murare
311 1973 395 2035 viros
412 1975 537 2050 doetos,
553 1971 684 2053 quotlin
708 1973 814 2033 Greoo
863 1971 1014 2047 absolute,
1037 1979 1069 2034 et
1099 1991 1138 2034 ex
1170 1979 1236 2035 toto
1270 1980 1443 2037 ereaturam
1469 1993 1549 2052 esse;
1580 1975 1633 2035 sed

60 2065 193 2127 mendose
219 2066 378 2144 legeretur
404 2071 521 2128 testem
529 2082 586 2145 per
607 2083 661 2126 o:
690 2081 730 2125 ex
751 2080 816 2144 qno
864 2065 1035 2125 seeundum
1068 2065 1240 2126 humanam
1274 2073 1419 2128 naturam
1457 2085 1465 2128 ε
1494 2067 1634 2147 adeoque

61 2162 194 2235 puberum
205 2177 225 2218 a
241 2157 340 2219 verbo
355 2162 464 2220 betete
483 2157 627 2218 derivari.
652 2156 726 2217 Ideo
746 2174 816 2236 pro-
865 2156 1004 2217 Verhum
1017 2156 1122 2236 ipsum
1132 2163 1272 2219 creatum
1281 2160 1389 2221 eadem
1399 2159 1519 2221 ratione
1527 2158 1632 2237 luisse,

57 2248 816 2329 pahare,reloalerreverterunt;aedportentum
867 2247 1302 2312 etereaturamesselaotum.

61 2340 132 2403 istud
147 2342 227 2404 roris
239 2341 465 2421 ablegandum,
476 2347 509 2403 et
522 2346 632 2403 tettae
645 2358 701 2420 per
715 2368 730 2402 o
743 2358 815 2419 par·
905 2342 944 2402 X.
966 2343 1139 2419 Postremo,
1155 2348 1189 2402 ut
1199 2344 1280 2404 hane
1289 2341 1485 2404 absolvamus
1494 2343 1635 2424 questio
1678 2365 1790 2418 ouomoeo

61 2451 126 2494 rum
148 2434 275 2496 omnino
296 2432 496 2496 scribendum
515 2438 572 2493 est.
597 2434 665 2494 Duo
679 2431 763 2492 enim
782 2431 816 2491 in
867 2447 951 2506 nem,
973 2435 1005 2490 et
1037 2431 1122 2510 quod
1143 2430 1233 2491 initio
1260 2432 1369 2511 eapitis
1402 2434 1632 2512 proposuimus,
1675 2420 1791 2519 ,ffiffi

62 2526 176 2587 tetidem
193 2525 325 2587 vocibus
352 2526 471 2585 Lucam
501 2524 674 2601 significare
691 2522 818 2585 Proalua
866 2520 1020 2596 rationem
1029 2521 1350 2601 aliquamreddamus,
1362 2541 1495 2591 curcum
1511 2525 1634 2605 adopti-
1682 2530 1782 2583 meunt.

62 2616 193 2680 affirmat
210 2617 299 2679 Prior
312 2616 411 2693 enim,
422 2623 524 2690 τέξεται,
531 2616 564 2676 id
574 2622 620 2677 est
627 2614 817 2695 porr'et,par·
867 2631 925 2674 vus
944 2614 1038 2676 Filius
1051 2613 1106 2675 Dei
1120 2616 1293 2676 seeundum
1306 2616 1478 2677 humanam
1490 2623 1635 2679 naturam

63 2714 120 2769 tina
135 2708 171 2770 B.
185 2708 327 2789 Virginis
338 2707 454 2770 indieat
469 2728 477 2769 r
494 2707 659 2786 posterior,
678 2725 748 2786 que
771 2712 819 2768 est
867 2706 927 2767 dioi
953 2725 1018 2768 non
1043 2706 1153 2768 debeat
1181 2708 1329 2783 Christus,
1359 2714 1500 2770 ereatura
1530 2714 1637 2771 tamen

63 2797 143 2879 tide,
163 2801 318 2877 declarat,
338 2800 430 2862 illum
453 2800 568 2880 ipsum,
583 2800 639 2878 qui
663 2805 755 2879 partu
773 2804 820 2861 est
868 2797 997 2877 impune
1018 2796 1197 2860 nominatur
1214 2798 1332 2878 :hujus
1350 2799 1397 2860 rei
1415 2799 1586 2880 propriam,
1601 2819 1639 2863 ao

63 2891 162 2967 aditus,
173 2893 285 2954 reterri
297 2893 336 2954 ad
356 2898 502 2964 matrem,
521 2897 673 2970 tanquam
698 2907 817 2963 verum,
869 2890 1070 2951 certissimam
1083 2895 1209 2952 eausam
1223 2890 1325 2952 attulit
1338 2892 1370 2953 S.
1388 2892 1554 2962 Thomas¹,
1566 2909 1639 2954 oum

62 2985 274 3064 propriumque
286 2984 399 3058 filium,
411 2982 686 3063 quodNestoriana
694 2982 821 3044 heresis
868 2982 955 3043 illam
980 2983 1080 3062 ipsam
1110 2982 1149 3043 de
1169 2982 1314 3063 adoptivo
1344 2982 1408 3044 filio
1434 2984 1640 3063 questionem

62 3091 119 3136 non
129 3078 246 3138 sineere
259 3075 483 3156 profitebatur,
496 3075 551 3138 sed
570 3092 753 3153 germanam
772 3073 820 3135 illi
869 3074 1063 3154 disceptaret.
1080 3075 1146 3135 lloo
1159 3076 1245 3136 enim
1260 3075 1350 3136 tertio
1365 3074 1423 3136 sihi
1433 3075 1503 3137 loeo
1516 3076 1623 3157 objicit
1628 3095 1637 3153 ;

61 3168 210 3232 rohonem
221 3168 426 3231 adulterabat.
869 3166 967 3227 rideri
977 3166 1106 3247 perinde
1119 3166 1220 3228 filium
1231 3166 1641 3247 adoptivumfasesaeChri·

94 3263 133 3323 at
152 3262 327 3325 fluentius
338 3261 373 3322 iu
386 3260 508 3339 dialogo
522 3260 748 3333 secundarum
761 3258 821 3321 hoo
869 3264 953 3320 stum
970 3276 1099 3320 vorare:
1125 3277 1161 3320 ae
1185 3276 1292 3320 servus
1317 3260 1500 3341 appellatur.
1522 3260 1577 3322 Cui
1597 3260 1641 3322 sie

60 3350 250 3417 Nestorianus
268 3353 431 3433 objecisset
444 3352 502 3413 ¹.o
530 3352 565 3413 Si
596 3368 701 3427 omne,
736 3351 821 3431 quod
869 3350 1046 3431 respondet,
1067 3356 1104 3410 ut
1126 3351 1283 3430 disparem
1304 3352 1465 3432 utriusque
1488 3353 1641 3414 rationem

61 3446 195 3524 moritur,
213 3452 357 3509 ereatura
369 3454 428 3522 est,
440 3462 514 3524 ergo
535 3450 568 3506 et
586 3444 744 3506 Christum
763 3460 821 3523 pro
870 3461 936 3504 esse
947 3442 1040 3504 dieat.
1053 3443 1132 3503 Nam
1148 3459 1239 3503 resse
1251 3443 1497 3523 ereatruam,ait,
1507 3449 1539 3505 et
1546 3443 1642 3505 etiam

60 3538 302 3620 noth-ispaoeatis
321 3541 679 3611 mortuum,ereaturam
694 3536 823 3597 esse.Et
870 3534 1012 3611 servitus,
1030 3534 1080 3594 rel
1096 3533 1244 3611 subjectio
1265 3534 1305 3594 ad
1324 3536 1434 3611 Deum,
1450 3553 1516 3597 non
1540 3535 1643 3596 solum

61 3631 126 3708 quia
145 3631 234 3693 nulla
249 3637 298 3692 est
314 3635 468 3705 ereatura,
484 3646 579 3708 quam
601 3646 667 3689 non
687 3626 822 3688 'ltinitas
871 3626 994 3707 respieit
1007 3642 1184 3706 personam,
1200 3624 1358 3687 sedetiam
1372 3632 1539 3688 naturam:
1557 3625 1642 3708 quod

60 3729 208 3801 operetur,
216 3722 354 3803 moletto
364 3722 516 3797 Christus,
523 3738 615 3800 quem
633 3738 690 3800 pro
707 3719 822 3780 nostris
871 3737 937 3780 non
949 3723 1050 3797 potest
1063 3718 1122 3779 diei
1133 3718 1172 3778 de
1185 3717 1344 3780 filiatione.
1359 3739 1376 3777 a
1399 3720 1516 3780 Verum
1531 3719 1558 3780 si
1573 3736 1641 3780 ser·

59 3816 185 3891 paneada
195 3820 361 3877 manuum
378 3813 544 3890 medimna,
558 3818 655 3874 stota
672 3811 822 3872 'l'rinitate
872 3810 987 3885 ritutis,
1004 3815 1035 3873 et
1049 3814 1199 3871 creaturae
1212 3810 1384 3890 proprietas
1397 3829 1456 3872 non
1468 3810 1562 3872 solem
1573 3829 1643 3892 per·

60 3911 172 3968 ereata
189 3913 248 3985 est,
267 3913 302 3969 et
318 3906 520 3968 resusoitatus
540 3922 559 3966 a
577 3904 725 3979 mortuis;
748 3902 824 3982 quia
871 3920 971 3964 mnam
989 3902 1118 3982 respiat,
1134 3899 1288 3964 sedetiam
1307 3906 1642 3984 aerumnarumque

61 4014 119 4057 una
139 4004 186 4060 est
206 3998 319 4071 rhum,
336 4004 369 4059 et
386 3997 524 4078 operatio
545 3996 704 4057 Trinitatis
720 4014 760 4055 :o
785 4012 823 4055 ex
872 3994 1010 4074 profecto
1023 3993 1205 4074 respicit:et
1217 3993 1332 4055 horum
1341 3993 1490 4056 alterutro
1502 3994 1641 4075 dempto,

61 4106 117 4167 que
130 4096 357 4170 oonsequenter
377 4090 478 4165 dooet,
497 4092 622 4149 «totam
639 4086 822 4149 Trinitatem
873 4104 937 4147 nou
950 4091 1052 4166 potest
1069 4091 1219 4147 ereatura
1232 4086 1319 4149 notio
1338 4087 1518 4148 consistere.
1545 4084 1643 4166 Atqui

58 4182 167 4258 pariter
186 4183 222 4243 in
246 4182 367 4245 Christo
387 4180 587 4242 inhabitare:
607 4201 623 4238 a
644 4179 711 4240 haee
729 4178 824 4257 igitur
872 4196 1006 4260 persona
1014 4178 1125 4240 Christi
1137 4177 1242 4240 divina
1255 4184 1311 4255 est,
1321 4177 1642 4259 etinoreata,quinsm
1691 4244 1697 4255 ,

59 4274 227 4352 opponenti
249 4273 433 4336 Nestoriano
461 4272 635 4334 Maxentius
658 4272 825 4351 respondet
874 4288 949 4351 ergo
963 4277 1104 4333 ereatura
1117 4269 1313 4333 censebitur?

60 4364 149 4426 sian
182 4367 287 4447 Imma
308 4364 450 4441 omnino,
476 4371 508 4426 et
535 4363 701 4441 sacrilega,
731 4369 824 4442 atque
915 4364 971 4424 llio
1004 4363 1176 4425 neeessario
1210 4362 1325 4444 duplex
1348 4360 1570 4425 discernendus
1598 4366 1644 4424 est

58 4455 244 4521 Arianormn
269 4457 470 4537 blasphemiis
497 4456 565 4519 haee
594 4455 715 4517 allectio
745 4472 825 4516 oooe·
875 4455 997 4530 modus,
1012 4472 1074 4534 quo
1089 4472 1139 4516 res
1151 4454 1275 4535 aliqua,
1291 4454 1340 4516 vel
1357 4455 1537 4532 substantia,
1555 4471 1642 4516 orea-

60 4552 178 4626 quenda
188 4556 249 4627 est,
263 4567 334 4631 quae
348 4549 506 4611 Christum
519 4566 585 4610 non
599 4549 698 4609 Deum
712 4546 825 4628 prudi-
874 4546 1065 4608 turadioitur
1076 4546 1641 4628 :primusest,maximequeprop1ius,

62 4645 115 4715 tet,
125 4643 181 4705 sed
195 4648 383 4706 ereaturam.
399 4642 462 4703 Nee
475 4640 616 4716 enim,ut
625 4639 722 4719 impie
732 4657 825 4719 argu·
876 4636 930 4718 qui
940 4638 980 4699 ab
993 4645 1116 4716 natura,
1132 4639 1183 4701 vel
1204 4640 1338 4701 essentia
1350 4640 1477 4720 petitur.
1492 4639 1546 4699 Est
1559 4639 1645 4701 enim

60 4744 212 4802 naneae
239 4758 283 4817 es,
308 4738 464 4800 Christum
490 4755 547 4815 pro
567 4736 681 4798 nostris
697 4735 829 4815 pereatis
878 4736 1013 4810 orrea„
1030 4731 1078 4793 uel
1094 4731 1389 4807 etiamsubstentie,
1404 4735 1555 4812 tanquam
1563 4747 1647 4793 sum·
1708 4766 1780 4811 m

58 4836 219 4893 nonaum
233 4837 298 4892 tota
320 4835 413 4908 areat,
436 4835 468 4890 et
487 4829 650 4890 resuscitat
668 4827 804 4888 Trinitas
820 4846 829 4886 ι
879 4836 1005 4885 morum
1023 4840 1193 4904 generum,
1213 4828 1245 4884 et
1256 4831 1439 4904 γινικωτάτων,
1458 4823 1644 4900 differentia,

59 4936 127 4983 mm
146 4923 291 4986 Christus
308 4927 453 4984 mortuus
471 4938 528 5001 pro
553 4919 686 5000 peccatis
705 4919 829 4993 uostris,
881 4916 1020 4979 meatum
1034 4932 1118 4991 esse;
1132 4919 1168 4976 ut
1180 4930 1253 4975 eum
1266 4914 1420 4976 utrumvis
1439 4914 1475 4976 in
1494 4921 1645 4990 ereetum,

62 5027 122 5076 non
134 5023 318 5086 ertrmeus,
332 5014 528 5091 autalienus,
548 5013 699 5074 sedunus
715 5009 835 5090 exipsa
882 5013 913 5071 et
933 5009 1108 5070 increatum
1125 5006 1286 5070 dividitur.
1308 5008 1355 5069 lta
1378 5007 1494 5089 speeies
1519 5012 1565 5070 est
1583 5022 1648 5069 nna

92 5245 113 5285 a
130 5226 239 5287 hocs„
257 5226 293 5281 'lh
315 5222 476 5298 ἂκιΰγασμ,
501 5220 531 5277 oh
558 5219 589 5277 th
610 5218 714 5294 artare,
729 5225 783 5278 ete.
801 5216 835 5274 ‘0
918 5216 1025 5276 bibidr
1044 5216 1093 5272 liei
1107 5213 1200 5280 τίξεται
1214 5214 1278 5273 eihs·
1291 5211 1647 5289 tripuErrhshtismeirhv

11 5302 12 5387 j
62 5313 285 5385 moderere,
300 5305 479 5380 ehrdsslepa.
883 5301 1024 5377 exterretis
1037 5296 1155 5370 hebreos.

83 5494 947 5555 irarr.semeso.-rnur.purqu.xan,ussea

11 5600 13 5615 r

11 5622 13 5655 t

11 6026 12 6035 i
