<?xml version="1.0" encoding="UTF-8"?>
<!DOCTYPE html PUBLIC "-//W3C//DTD XHTML 1.0 Transitional//EN"
    "http://www.w3.org/TR/xhtml1/DTD/xhtml1-transitional.dtd">
<html xmlns="http://www.w3.org/1999/xhtml" xml:lang="en" lang="en">
 <head>
  <title>
</title>
<meta http-equiv="Content-Type" content="text/html;charset=utf-8" />
  <meta name='ocr-system' content='tesseract 3.04.00' />
  <meta name='ocr-capabilities' content='ocr_page ocr_carea ocr_par ocr_line ocrx_word'/>
</head>
<body>
  <div class='ocr_page' id='page_1' title='image "./dogmatatheologi00zaccgoog_0213.png"; bbox 0 0 3932 6142; ppageno 0'>
   <div class='ocr_carea' id='block_1_1' title="bbox 362 284 1427 353">
    <p class='ocr_par' dir='ltr' id='par_1_1' title="bbox 362 284 1427 353">
     <span class='ocr_line' id='line_1_1' title="bbox 362 284 1427 353; baseline -0.002 0"><span class='ocrx_word' id='word_1_1' title='bbox 362 291 422 353; x_wconf 71' lang='grc'><strong>194</strong></span> <span class='ocrx_word' id='word_1_2' title='bbox 864 284 1190 349; x_wconf 74' lang='lat' dir='ltr'><strong>mmweteosuu</strong></span> <span class='ocrx_word' id='word_1_3' title='bbox 1209 286 1427 351; x_wconf 71' lang='lat' dir='ltr'><strong>robustum</strong></span> 
     </span>
    </p>
   </div>
   <div class='ocr_carea' id='block_1_2' title="bbox 185 449 1951 4596">
    <p class='ocr_par' dir='ltr' id='par_1_2' title="bbox 185 449 1951 4596">
     <span class='ocr_line' id='line_1_2' title="bbox 361 449 1905 533; baseline 0.002 -19"><span class='ocrx_word' id='word_1_4' title='bbox 361 467 456 533; x_wconf 88' lang='lat' dir='ltr'><strong>quam</strong></span> <span class='ocrx_word' id='word_1_5' title='bbox 482 453 738 526; x_wconf 72' lang='lat' dir='ltr'><strong>instrumentum,</strong></span> <span class='ocrx_word' id='word_1_6' title='bbox 765 450 893 532; x_wconf 87' lang='lat' dir='ltr'><strong>inipso</strong></span> <span class='ocrx_word' id='word_1_7' title='bbox 920 449 1073 530; x_wconf 82' lang='lat' dir='ltr'><strong>cognitus,</strong></span> <span class='ocrx_word' id='word_1_8' title='bbox 1095 454 1128 510; x_wconf 90' lang='lat' dir='ltr'><strong>et</strong></span> <span class='ocrx_word' id='word_1_9' title='bbox 1176 458 1297 513; x_wconf 79' lang='lat' dir='ltr'><strong>nature</strong></span> <span class='ocrx_word' id='word_1_10' title='bbox 1324 452 1451 514; x_wconf 84' lang='lat' dir='ltr'><strong>alterius</strong></span> <span class='ocrx_word' id='word_1_11' title='bbox 1474 452 1684 532; x_wconf 70' lang='lat' dir='ltr'>intelligamus</span> <span class='ocrx_word' id='word_1_12' title='bbox 1708 471 1769 516; x_wconf 84' lang='lat' dir='ltr'><strong>oeae</strong></span> <span class='ocrx_word' id='word_1_13' title='bbox 1792 455 1905 531; x_wconf 82' lang='lat' dir='ltr'><strong>imtan3</strong></span> 
     </span>
     <span class='ocr_line' id='line_1_3' title="bbox 361 542 1907 624; baseline 0.003 -20"><span class='ocrx_word' id='word_1_14' title='bbox 361 544 548 606; x_wconf 63' lang='lat' dir='ltr'><strong>babituram.»</strong></span> <span class='ocrx_word' id='word_1_15' title='bbox 564 547 664 624; x_wconf 84' lang='lat' dir='ltr'><strong>Atque</strong></span> <span class='ocrx_word' id='word_1_16' title='bbox 673 545 719 605; x_wconf 92' lang='lat' dir='ltr'><strong>uti</strong></span> <span class='ocrx_word' id='word_1_17' title='bbox 731 542 897 623; x_wconf 84' lang='lat' dir='ltr'><strong>Templum</strong></span> <span class='ocrx_word' id='word_1_18' title='bbox 911 542 1025 603; x_wconf 88' lang='lat' dir='ltr'><strong>ideireo</strong></span> <span class='ocrx_word' id='word_1_19' title='bbox 1038 560 1128 603; x_wconf 79' lang='lat' dir='ltr'><strong>voee-</strong></span> <span class='ocrx_word' id='word_1_20' title='bbox 1175 544 1253 605; x_wconf 89' lang='lat' dir='ltr'><strong>sieut</strong></span> <span class='ocrx_word' id='word_1_21' title='bbox 1270 543 1365 605; x_wconf 88' lang='lat' dir='ltr'><strong>bomo</strong></span> <span class='ocrx_word' id='word_1_22' title='bbox 1392 552 1509 607; x_wconf 84' lang='lat' dir='ltr'><strong>vestem</strong></span> <span class='ocrx_word' id='word_1_23' title='bbox 1530 546 1675 621; x_wconf 88' lang='lat' dir='ltr'><strong>induens,</strong></span> <span class='ocrx_word' id='word_1_24' title='bbox 1698 547 1773 608; x_wconf 86' lang='lat' dir='ltr'>nihil</span> <span class='ocrx_word' id='word_1_25' title='bbox 1790 547 1907 617; x_wconf 85' lang='lat' dir='ltr'><strong>interius,</strong></span> 
     </span>
     <span class='ocr_line' id='line_1_4' title="bbox 359 631 1907 719; baseline 0.003 -22"><span class='ocrx_word' id='word_1_26' title='bbox 359 643 413 698; x_wconf 90' lang='lat' dir='ltr'><strong>tur</strong></span> <span class='ocrx_word' id='word_1_27' title='bbox 426 640 562 698; x_wconf 86' lang='lat' dir='ltr'><strong>humana</strong></span> <span class='ocrx_word' id='word_1_28' title='bbox 581 636 640 698; x_wconf 87' lang='lat' dir='ltr'><strong>ista</strong></span> <span class='ocrx_word' id='word_1_29' title='bbox 659 643 772 698; x_wconf 89' lang='lat' dir='ltr'><strong>natura</strong></span> <span class='ocrx_word' id='word_1_30' title='bbox 790 635 874 715; x_wconf 91' lang='lat' dir='ltr'><strong>quod</strong></span> <span class='ocrx_word' id='word_1_31' title='bbox 902 634 936 695; x_wconf 81' lang='lat' dir='ltr'><strong>io</strong></span> <span class='ocrx_word' id='word_1_32' title='bbox 956 652 989 695; x_wconf 82' lang='lat' dir='ltr'><strong>eo</strong></span> <span class='ocrx_word' id='word_1_33' title='bbox 1013 631 1127 695; x_wconf 77' lang='lat' dir='ltr'><strong>dabitat</strong></span> <span class='ocrx_word' id='word_1_34' title='bbox 1175 641 1267 715; x_wconf 88' lang='lat' dir='ltr'><strong>atque</strong></span> <span class='ocrx_word' id='word_1_35' title='bbox 1281 637 1313 697; x_wconf 92' lang='lat' dir='ltr'><strong>in</strong></span> <span class='ocrx_word' id='word_1_36' title='bbox 1327 637 1907 719; x_wconf 86' lang='lat' dir='ltr'><strong>substantiasua,autamittitproprium,</strong></span> 
     </span>
     <span class='ocr_line' id='line_1_5' title="bbox 359 724 1909 810; baseline 0.001 -20"><span class='ocrx_word' id='word_1_37' title='bbox 359 730 454 790; x_wconf 81' lang='lat' dir='ltr'><strong>omnis</strong></span> <span class='ocrx_word' id='word_1_38' title='bbox 478 728 635 810; x_wconf 76' lang='lat' dir='ltr'><em>plenitudo</em></span> <span class='ocrx_word' id='word_1_39' title='bbox 658 728 824 790; x_wconf 81' lang='lat' dir='ltr'><strong>diuinitatis</strong></span> <span class='ocrx_word' id='word_1_40' title='bbox 850 724 1043 808; x_wconf 75' lang='lat' dir='ltr'><em>corporaliter</em></span> <span class='ocrx_word' id='word_1_41' title='bbox 1059 745 1067 785; x_wconf 75' lang='grc' dir='ltr'>ε</span> <span class='ocrx_word' id='word_1_42' title='bbox 1083 727 1126 788; x_wconf 89' lang='lat' dir='ltr'><strong>sie</strong></span> <span class='ocrx_word' id='word_1_43' title='bbox 1175 732 1230 786; x_wconf 91' lang='lat' dir='ltr'><strong>aut</strong></span> <span class='ocrx_word' id='word_1_44' title='bbox 1242 729 1373 808; x_wconf 80' lang='lat' dir='ltr'><strong>acquirit</strong></span> <span class='ocrx_word' id='word_1_45' title='bbox 1381 729 1909 810; x_wconf 83' lang='lat' dir='ltr'><strong>alienum.Quarompsrstioueusum</strong></span> 
     </span>
     <span class='ocr_line' id='line_1_6' title="bbox 358 818 1909 902; baseline 0.003 -22"><span class='ocrx_word' id='word_1_46' title='bbox 358 821 601 882; x_wconf 77' lang='lat' dir='ltr'><strong>instrumentum</strong></span> <span class='ocrx_word' id='word_1_47' title='bbox 612 819 887 902; x_wconf 88' lang='lat' dir='ltr'><strong>appellatur,quod</strong></span> <span class='ocrx_word' id='word_1_48' title='bbox 898 834 953 898; x_wconf 89' lang='lat' dir='ltr'><strong>per</strong></span> <span class='ocrx_word' id='word_1_49' title='bbox 965 818 1051 879; x_wconf 90' lang='lat' dir='ltr'><strong>illam</strong></span> <span class='ocrx_word' id='word_1_50' title='bbox 1063 820 1128 894; x_wconf 77' lang='lat' dir='ltr'><strong>agit</strong></span> <span class='ocrx_word' id='word_1_51' title='bbox 1174 819 1288 880; x_wconf 85' lang='lat' dir='ltr'><strong>alieubi</strong></span> <span class='ocrx_word' id='word_1_52' title='bbox 1304 821 1511 902; x_wconf 84' lang='lat' dir='ltr'><strong>Epiphaniam</strong></span> <span class='ocrx_word' id='word_1_53' title='bbox 1525 840 1590 884; x_wconf 89' lang='lat' dir='ltr'><strong>esse</strong></span> <span class='ocrx_word' id='word_1_54' title='bbox 1601 823 1740 885; x_wconf 87' lang='lat' dir='ltr'><strong>memini.</strong></span> <span class='ocrx_word' id='word_1_55' title='bbox 1762 824 1835 884; x_wconf 75' lang='lat' dir='ltr'><strong>ium</strong></span> <span class='ocrx_word' id='word_1_56' title='bbox 1851 832 1909 885; x_wconf 86' lang='lat' dir='ltr'><strong>reso</strong></span> 
     </span>
     <span class='ocr_line' id='line_1_7' title="bbox 359 911 1908 997; baseline 0.001 -23"><span class='ocrx_word' id='word_1_57' title='bbox 359 914 441 975; x_wconf 86' lang='lat' dir='ltr'><strong>Deus</strong></span> <span class='ocrx_word' id='word_1_58' title='bbox 458 914 607 989; x_wconf 80' lang='lat' dir='ltr'><strong>Verbum,</strong></span> <span class='ocrx_word' id='word_1_59' title='bbox 623 919 654 975; x_wconf 88' lang='lat' dir='ltr'><strong>et</strong></span> <span class='ocrx_word' id='word_1_60' title='bbox 676 914 841 993; x_wconf 90' lang='lat' dir='ltr'><strong>utrobique</strong></span> <span class='ocrx_word' id='word_1_61' title='bbox 854 917 994 973; x_wconf 85' lang='lat' dir='ltr'><strong>servatur</strong></span> <span class='ocrx_word' id='word_1_62' title='bbox 1009 929 1126 991; x_wconf 80' lang='lat' dir='ltr'><strong>praero-</strong></span> <span class='ocrx_word' id='word_1_63' title='bbox 1175 911 1404 992; x_wconf 88' lang='lat' dir='ltr'><strong>Hildepbonsus</strong></span> <span class='ocrx_word' id='word_1_64' title='bbox 1426 915 1592 976; x_wconf 88' lang='lat' dir='ltr'><strong>Toletanus</strong></span> <span class='ocrx_word' id='word_1_65' title='bbox 1611 915 1645 976; x_wconf 92' lang='lat' dir='ltr'><strong>iu</strong></span> <span class='ocrx_word' id='word_1_66' title='bbox 1662 914 1740 976; x_wconf 88' lang='lat' dir='ltr'><strong>libro</strong></span> <span class='ocrx_word' id='word_1_67' title='bbox 1752 914 1908 997; x_wconf 69' lang='lat' dir='ltr'><strong>synape</strong></span> 
     </span>
     <span class='ocr_line' id='line_1_8' title="bbox 358 1003 1910 1087; baseline 0.003 -21"><span class='ocrx_word' id='word_1_68' title='bbox 358 1005 463 1084; x_wconf 85' lang='lat' dir='ltr'><strong>gativs</strong></span> <span class='ocrx_word' id='word_1_69' title='bbox 477 1014 598 1068; x_wconf 78' lang='lat' dir='ltr'><strong>naturae</strong></span> <span class='ocrx_word' id='word_1_70' title='bbox 618 1006 757 1086; x_wconf 88' lang='lat' dir='ltr'><strong>potioris,</strong></span> <span class='ocrx_word' id='word_1_71' title='bbox 770 1006 859 1084; x_wconf 87' lang='lat' dir='ltr'><strong>eujus</strong></span> <span class='ocrx_word' id='word_1_72' title='bbox 881 1011 913 1065; x_wconf 87' lang='lat' dir='ltr'><strong>et</strong></span> <span class='ocrx_word' id='word_1_73' title='bbox 926 1003 1077 1079; x_wconf 88' lang='lat' dir='ltr'><strong>babitare,</strong></span> <span class='ocrx_word' id='word_1_74' title='bbox 1095 1009 1127 1065; x_wconf 86' lang='lat' dir='ltr'><strong>et</strong></span> <span class='ocrx_word' id='word_1_75' title='bbox 1175 1022 1243 1064; x_wconf 85' lang='lat' dir='ltr'><strong>rum</strong></span> <span class='ocrx_word' id='word_1_76' title='bbox 1256 1003 1482 1084; x_wconf 78' lang='lat' dir='ltr'><strong>derirpinitute</strong></span> <span class='ocrx_word' id='word_1_77' title='bbox 1496 1005 1530 1069; x_wconf 90' lang='lat' dir='ltr'><strong>S.</strong></span> <span class='ocrx_word' id='word_1_78' title='bbox 1542 1005 1686 1069; x_wconf 49' lang='lat' dir='ltr'><strong>Morio&amp;</strong></span> <span class='ocrx_word' id='word_1_79' title='bbox 1698 1007 1910 1087; x_wconf 71' lang='lat' dir='ltr'><strong>«Abaquoveste</strong></span> 
     </span>
     <span class='ocr_line' id='line_1_9' title="bbox 358 1096 1910 1180; baseline 0.001 -20"><span class='ocrx_word' id='word_1_80' title='bbox 358 1114 450 1178; x_wconf 86' lang='lat' dir='ltr'><strong>agere</strong></span> <span class='ocrx_word' id='word_1_81' title='bbox 479 1099 641 1179; x_wconf 89' lang='lat' dir='ltr'><strong>proprium</strong></span> <span class='ocrx_word' id='word_1_82' title='bbox 665 1105 719 1160; x_wconf 88' lang='lat' dir='ltr'><strong>est.</strong></span> <span class='ocrx_word' id='word_1_83' title='bbox 743 1099 814 1159; x_wconf 86' lang='lat' dir='ltr'><strong>ideo</strong></span> <span class='ocrx_word' id='word_1_84' title='bbox 838 1114 939 1175; x_wconf 89' lang='lat' dir='ltr'><strong>nequo</strong></span> <span class='ocrx_word' id='word_1_85' title='bbox 960 1096 1126 1175; x_wconf 87' lang='lat' dir='ltr'><strong>Templum</strong></span> <span class='ocrx_word' id='word_1_86' title='bbox 1175 1097 1390 1178; x_wconf 77' lang='lat' dir='ltr'><strong>Deuainquit,</strong></span> <span class='ocrx_word' id='word_1_87' title='bbox 1406 1105 1443 1161; x_wconf 90' lang='lat' dir='ltr'><strong>ut</strong></span> <span class='ocrx_word' id='word_1_88' title='bbox 1456 1099 1612 1162; x_wconf 87' lang='lat' dir='ltr'><strong>itadieam</strong></span> <span class='ocrx_word' id='word_1_89' title='bbox 1623 1100 1805 1179; x_wconf 70' lang='lat' dir='ltr'><strong>ingreditur,</strong></span> <span class='ocrx_word' id='word_1_90' title='bbox 1819 1101 1910 1180; x_wconf 72' lang='lat' dir='ltr'><strong>quiet</strong></span> 
     </span>
     <span class='ocr_line' id='line_1_10' title="bbox 358 1187 1909 1273; baseline 0.002 -23"><span class='ocrx_word' id='word_1_91' title='bbox 358 1188 759 1252; x_wconf 78' lang='lat' dir='ltr'><strong>homlnlslleusinchristo</strong></span> <span class='ocrx_word' id='word_1_92' title='bbox 773 1195 990 1263; x_wconf 83' lang='lat' dir='ltr'><strong>voratur3neo</strong></span> <span class='ocrx_word' id='word_1_93' title='bbox 1005 1187 1125 1249; x_wconf 80' lang='lat' dir='ltr'><strong>instru-</strong></span> <span class='ocrx_word' id='word_1_94' title='bbox 1175 1196 1257 1251; x_wconf 88' lang='lat' dir='ltr'><strong>eerte</strong></span> <span class='ocrx_word' id='word_1_95' title='bbox 1280 1191 1391 1268; x_wconf 86' lang='lat' dir='ltr'><strong>dicam,</strong></span> <span class='ocrx_word' id='word_1_96' title='bbox 1419 1212 1511 1256; x_wconf 89' lang='lat' dir='ltr'><strong>earne</strong></span> <span class='ocrx_word' id='word_1_97' title='bbox 1533 1194 1660 1254; x_wconf 83' lang='lat' dir='ltr'><strong>vestitus</strong></span> <span class='ocrx_word' id='word_1_98' title='bbox 1683 1192 1851 1273; x_wconf 85' lang='lat' dir='ltr'><strong>ingreditur.</strong></span> <span class='ocrx_word' id='word_1_99' title='bbox 1873 1192 1909 1253; x_wconf 89' lang='lat' dir='ltr'><strong>Ad</strong></span> 
     </span>
     <span class='ocr_line' id='line_1_11' title="bbox 358 1278 1909 1366; baseline 0.002 -24"><span class='ocrx_word' id='word_1_100' title='bbox 358 1286 499 1344; x_wconf 87' lang='lat' dir='ltr'><strong>mentum</strong></span> <span class='ocrx_word' id='word_1_101' title='bbox 510 1283 659 1362; x_wconf 83' lang='lat' dir='ltr'><strong>ejusdem.</strong></span> <span class='ocrx_word' id='word_1_102' title='bbox 681 1283 775 1361; x_wconf 83' lang='lat' dir='ltr'><strong>Cujus</strong></span> <span class='ocrx_word' id='word_1_103' title='bbox 787 1281 963 1361; x_wconf 87' lang='lat' dir='ltr'><strong>posterioris</strong></span> <span class='ocrx_word' id='word_1_104' title='bbox 985 1278 1070 1361; x_wconf 88' lang='lat' dir='ltr'><strong>(nam</strong></span> <span class='ocrx_word' id='word_1_105' title='bbox 1087 1281 1126 1342; x_wconf 88' lang='lat' dir='ltr'><strong>do</strong></span> <span class='ocrx_word' id='word_1_106' title='bbox 1174 1280 1304 1343; x_wconf 90' lang='lat' dir='ltr'><strong>domum</strong></span> <span class='ocrx_word' id='word_1_107' title='bbox 1332 1285 1381 1345; x_wconf 91' lang='lat' dir='ltr'><strong>sui</strong></span> <span class='ocrx_word' id='word_1_108' title='bbox 1410 1286 1512 1366; x_wconf 88' lang='lat' dir='ltr'><strong>operis</strong></span> <span class='ocrx_word' id='word_1_109' title='bbox 1539 1284 1641 1361; x_wconf 87' lang='lat' dir='ltr'><strong>veuit;</strong></span> <span class='ocrx_word' id='word_1_110' title='bbox 1674 1286 1772 1346; x_wconf 76' lang='lat' dir='ltr'><strong>anab</strong></span> <span class='ocrx_word' id='word_1_111' title='bbox 1797 1288 1909 1346; x_wconf 72' lang='lat' dir='ltr'><strong>bamm-</strong></span> 
     </span>
     <span class='ocr_line' id='line_1_12' title="bbox 358 1372 1909 1456; baseline 0.002 -22"><span class='ocrx_word' id='word_1_112' title='bbox 358 1374 455 1436; x_wconf 88' lang='lat' dir='ltr'><strong>ultero</strong></span> <span class='ocrx_word' id='word_1_113' title='bbox 478 1376 620 1455; x_wconf 87' lang='lat' dir='ltr'><strong>superius</strong></span> <span class='ocrx_word' id='word_1_114' title='bbox 646 1372 776 1455; x_wconf 81' lang='lat' dir='ltr'><strong>egimus)</strong></span> <span class='ocrx_word' id='word_1_115' title='bbox 805 1390 930 1434; x_wconf 86' lang='lat' dir='ltr'><strong>eausam</strong></span> <span class='ocrx_word' id='word_1_116' title='bbox 954 1372 998 1433; x_wconf 88' lang='lat' dir='ltr'><strong>ita</strong></span> <span class='ocrx_word' id='word_1_117' title='bbox 1023 1373 1127 1434; x_wconf 88' lang='lat' dir='ltr'><strong>reddit</strong></span> <span class='ocrx_word' id='word_1_118' title='bbox 1174 1374 1267 1436; x_wconf 90' lang='lat' dir='ltr'><strong>modo</strong></span> <span class='ocrx_word' id='word_1_119' title='bbox 1285 1381 1403 1438; x_wconf 84' lang='lat' dir='ltr'><strong>vestem</strong></span> <span class='ocrx_word' id='word_1_120' title='bbox 1420 1378 1501 1438; x_wconf 90' lang='lat' dir='ltr'><strong>tulit.</strong></span> <span class='ocrx_word' id='word_1_121' title='bbox 1523 1378 1611 1438; x_wconf 88' lang='lat' dir='ltr'><strong>idem</strong></span> <span class='ocrx_word' id='word_1_122' title='bbox 1624 1377 1678 1456; x_wconf 93' lang='lat' dir='ltr'><strong>qui</strong></span> <span class='ocrx_word' id='word_1_123' title='bbox 1692 1382 1813 1439; x_wconf 79' lang='lat' dir='ltr'><strong>venerat</strong></span> <span class='ocrx_word' id='word_1_124' title='bbox 1830 1378 1909 1438; x_wconf 75' lang='lat' dir='ltr'><strong>redit.-</strong></span> 
     </span>
     <span class='ocr_line' id='line_1_13' title="bbox 357 1463 1910 1549; baseline 0.002 -22"><span class='ocrx_word' id='word_1_125' title='bbox 357 1466 494 1529; x_wconf 86' lang='lat' dir='ltr'><strong>loannes</strong></span> <span class='ocrx_word' id='word_1_126' title='bbox 502 1463 1124 1546; x_wconf 83' lang='lat' dir='ltr'><strong>Damaseenus3uProprias,inquit,dotes,</strong></span> <span class='ocrx_word' id='word_1_127' title='bbox 1173 1466 1338 1537; x_wconf 86' lang='lat' dir='ltr'><strong>sedaliter,</strong></span> <span class='ocrx_word' id='word_1_128' title='bbox 1360 1486 1456 1549; x_wconf 81' lang='lat' dir='ltr'><strong>qsmm</strong></span> <span class='ocrx_word' id='word_1_129' title='bbox 1473 1471 1638 1532; x_wconf 72' lang='lat' dir='ltr'><strong>incesserat</strong></span> <span class='ocrx_word' id='word_1_130' title='bbox 1664 1471 1739 1549; x_wconf 89' lang='lat' dir='ltr'><strong>ipse,</strong></span> <span class='ocrx_word' id='word_1_131' title='bbox 1766 1468 1832 1530; x_wconf 90' lang='lat' dir='ltr'><strong>inde</strong></span> <span class='ocrx_word' id='word_1_132' title='bbox 1853 1487 1910 1549; x_wconf 85' lang='lat' dir='ltr'><strong>pm·</strong></span> 
     </span>
     <span class='ocr_line' id='line_1_14' title="bbox 357 1558 1303 1640; baseline -0.003 -19"><span class='ocrx_word' id='word_1_133' title='bbox 357 1564 580 1621; x_wconf 81' lang='lat' dir='ltr'><strong>sternumenta</strong></span> <span class='ocrx_word' id='word_1_134' title='bbox 593 1560 715 1640; x_wconf 78' lang='lat' dir='ltr'><strong>corpori</strong></span> <span class='ocrx_word' id='word_1_135' title='bbox 727 1558 1037 1636; x_wconf 75' lang='lat' dir='ltr'><strong>divinitasimpertit:</strong></span> <span class='ocrx_word' id='word_1_136' title='bbox 1059 1558 1127 1637; x_wconf 86' lang='lat' dir='ltr'><strong>ipsa</strong></span> <span class='ocrx_word' id='word_1_137' title='bbox 1175 1558 1303 1619; x_wconf 75' lang='lat' dir='ltr'><strong>erasit.»</strong></span> 
     </span>
     <span class='ocr_line' id='line_1_15' title="bbox 355 1650 1911 1733; baseline 0.001 -21"><span class='ocrx_word' id='word_1_138' title='bbox 355 1669 430 1713; x_wconf 86' lang='lat' dir='ltr'><strong>vero</strong></span> <span class='ocrx_word' id='word_1_139' title='bbox 442 1654 621 1733; x_wconf 89' lang='lat' dir='ltr'><strong>passionum</strong></span> <span class='ocrx_word' id='word_1_140' title='bbox 639 1652 742 1714; x_wconf 87' lang='lat' dir='ltr'><strong>earnis</strong></span> <span class='ocrx_word' id='word_1_141' title='bbox 755 1668 864 1731; x_wconf 81' lang='lat' dir='ltr'><strong>expers</strong></span> <span class='ocrx_word' id='word_1_142' title='bbox 882 1656 1034 1711; x_wconf 83' lang='lat' dir='ltr'><strong>remanet.</strong></span> <span class='ocrx_word' id='word_1_143' title='bbox 1055 1650 1126 1711; x_wconf 91' lang='lat' dir='ltr'><strong>Non</strong></span> <span class='ocrx_word' id='word_1_144' title='bbox 1215 1651 1346 1713; x_wconf 78' lang='lat' dir='ltr'><strong>Albinus</strong></span> <span class='ocrx_word' id='word_1_145' title='bbox 1358 1651 1433 1714; x_wconf 87' lang='lat' dir='ltr'><strong>item</strong></span> <span class='ocrx_word' id='word_1_146' title='bbox 1444 1652 1567 1713; x_wconf 83' lang='lat' dir='ltr'><strong>Flaeeus</strong></span> <span class='ocrx_word' id='word_1_147' title='bbox 1581 1650 1615 1714; x_wconf 91' lang='lat' dir='ltr'><strong>ln</strong></span> <span class='ocrx_word' id='word_1_148' title='bbox 1627 1650 1710 1713; x_wconf 89' lang='lat' dir='ltr'><strong>libro</strong></span> <span class='ocrx_word' id='word_1_149' title='bbox 1724 1651 1846 1714; x_wconf 88' lang='lat' dir='ltr'><strong>seeundo</strong></span> <span class='ocrx_word' id='word_1_150' title='bbox 1861 1671 1911 1714; x_wconf 70' lang='lat' dir='ltr'><strong>ooo</strong></span> 
     </span>
     <span class='ocr_line' id='line_1_16' title="bbox 357 1742 1909 1826; baseline 0 -21"><span class='ocrx_word' id='word_1_151' title='bbox 357 1745 923 1825; x_wconf 73' lang='lat' dir='ltr'><strong>entmquemadmodumpercarnem</strong></span> <span class='ocrx_word' id='word_1_152' title='bbox 937 1742 1125 1822; x_wconf 79' lang='lat' dir='ltr'><strong>operabatur</strong></span> <span class='ocrx_word' id='word_1_153' title='bbox 1175 1750 1223 1804; x_wconf 87' lang='lat' dir='ltr'><strong>tra</strong></span> <span class='ocrx_word' id='word_1_154' title='bbox 1238 1743 1403 1822; x_wconf 77' lang='lat' dir='ltr'><strong>Felicem¹,</strong></span> <span class='ocrx_word' id='word_1_155' title='bbox 1435 1744 1571 1826; x_wconf 87' lang='lat' dir='ltr'><strong>idipsum</strong></span> <span class='ocrx_word' id='word_1_156' title='bbox 1604 1745 1768 1824; x_wconf 71' lang='lat' dir='ltr'><strong>Augustini</strong></span> <span class='ocrx_word' id='word_1_157' title='bbox 1798 1744 1909 1805; x_wconf 87' lang='lat' dir='ltr'><strong>adbibita</strong></span> 
     </span>
     <span class='ocr_line' id='line_1_17' title="bbox 356 1834 1909 1918; baseline 0 -21"><span class='ocrx_word' id='word_1_158' title='bbox 356 1837 450 1899; x_wconf 85' lang='lat' dir='ltr'><strong>Verbi</strong></span> <span class='ocrx_word' id='word_1_159' title='bbox 459 1834 669 1915; x_wconf 77' lang='lat' dir='ltr'><strong>divinitas3ita</strong></span> <span class='ocrx_word' id='word_1_160' title='bbox 678 1836 934 1918; x_wconf 79' lang='lat' dir='ltr'><strong>perdivisitatem</strong></span> <span class='ocrx_word' id='word_1_161' title='bbox 947 1835 1044 1915; x_wconf 89' lang='lat' dir='ltr'><strong>ipsius</strong></span> <span class='ocrx_word' id='word_1_162' title='bbox 1052 1852 1125 1896; x_wconf 86' lang='lat' dir='ltr'><strong>raro</strong></span> <span class='ocrx_word' id='word_1_163' title='bbox 1172 1836 1349 1899; x_wconf 89' lang='lat' dir='ltr'><strong>testimonio</strong></span> <span class='ocrx_word' id='word_1_164' title='bbox 1374 1839 1419 1898; x_wconf 89' lang='lat' dir='ltr'><strong>ita</strong></span> <span class='ocrx_word' id='word_1_165' title='bbox 1431 1837 1595 1899; x_wconf 80' lang='lat' dir='ltr'><strong>confirmat</strong></span> <span class='ocrx_word' id='word_1_166' title='bbox 1622 1856 1629 1896; x_wconf 84' lang='grc' dir='ltr'>τ</span> <span class='ocrx_word' id='word_1_167' title='bbox 1654 1857 1668 1895; x_wconf 81' lang='lat' dir='ltr'><strong>s</strong></span> <span class='ocrx_word' id='word_1_168' title='bbox 1694 1838 1738 1898; x_wconf 88' lang='lat' dir='ltr'><strong>De</strong></span> <span class='ocrx_word' id='word_1_169' title='bbox 1762 1837 1909 1916; x_wconf 80' lang='lat' dir='ltr'><strong>quostiam</strong></span> 
     </span>
     <span class='ocr_line' id='line_1_18' title="bbox 355 1927 1909 2010; baseline 0 -20"><span class='ocrx_word' id='word_1_170' title='bbox 355 1929 541 2010; x_wconf 86' lang='lat' dir='ltr'><strong>patiebatur.</strong></span> <span class='ocrx_word' id='word_1_171' title='bbox 549 1930 710 2010; x_wconf 86' lang='lat' dir='ltr'><strong>Siquidem</strong></span> <span class='ocrx_word' id='word_1_172' title='bbox 718 1930 961 1991; x_wconf 86' lang='lat' dir='ltr'><strong>instrumentum</strong></span> <span class='ocrx_word' id='word_1_173' title='bbox 968 1934 1035 1990; x_wconf 90' lang='lat' dir='ltr'><strong>erat</strong></span> <span class='ocrx_word' id='word_1_174' title='bbox 1043 1927 1122 1988; x_wconf 83' lang='lat' dir='ltr'><strong>divi-</strong></span> <span class='ocrx_word' id='word_1_175' title='bbox 1174 1927 1285 1990; x_wconf 81' lang='lat' dir='ltr'><strong>Cbristi</strong></span> <span class='ocrx_word' id='word_1_176' title='bbox 1298 1928 1407 1991; x_wconf 90' lang='lat' dir='ltr'><strong>habitu</strong></span> <span class='ocrx_word' id='word_1_177' title='bbox 1422 1931 1454 1991; x_wconf 87' lang='lat' dir='ltr'><strong>B.</strong></span> <span class='ocrx_word' id='word_1_178' title='bbox 1472 1928 1665 2008; x_wconf 76' lang='lat' dir='ltr'><strong>Augustinus</strong></span> <span class='ocrx_word' id='word_1_179' title='bbox 1676 1928 1735 2005; x_wconf 86' lang='lat' dir='ltr'><strong>ait;</strong></span> <span class='ocrx_word' id='word_1_180' title='bbox 1749 1927 1909 2008; x_wconf 76' lang='lat' dir='ltr'><strong>sieassump</strong></span> 
     </span>
     <span class='ocr_line' id='line_1_19' title="bbox 355 2019 1909 2103; baseline -0.001 -20"><span class='ocrx_word' id='word_1_181' title='bbox 355 2021 606 2085; x_wconf 68' lang='lat' dir='ltr'><strong>mariaeerat.»</strong></span> <span class='ocrx_word' id='word_1_182' title='bbox 727 2031 731 2039; x_wconf 85' lang='grc'><strong>’</strong></span> <span class='ocrx_word' id='word_1_183' title='bbox 1173 2025 1224 2082; x_wconf 90' lang='lat' dir='ltr'><strong>tus</strong></span> <span class='ocrx_word' id='word_1_184' title='bbox 1237 2021 1618 2103; x_wconf 85' lang='lat' dir='ltr'><strong>estbomo,utprofioeret</strong></span> <span class='ocrx_word' id='word_1_185' title='bbox 1631 2022 1666 2082; x_wconf 91' lang='lat' dir='ltr'><strong>in</strong></span> <span class='ocrx_word' id='word_1_186' title='bbox 1676 2020 1795 2096; x_wconf 87' lang='lat' dir='ltr'><strong>melius,</strong></span> <span class='ocrx_word' id='word_1_187' title='bbox 1808 2019 1909 2082; x_wconf 90' lang='lat' dir='ltr'><strong>atabao</strong></span> 
     </span>
     <span class='ocr_line' id='line_1_20' title="bbox 397 2112 1908 2192; baseline -0.001 -16"><span class='ocrx_word' id='word_1_188' title='bbox 397 2114 457 2176; x_wconf 80' lang='lat' dir='ltr'><strong>Sed</strong></span> <span class='ocrx_word' id='word_1_189' title='bbox 480 2114 547 2176; x_wconf 85' lang='lat' dir='ltr'><strong>baee</strong></span> <span class='ocrx_word' id='word_1_190' title='bbox 572 2114 758 2176; x_wconf 74' lang='lat' dir='ltr'><strong>instrumenti</strong></span> <span class='ocrx_word' id='word_1_191' title='bbox 779 2113 868 2189; x_wconf 89' lang='lat' dir='ltr'><strong>ratio,</strong></span> <span class='ocrx_word' id='word_1_192' title='bbox 895 2117 926 2173; x_wconf 88' lang='lat' dir='ltr'><strong>at</strong></span> <span class='ocrx_word' id='word_1_193' title='bbox 949 2112 1125 2177; x_wconf 76' lang='lat' dir='ltr'><strong>effioientie</strong></span> <span class='ocrx_word' id='word_1_194' title='bbox 1173 2113 1362 2175; x_wconf 77' lang='lat' dir='ltr'><strong>formaretur</strong></span> <span class='ocrx_word' id='word_1_195' title='bbox 1386 2114 1584 2176; x_wconf 85' lang='lat' dir='ltr'><strong>ineffabiliter</strong></span> <span class='ocrx_word' id='word_1_196' title='bbox 1610 2113 1815 2190; x_wconf 80' lang='lat' dir='ltr'><strong>excellentius,</strong></span> <span class='ocrx_word' id='word_1_197' title='bbox 1837 2117 1908 2192; x_wconf 68' lang='lat' dir='ltr'><strong>aqut</strong></span> 
     </span>
     <span class='ocr_line' id='line_1_21' title="bbox 356 2204 1910 2287; baseline -0.003 -19"><span class='ocrx_word' id='word_1_198' title='bbox 356 2207 469 2268; x_wconf 88' lang='lat' dir='ltr'><strong>divinae</strong></span> <span class='ocrx_word' id='word_1_199' title='bbox 483 2227 538 2287; x_wconf 90' lang='lat' dir='ltr'><strong>per</strong></span> <span class='ocrx_word' id='word_1_200' title='bbox 551 2208 778 2268; x_wconf 84' lang='lat' dir='ltr'><strong>humanitatem</strong></span> <span class='ocrx_word' id='word_1_201' title='bbox 798 2205 921 2267; x_wconf 82' lang='lat' dir='ltr'><strong>diffusio</strong></span> <span class='ocrx_word' id='word_1_202' title='bbox 946 2205 1068 2284; x_wconf 88' lang='lat' dir='ltr'><strong>plenius</strong></span> <span class='ocrx_word' id='word_1_203' title='bbox 1088 2208 1123 2269; x_wconf 92' lang='lat' dir='ltr'><strong>in</strong></span> <span class='ocrx_word' id='word_1_204' title='bbox 1173 2206 1381 2285; x_wconf 85' lang='lat' dir='ltr'><strong>eonjunetius,</strong></span> <span class='ocrx_word' id='word_1_205' title='bbox 1404 2224 1500 2286; x_wconf 92' lang='lat' dir='ltr'><strong>quam</strong></span> <span class='ocrx_word' id='word_1_206' title='bbox 1522 2208 1614 2267; x_wconf 84' lang='lat' dir='ltr'><strong>vestis</strong></span> <span class='ocrx_word' id='word_1_207' title='bbox 1632 2204 1673 2267; x_wconf 87' lang='lat' dir='ltr'><strong>sb</strong></span> <span class='ocrx_word' id='word_1_208' title='bbox 1693 2205 1832 2283; x_wconf 88' lang='lat' dir='ltr'><strong>bomine,</strong></span> <span class='ocrx_word' id='word_1_209' title='bbox 1854 2220 1910 2266; x_wconf 82' lang='lat' dir='ltr'><strong>eun</strong></span> 
     </span>
     <span class='ocr_line' id='line_1_22' title="bbox 354 2295 1909 2381; baseline -0.001 -22"><span class='ocrx_word' id='word_1_210' title='bbox 354 2297 435 2360; x_wconf 85' lang='lat' dir='ltr'><strong>libro</strong></span> <span class='ocrx_word' id='word_1_211' title='bbox 448 2305 596 2379; x_wconf 88' lang='lat' dir='ltr'><strong>sequente</strong></span> <span class='ocrx_word' id='word_1_212' title='bbox 609 2300 749 2361; x_wconf 85' lang='lat' dir='ltr'><strong>tradetur</strong></span> <span class='ocrx_word' id='word_1_213' title='bbox 759 2342 767 2372; x_wconf 91' lang='lat'><strong>,</strong></span> <span class='ocrx_word' id='word_1_214' title='bbox 778 2298 832 2377; x_wconf 91' lang='lat' dir='ltr'><strong>qui</strong></span> <span class='ocrx_word' id='word_1_215' title='bbox 846 2297 884 2358; x_wconf 90' lang='lat' dir='ltr'><strong>de</strong></span> <span class='ocrx_word' id='word_1_216' title='bbox 895 2304 1043 2378; x_wconf 61' lang='lat' dir='ltr'><strong>irrepsisset</strong></span> <span class='ocrx_word' id='word_1_217' title='bbox 1055 2317 1122 2381; x_wconf 86' lang='lat' dir='ltr'><strong>ope·</strong></span> <span class='ocrx_word' id='word_1_218' title='bbox 1172 2298 1324 2360; x_wconf 83' lang='lat' dir='ltr'><strong>induitur.</strong></span> <span class='ocrx_word' id='word_1_219' title='bbox 1335 2299 1401 2359; x_wconf 87' lang='lat' dir='ltr'><strong>Hoe</strong></span> <span class='ocrx_word' id='word_1_220' title='bbox 1415 2312 1488 2378; x_wconf 85' lang='lat' dir='ltr'><strong>ergo</strong></span> <span class='ocrx_word' id='word_1_221' title='bbox 1502 2299 1629 2359; x_wconf 89' lang='lat' dir='ltr'><strong>nomine</strong></span> <span class='ocrx_word' id='word_1_222' title='bbox 1637 2295 1909 2375; x_wconf 83' lang='lat' dir='ltr'><strong>habitussatissigni·</strong></span> 
     </span>
     <span class='ocr_line' id='line_1_23' title="bbox 355 2387 1909 2472; baseline -0.001 -23"><span class='ocrx_word' id='word_1_223' title='bbox 355 2394 469 2451; x_wconf 80' lang='lat' dir='ltr'><strong>rationo</strong></span> <span class='ocrx_word' id='word_1_224' title='bbox 486 2390 656 2471; x_wconf 79' lang='lat' dir='ltr'><strong>disputabit</strong></span> <span class='ocrx_word' id='word_1_225' title='bbox 670 2391 725 2452; x_wconf 84' lang='lat' dir='ltr'><strong>Dei</strong></span> <span class='ocrx_word' id='word_1_226' title='bbox 743 2392 774 2451; x_wconf 90' lang='lat' dir='ltr'><strong>et</strong></span> <span class='ocrx_word' id='word_1_227' title='bbox 786 2389 923 2451; x_wconf 87' lang='lat' dir='ltr'><strong>hominis</strong></span> <span class='ocrx_word' id='word_1_228' title='bbox 938 2389 1050 2451; x_wconf 85' lang='lat' dir='ltr'><strong>Christi</strong></span> <span class='ocrx_word' id='word_1_229' title='bbox 1064 2411 1071 2452; x_wconf 80' lang='grc' dir='ltr'>τ</span> <span class='ocrx_word' id='word_1_230' title='bbox 1084 2392 1124 2453; x_wconf 86' lang='lat' dir='ltr'><strong>ad</strong></span> <span class='ocrx_word' id='word_1_231' title='bbox 1173 2391 1279 2455; x_wconf 86' lang='lat' dir='ltr'><strong>ileavit</strong></span> <span class='ocrx_word' id='word_1_232' title='bbox 1291 2391 1468 2472; x_wconf 88' lang='lat' dir='ltr'><strong>Apostolus,</strong></span> <span class='ocrx_word' id='word_1_233' title='bbox 1490 2390 1756 2470; x_wconf 80' lang='lat' dir='ltr'><strong>quemadmodum</strong></span> <span class='ocrx_word' id='word_1_234' title='bbox 1772 2387 1909 2452; x_wconf 83' lang='lat' dir='ltr'><strong>dixeritis</strong></span> 
     </span>
     <span class='ocr_line' id='line_1_24' title="bbox 355 2481 1908 2562; baseline -0.001 -18"><span class='ocrx_word' id='word_1_235' title='bbox 355 2498 451 2562; x_wconf 90' lang='lat' dir='ltr'><strong>quam</strong></span> <span class='ocrx_word' id='word_1_236' title='bbox 464 2484 663 2544; x_wconf 90' lang='lat' dir='ltr'><strong>eommodum</strong></span> <span class='ocrx_word' id='word_1_237' title='bbox 683 2482 775 2543; x_wconf 88' lang='lat' dir='ltr'><strong>nobis</strong></span> <span class='ocrx_word' id='word_1_238' title='bbox 793 2481 961 2542; x_wconf 86' lang='lat' dir='ltr'><strong>transitum</strong></span> <span class='ocrx_word' id='word_1_239' title='bbox 978 2481 1051 2543; x_wconf 87' lang='lat' dir='ltr'><strong>teeit</strong></span> <span class='ocrx_word' id='word_1_240' title='bbox 1069 2483 1123 2545; x_wconf 92' lang='lat' dir='ltr'><strong>ilia</strong></span> <span class='ocrx_word' id='word_1_241' title='bbox 1172 2484 1379 2547; x_wconf 86' lang='lat' dir='ltr'><strong>similitudine</strong></span> <span class='ocrx_word' id='word_1_242' title='bbox 1391 2483 1908 2562; x_wconf 79' lang='lat' dir='ltr'><strong>hommumiaetuszquiauontram·</strong></span> 
     </span>
     <span class='ocr_line' id='line_1_25' title="bbox 356 2573 1907 2657; baseline -0.001 -23"><span class='ocrx_word' id='word_1_243' title='bbox 356 2573 544 2637; x_wconf 72' lang='lat' dir='ltr'><strong>indumenti</strong></span> <span class='ocrx_word' id='word_1_244' title='bbox 561 2576 797 2656; x_wconf 85' lang='lat' dir='ltr'><strong>eontemplatio,</strong></span> <span class='ocrx_word' id='word_1_245' title='bbox 817 2590 888 2654; x_wconf 82' lang='lat' dir='ltr'><strong>quae</strong></span> <span class='ocrx_word' id='word_1_246' title='bbox 902 2574 942 2635; x_wconf 90' lang='lat' dir='ltr'><strong>ad</strong></span> <span class='ocrx_word' id='word_1_247' title='bbox 968 2575 1123 2637; x_wconf 86' lang='lat' dir='ltr'><strong>aetianam</strong></span> <span class='ocrx_word' id='word_1_248' title='bbox 1172 2575 1401 2657; x_wconf 79' lang='lat' dir='ltr'><strong>figurationem</strong></span> <span class='ocrx_word' id='word_1_249' title='bbox 1414 2574 1639 2651; x_wconf 86' lang='lat' dir='ltr'><strong>bominem‚sed</strong></span> <span class='ocrx_word' id='word_1_250' title='bbox 1647 2574 1852 2637; x_wconf 88' lang='lat' dir='ltr'><strong>babitulaetus</strong></span> <span class='ocrx_word' id='word_1_251' title='bbox 1865 2582 1907 2647; x_wconf 88' lang='lat' dir='ltr'><strong>est,</strong></span> 
     </span>
     <span class='ocr_line' id='line_1_26' title="bbox 355 2667 1909 2746; baseline -0.002 -18"><span class='ocrx_word' id='word_1_252' title='bbox 355 2670 420 2728; x_wconf 92' lang='lat' dir='ltr'><strong>tota</strong></span> <span class='ocrx_word' id='word_1_253' title='bbox 433 2667 575 2729; x_wconf 84' lang='lat' dir='ltr'><strong>retertur.</strong></span> <span class='ocrx_word' id='word_1_254' title='bbox 1172 2684 1244 2731; x_wconf 91' lang='lat' dir='ltr'><strong>eum</strong></span> <span class='ocrx_word' id='word_1_255' title='bbox 1258 2669 1386 2730; x_wconf 88' lang='lat' dir='ltr'><strong>indutus</strong></span> <span class='ocrx_word' id='word_1_256' title='bbox 1399 2672 1446 2729; x_wconf 88' lang='lat' dir='ltr'><strong>est</strong></span> <span class='ocrx_word' id='word_1_257' title='bbox 1457 2667 1596 2743; x_wconf 89' lang='lat' dir='ltr'><strong>bomine,</strong></span> <span class='ocrx_word' id='word_1_258' title='bbox 1612 2685 1709 2746; x_wconf 89' lang='lat' dir='ltr'><strong>quem</strong></span> <span class='ocrx_word' id='word_1_259' title='bbox 1722 2667 1778 2728; x_wconf 89' lang='lat' dir='ltr'><strong>sibi</strong></span> <span class='ocrx_word' id='word_1_260' title='bbox 1790 2670 1909 2745; x_wconf 88' lang='lat' dir='ltr'><strong>eoaptms</strong></span> 
     </span>
     <span class='ocr_line' id='line_1_27' title="bbox 185 2753 1910 2842; baseline -0.001 -21"><span class='ocrx_word' id='word_1_261' title='bbox 185 2774 331 2823; x_wconf 63' lang='lat' dir='ltr'><strong>moestus</strong></span> <span class='ocrx_word' id='word_1_262' title='bbox 395 2759 431 2820; x_wconf 83' lang='lat' dir='ltr'><strong>V.</strong></span> <span class='ocrx_word' id='word_1_263' title='bbox 455 2761 629 2840; x_wconf 88' lang='lat' dir='ltr'><strong>Antequam</strong></span> <span class='ocrx_word' id='word_1_264' title='bbox 642 2761 823 2823; x_wconf 81' lang='lat' dir='ltr'><strong>tamanhaee</strong></span> <span class='ocrx_word' id='word_1_265' title='bbox 837 2774 909 2821; x_wconf 89' lang='lat' dir='ltr'><strong>eum</strong></span> <span class='ocrx_word' id='word_1_266' title='bbox 922 2758 1002 2819; x_wconf 87' lang='lat' dir='ltr'><strong>libro</strong></span> <span class='ocrx_word' id='word_1_267' title='bbox 1012 2758 1122 2839; x_wconf 86' lang='lat' dir='ltr'><strong>dispu-</strong></span> <span class='ocrx_word' id='word_1_268' title='bbox 1171 2760 1412 2842; x_wconf 90' lang='lat' dir='ltr'><strong>quodammodo,</strong></span> <span class='ocrx_word' id='word_1_269' title='bbox 1427 2765 1520 2840; x_wconf 91' lang='lat' dir='ltr'><strong>atque</strong></span> <span class='ocrx_word' id='word_1_270' title='bbox 1538 2759 1747 2838; x_wconf 82' lang='lat' dir='ltr'><strong>conformans,</strong></span> <span class='ocrx_word' id='word_1_271' title='bbox 1761 2753 1910 2820; x_wconf 74' lang='lat' dir='ltr'><strong>immortali</strong></span> 
     </span>
     <span class='ocr_line' id='line_1_28' title="bbox 190 2832 1672 2932; baseline 0.001 -22"><span class='ocrx_word' id='word_1_272' title='bbox 190 2832 322 2932; x_wconf 56' lang='lat' dir='ltr'><strong><em>m</em></strong></span> <span class='ocrx_word' id='word_1_273' title='bbox 354 2851 682 2930; x_wconf 84' lang='lat' dir='ltr'><strong>tatioeIaudatur,uua</strong></span> <span class='ocrx_word' id='word_1_274' title='bbox 695 2852 921 2915; x_wconf 89' lang='lat' dir='ltr'><strong>nobisminime</strong></span> <span class='ocrx_word' id='word_1_275' title='bbox 935 2852 1121 2930; x_wconf 81' lang='lat' dir='ltr'><strong>praetrrmit-</strong></span> <span class='ocrx_word' id='word_1_276' title='bbox 1172 2855 1239 2925; x_wconf 91' lang='lat' dir='ltr'><strong>tati,</strong></span> <span class='ocrx_word' id='word_1_277' title='bbox 1253 2851 1482 2932; x_wconf 77' lang='lat' dir='ltr'><strong>eternitatique</strong></span> <span class='ocrx_word' id='word_1_278' title='bbox 1494 2851 1633 2914; x_wconf 79' lang='lat' dir='ltr'><strong>sociaret.</strong></span> <span class='ocrx_word' id='word_1_279' title='bbox 1656 2871 1672 2911; x_wconf 80' lang='lat' dir='ltr'><strong>a</strong></span> 
     </span>
     <span class='ocr_line' id='line_1_29' title="bbox 354 2943 1908 3025; baseline 0.001 -21"><span class='ocrx_word' id='word_1_280' title='bbox 354 2944 516 3006; x_wconf 82' lang='lat' dir='ltr'><strong>tenderes</strong></span> <span class='ocrx_word' id='word_1_281' title='bbox 526 2950 582 3021; x_wconf 88' lang='lat' dir='ltr'><strong>est,</strong></span> <span class='ocrx_word' id='word_1_282' title='bbox 597 2964 669 3025; x_wconf 79' lang='lat' dir='ltr'><strong>qum</strong></span> <span class='ocrx_word' id='word_1_283' title='bbox 679 2960 903 3022; x_wconf 86' lang='lat' dir='ltr'><strong>magnameum</strong></span> <span class='ocrx_word' id='word_1_284' title='bbox 912 2944 1123 3023; x_wconf 86' lang='lat' dir='ltr'><strong>superioribus</strong></span> <span class='ocrx_word' id='word_1_285' title='bbox 1212 2945 1260 3007; x_wconf 92' lang='lat' dir='ltr'><strong>Ibi</strong></span> <span class='ocrx_word' id='word_1_286' title='bbox 1282 2943 1476 3006; x_wconf 90' lang='lat' dir='ltr'><strong>Alebuvinus</strong></span> <span class='ocrx_word' id='word_1_287' title='bbox 1499 2943 1651 3019; x_wconf 69' lang='lat' dir='ltr'><strong>lobiam,</strong></span> <span class='ocrx_word' id='word_1_288' title='bbox 1666 2963 1726 3024; x_wconf 89' lang='lat' dir='ltr'><strong>pro</strong></span> <span class='ocrx_word' id='word_1_289' title='bbox 1747 2962 1806 3025; x_wconf 93' lang='lat' dir='ltr'><strong>quo</strong></span> <span class='ocrx_word' id='word_1_290' title='bbox 1828 2943 1908 3006; x_wconf 81' lang='lat' dir='ltr'><strong>eree</strong></span> 
     </span>
     <span class='ocr_line' id='line_1_30' title="bbox 354 3033 1951 3121; baseline 0 -26"><span class='ocrx_word' id='word_1_291' title='bbox 354 3035 536 3098; x_wconf 85' lang='lat' dir='ltr'><strong>affinitatem</strong></span> <span class='ocrx_word' id='word_1_292' title='bbox 553 3034 657 3115; x_wconf 87' lang='lat' dir='ltr'><strong>habet,</strong></span> <span class='ocrx_word' id='word_1_293' title='bbox 678 3038 804 3118; x_wconf 78' lang='lat' dir='ltr'><strong>Templi,</strong></span> <span class='ocrx_word' id='word_1_294' title='bbox 820 3044 852 3098; x_wconf 89' lang='lat' dir='ltr'><strong>et</strong></span> <span class='ocrx_word' id='word_1_295' title='bbox 866 3037 1071 3111; x_wconf 81' lang='lat' dir='ltr'><strong>instrumentt3</strong></span> <span class='ocrx_word' id='word_1_296' title='bbox 1086 3052 1122 3098; x_wconf 89' lang='lat' dir='ltr'><strong>ae</strong></span> <span class='ocrx_word' id='word_1_297' title='bbox 1172 3050 1257 3121; x_wconf 54' lang='grc' dir='ltr'>σχῆμα</span> <span class='ocrx_word' id='word_1_298' title='bbox 1277 3037 1381 3117; x_wconf 90' lang='lat' dir='ltr'><strong>posuit</strong></span> <span class='ocrx_word' id='word_1_299' title='bbox 1395 3035 1558 3116; x_wconf 88' lang='lat' dir='ltr'><strong>Apostolus</strong></span> <span class='ocrx_word' id='word_1_300' title='bbox 1571 3033 1595 3110; x_wconf 80' lang='lat'><strong>⁸,</strong></span> <span class='ocrx_word' id='word_1_301' title='bbox 1615 3054 1672 3116; x_wconf 92' lang='lat' dir='ltr'><strong>pro</strong></span> <span class='ocrx_word' id='word_1_302' title='bbox 1688 3037 1909 3111; x_wconf 60' lang='lat' dir='ltr'><strong>resumentes</strong></span> <span class='ocrx_word' id='word_1_303' title='bbox 1950 3052 1951 3057; x_wconf 50' lang='lat'>¹</span> 
     </span>
     <span class='ocr_line' id='line_1_31' title="bbox 353 3124 1950 3209; baseline -0.001 -21"><span class='ocrx_word' id='word_1_304' title='bbox 353 3132 422 3188; x_wconf 93' lang='lat' dir='ltr'><strong>tum</strong></span> <span class='ocrx_word' id='word_1_305' title='bbox 431 3144 523 3190; x_wconf 89' lang='lat' dir='ltr'><strong>usum</strong></span> <span class='ocrx_word' id='word_1_306' title='bbox 537 3130 627 3191; x_wconf 76' lang='lat' dir='ltr'><strong>adest</strong></span> <span class='ocrx_word' id='word_1_307' title='bbox 648 3130 973 3209; x_wconf 85' lang='lat' dir='ltr'><strong>opportunitatemque</strong></span> <span class='ocrx_word' id='word_1_308' title='bbox 988 3128 1122 3190; x_wconf 88' lang='lat' dir='ltr'><strong>similem</strong></span> <span class='ocrx_word' id='word_1_309' title='bbox 1171 3130 1323 3193; x_wconf 82' lang='lat' dir='ltr'><strong>exteriore</strong></span> <span class='ocrx_word' id='word_1_310' title='bbox 1337 3129 1461 3190; x_wconf 82' lang='lat' dir='ltr'><strong>sebema</strong></span> <span class='ocrx_word' id='word_1_311' title='bbox 1475 3128 1623 3208; x_wconf 81' lang='lat' dir='ltr'><strong>sumpsit,</strong></span> <span class='ocrx_word' id='word_1_312' title='bbox 1644 3129 1730 3208; x_wconf 88' lang='lat' dir='ltr'><strong>quod</strong></span> <span class='ocrx_word' id='word_1_313' title='bbox 1742 3147 1803 3190; x_wconf 89' lang='lat' dir='ltr'><strong>nou</strong></span> <span class='ocrx_word' id='word_1_314' title='bbox 1820 3125 1908 3190; x_wconf 84' lang='lat' dir='ltr'><strong>estab-</strong></span> <span class='ocrx_word' id='word_1_315' title='bbox 1948 3124 1950 3207; x_wconf 59' lang='grc' dir='ltr'><strong><em>Ῐ</em></strong></span> 
     </span>
     <span class='ocr_line' id='line_1_32' title="bbox 353 3214 1948 3302; baseline -0.001 -22"><span class='ocrx_word' id='word_1_316' title='bbox 353 3220 393 3280; x_wconf 88' lang='lat' dir='ltr'><strong>sd</strong></span> <span class='ocrx_word' id='word_1_317' title='bbox 406 3220 500 3300; x_wconf 86' lang='lat' dir='ltr'><strong>hujus</strong></span> <span class='ocrx_word' id='word_1_318' title='bbox 513 3223 651 3301; x_wconf 81' lang='lat' dir='ltr'><strong>mysterii</strong></span> <span class='ocrx_word' id='word_1_319' title='bbox 660 3222 878 3285; x_wconf 78' lang='lat' dir='ltr'><strong>declarandam</strong></span> <span class='ocrx_word' id='word_1_320' title='bbox 888 3222 1119 3301; x_wconf 82' lang='lat' dir='ltr'><strong>proprietatem:</strong></span> <span class='ocrx_word' id='word_1_321' title='bbox 1171 3221 1402 3284; x_wconf 82' lang='lat' dir='ltr'><strong>surdumNam</strong></span> <span class='ocrx_word' id='word_1_322' title='bbox 1420 3233 1507 3302; x_wconf 71' lang='grc' dir='ltr'>σχῆμα</span> <span class='ocrx_word' id='word_1_323' title='bbox 1520 3226 1566 3282; x_wconf 89' lang='lat' dir='ltr'><strong>est</strong></span> <span class='ocrx_word' id='word_1_324' title='bbox 1582 3227 1716 3302; x_wconf 69' lang='grc' dir='ltr'>ἱματισμὸς</span> <span class='ocrx_word' id='word_1_325' title='bbox 1731 3214 1908 3302; x_wconf 75' lang='lat' dir='ltr'><strong>Hmyebiqid</strong></span> <span class='ocrx_word' id='word_1_326' title='bbox 1947 3262 1948 3279; x_wconf 40' lang='grc' dir='ltr'>τ</span> 
     </span>
     <span class='ocr_line' id='line_1_33' title="bbox 352 3306 1947 3396; baseline -0.001 -23"><span class='ocrx_word' id='word_1_327' title='bbox 352 3318 420 3374; x_wconf 85' lang='lat' dir='ltr'><strong>tom</strong></span> <span class='ocrx_word' id='word_1_328' title='bbox 431 3321 597 3395; x_wconf 85' lang='lat' dir='ltr'><strong>assumptae</strong></span> <span class='ocrx_word' id='word_1_329' title='bbox 611 3322 729 3377; x_wconf 84' lang='lat' dir='ltr'><strong>nature</strong></span> <span class='ocrx_word' id='word_1_330' title='bbox 741 3314 870 3396; x_wconf 85' lang='lat' dir='ltr'><strong>perinde</strong></span> <span class='ocrx_word' id='word_1_331' title='bbox 883 3313 1078 3396; x_wconf 84' lang='lat' dir='ltr'><strong>splendorem</strong></span> <span class='ocrx_word' id='word_1_332' title='bbox 1085 3333 1122 3377; x_wconf 90' lang='lat' dir='ltr'><strong>ae</strong></span> <span class='ocrx_word' id='word_1_333' title='bbox 1171 3320 1218 3378; x_wconf 90' lang='lat' dir='ltr'><strong>est</strong></span> <span class='ocrx_word' id='word_1_334' title='bbox 1231 3315 1367 3389; x_wconf 77' lang='lat' dir='ltr'><strong>uestitus,</strong></span> <span class='ocrx_word' id='word_1_335' title='bbox 1383 3320 1415 3374; x_wconf 91' lang='lat' dir='ltr'><strong>et</strong></span> <span class='ocrx_word' id='word_1_336' title='bbox 1428 3313 1542 3375; x_wconf 84' lang='lat' dir='ltr'><strong>(llossis</strong></span> <span class='ocrx_word' id='word_1_337' title='bbox 1554 3313 1722 3388; x_wconf 81' lang='lat' dir='ltr'><strong>veteribus,</strong></span> <span class='ocrx_word' id='word_1_338' title='bbox 1738 3312 1842 3395; x_wconf 72' lang='lat' dir='ltr'><strong>pipare,</strong></span> <span class='ocrx_word' id='word_1_339' title='bbox 1857 3306 1907 3372; x_wconf 81' lang='lat' dir='ltr'><strong>cul·</strong></span> <span class='ocrx_word' id='word_1_340' title='bbox 1946 3338 1947 3349; x_wconf 38' lang='grc' dir='ltr'>ν</span> 
     </span>
     <span class='ocr_line' id='line_1_34' title="bbox 353 3403 1907 3488; baseline -0.001 -23"><span class='ocrx_word' id='word_1_341' title='bbox 353 3405 534 3486; x_wconf 87' lang='lat' dir='ltr'><strong>dignitatem</strong></span> <span class='ocrx_word' id='word_1_342' title='bbox 547 3408 759 3488; x_wconf 79' lang='lat' dir='ltr'><strong>augustiorem</strong></span> <span class='ocrx_word' id='word_1_343' title='bbox 781 3407 854 3469; x_wconf 87' lang='lat' dir='ltr'><strong>iaeit</strong></span> <span class='ocrx_word' id='word_1_344' title='bbox 871 3427 879 3466; x_wconf 77' lang='lat' dir='ltr'><strong>t</strong></span> <span class='ocrx_word' id='word_1_345' title='bbox 897 3413 966 3467; x_wconf 92' lang='lat' dir='ltr'><strong>tum</strong></span> <span class='ocrx_word' id='word_1_346' title='bbox 985 3407 1122 3487; x_wconf 90' lang='lat' dir='ltr'><strong>denique</strong></span> <span class='ocrx_word' id='word_1_347' title='bbox 1172 3412 1230 3483; x_wconf 84' lang='lat' dir='ltr'><strong>tue,</strong></span> <span class='ocrx_word' id='word_1_348' title='bbox 1249 3405 1378 3468; x_wconf 78' lang='lat' dir='ltr'><strong>debitos.</strong></span> <span class='ocrx_word' id='word_1_349' title='bbox 1394 3407 1469 3479; x_wconf 80' lang='lat' dir='ltr'><strong>Qum</strong></span> <span class='ocrx_word' id='word_1_350' title='bbox 1483 3423 1556 3467; x_wconf 88' lang='lat' dir='ltr'><strong>eum</strong></span> <span class='ocrx_word' id='word_1_351' title='bbox 1576 3423 1632 3485; x_wconf 87' lang='lat' dir='ltr'><strong>per</strong></span> <span class='ocrx_word' id='word_1_352' title='bbox 1649 3422 1684 3467; x_wconf 90' lang='lat' dir='ltr'><strong>se</strong></span> <span class='ocrx_word' id='word_1_353' title='bbox 1697 3405 1782 3467; x_wconf 92' lang='lat' dir='ltr'><strong>nulla</strong></span> <span class='ocrx_word' id='word_1_354' title='bbox 1794 3403 1907 3466; x_wconf 72' lang='lat' dir='ltr'><strong>mutus</strong></span> 
     </span>
     <span class='ocr_line' id='line_1_35' title="bbox 352 3492 1908 3581; baseline -0.004 -21"><span class='ocrx_word' id='word_1_355' title='bbox 352 3512 460 3578; x_wconf 89' lang='lat' dir='ltr'><strong>parem</strong></span> <span class='ocrx_word' id='word_1_356' title='bbox 471 3501 658 3577; x_wconf 85' lang='lat' dir='ltr'><strong>eautionum,</strong></span> <span class='ocrx_word' id='word_1_357' title='bbox 673 3507 705 3561; x_wconf 89' lang='lat' dir='ltr'><strong>et</strong></span> <span class='ocrx_word' id='word_1_358' title='bbox 713 3499 1001 3581; x_wconf 83' lang='lat' dir='ltr'><strong>interpretationem</strong></span> <span class='ocrx_word' id='word_1_359' title='bbox 1015 3500 1120 3579; x_wconf 87' lang='lat' dir='ltr'><strong>requi·</strong></span> <span class='ocrx_word' id='word_1_360' title='bbox 1169 3499 1293 3573; x_wconf 90' lang='lat' dir='ltr'><strong>habeat,</strong></span> <span class='ocrx_word' id='word_1_361' title='bbox 1302 3498 1407 3559; x_wconf 88' lang='lat' dir='ltr'><strong>omnia</strong></span> <span class='ocrx_word' id='word_1_362' title='bbox 1422 3516 1461 3559; x_wconf 82' lang='lat' dir='ltr'><strong>ex</strong></span> <span class='ocrx_word' id='word_1_363' title='bbox 1470 3502 1626 3577; x_wconf 90' lang='lat' dir='ltr'><strong>assumpta</strong></span> <span class='ocrx_word' id='word_1_364' title='bbox 1638 3492 1908 3560; x_wconf 87' lang='lat' dir='ltr'><strong>naturahominisiu</strong></span> 
     </span>
     <span class='ocr_line' id='line_1_36' title="bbox 353 3590 1436 3671; baseline 0 -21"><span class='ocrx_word' id='word_1_365' title='bbox 353 3590 393 3650; x_wconf 89' lang='lat' dir='ltr'><strong>rit</strong></span> <span class='ocrx_word' id='word_1_366' title='bbox 406 3591 552 3654; x_wconf 84' lang='lat' dir='ltr'><strong>adversus</strong></span> <span class='ocrx_word' id='word_1_367' title='bbox 567 3593 784 3654; x_wconf 84' lang='lat' dir='ltr'><strong>baeretieorum</strong></span> <span class='ocrx_word' id='word_1_368' title='bbox 797 3591 979 3654; x_wconf 78' lang='lat' dir='ltr'><strong>calumnias.</strong></span> <span class='ocrx_word' id='word_1_369' title='bbox 995 3593 1049 3652; x_wconf 85' lang='lat' dir='ltr'><strong>Est</strong></span> <span class='ocrx_word' id='word_1_370' title='bbox 1060 3592 1121 3653; x_wconf 92' lang='lat' dir='ltr'><strong>boo</strong></span> <span class='ocrx_word' id='word_1_371' title='bbox 1169 3609 1202 3653; x_wconf 87' lang='lat' dir='ltr'><strong>se</strong></span> <span class='ocrx_word' id='word_1_372' title='bbox 1214 3592 1279 3671; x_wconf 88' lang='lat' dir='ltr'><strong>ipsa</strong></span> <span class='ocrx_word' id='word_1_373' title='bbox 1294 3590 1436 3668; x_wconf 87' lang='lat' dir='ltr'><strong>suseepit.</strong></span> 
     </span>
     <span class='ocr_line' id='line_1_37' title="bbox 352 3676 1942 3764; baseline 0.001 -23"><span class='ocrx_word' id='word_1_374' title='bbox 352 3678 490 3757; x_wconf 88' lang='lat' dir='ltr'><strong>restitus,</strong></span> <span class='ocrx_word' id='word_1_375' title='bbox 507 3691 601 3764; x_wconf 91' lang='lat' dir='ltr'><strong>atque</strong></span> <span class='ocrx_word' id='word_1_376' title='bbox 622 3685 798 3747; x_wconf 88' lang='lat' dir='ltr'><strong>indumenti</strong></span> <span class='ocrx_word' id='word_1_377' title='bbox 816 3684 1003 3745; x_wconf 78' lang='lat' dir='ltr'><strong>vocabulum</strong></span> <span class='ocrx_word' id='word_1_378' title='bbox 1012 3703 1021 3759; x_wconf 91' lang='lat'>;</span> <span class='ocrx_word' id='word_1_379' title='bbox 1036 3684 1121 3763; x_wconf 91' lang='lat' dir='ltr'><strong>quod</strong></span> <span class='ocrx_word' id='word_1_380' title='bbox 1209 3684 1289 3745; x_wconf 88' lang='lat' dir='ltr'><strong>Hine</strong></span> <span class='ocrx_word' id='word_1_381' title='bbox 1303 3682 1434 3762; x_wconf 82' lang='lat' dir='ltr'><strong>Cyrillus</strong></span> <span class='ocrx_word' id='word_1_382' title='bbox 1447 3684 1530 3742; x_wconf 87' lang='lat' dir='ltr'><strong>reete</strong></span> <span class='ocrx_word' id='word_1_383' title='bbox 1541 3682 1581 3742; x_wconf 89' lang='lat' dir='ltr'><strong>ad</strong></span> <span class='ocrx_word' id='word_1_384' title='bbox 1596 3680 1703 3755; x_wconf 91' lang='lat' dir='ltr'><strong>illam,</strong></span> <span class='ocrx_word' id='word_1_385' title='bbox 1714 3696 1809 3761; x_wconf 84' lang='lat' dir='ltr'><strong>quam</strong></span> <span class='ocrx_word' id='word_1_386' title='bbox 1819 3691 1906 3760; x_wconf 79' lang='lat' dir='ltr'><strong>propo·</strong></span> <span class='ocrx_word' id='word_1_387' title='bbox 1941 3676 1942 3705; x_wconf 50' lang='lat' dir='ltr'><strong>l</strong></span> 
     </span>
     <span class='ocr_line' id='line_1_38' title="bbox 353 3765 1940 3855; baseline 0.001 -22"><span class='ocrx_word' id='word_1_388' title='bbox 353 3772 506 3853; x_wconf 80' lang='lat' dir='ltr'><strong>frequenti</strong></span> <span class='ocrx_word' id='word_1_389' title='bbox 532 3795 591 3837; x_wconf 91' lang='lat' dir='ltr'><strong>usu</strong></span> <span class='ocrx_word' id='word_1_390' title='bbox 617 3776 816 3838; x_wconf 78' lang='lat' dir='ltr'><strong>celebratur:</strong></span> <span class='ocrx_word' id='word_1_391' title='bbox 839 3783 875 3837; x_wconf 92' lang='lat' dir='ltr'><strong>ut</strong></span> <span class='ocrx_word' id='word_1_392' title='bbox 900 3795 973 3838; x_wconf 91' lang='lat' dir='ltr'><strong>eum</strong></span> <span class='ocrx_word' id='word_1_393' title='bbox 995 3774 1117 3852; x_wconf 85' lang='lat' dir='ltr'><strong>dieitur,</strong></span> <span class='ocrx_word' id='word_1_394' title='bbox 1169 3776 1228 3851; x_wconf 89' lang='lat' dir='ltr'><strong>sui,</strong></span> <span class='ocrx_word' id='word_1_395' title='bbox 1244 3776 1276 3836; x_wconf 92' lang='lat' dir='ltr'><strong>in</strong></span> <span class='ocrx_word' id='word_1_396' title='bbox 1290 3773 1826 3855; x_wconf 82' lang='lat' dir='ltr'><strong>appellatioaeistaeommoditatem</strong></span> <span class='ocrx_word' id='word_1_397' title='bbox 1836 3765 1908 3845; x_wconf 79' lang='lat' dir='ltr'><strong>expli·</strong></span> <span class='ocrx_word' id='word_1_398' title='bbox 1939 3782 1940 3795; x_wconf 75' lang='lat'><em>²</em></span> 
     </span>
     <span class='ocr_line' id='line_1_39' title="bbox 352 3862 1906 3947; baseline 0.004 -22"><span class='ocrx_word' id='word_1_399' title='bbox 352 3864 491 3927; x_wconf 85' lang='lat' dir='ltr'><strong>Verbum</strong></span> <span class='ocrx_word' id='word_1_400' title='bbox 501 3866 638 3930; x_wconf 87' lang='lat' dir='ltr'><strong>induisse</strong></span> <span class='ocrx_word' id='word_1_401' title='bbox 650 3868 786 3930; x_wconf 91' lang='lat' dir='ltr'><strong>hominis</strong></span> <span class='ocrx_word' id='word_1_402' title='bbox 799 3874 944 3931; x_wconf 86' lang='lat' dir='ltr'><strong>naturam</strong></span> <span class='ocrx_word' id='word_1_403' title='bbox 954 3913 962 3942; x_wconf 91' lang='lat'><strong>,</strong></span> <span class='ocrx_word' id='word_1_404' title='bbox 974 3868 1039 3929; x_wconf 84' lang='lat' dir='ltr'><strong>sive</strong></span> <span class='ocrx_word' id='word_1_405' title='bbox 1053 3884 1120 3929; x_wconf 80' lang='lat' dir='ltr'><strong>aar·</strong></span> <span class='ocrx_word' id='word_1_406' title='bbox 1168 3869 1258 3930; x_wconf 88' lang='lat' dir='ltr'><strong>eaudi</strong></span> <span class='ocrx_word' id='word_1_407' title='bbox 1271 3866 1411 3947; x_wconf 84' lang='lat' dir='ltr'><strong>mysterii</strong></span> <span class='ocrx_word' id='word_1_408' title='bbox 1427 3911 1435 3927; x_wconf 91' lang='lat'><strong>.</strong></span> <span class='ocrx_word' id='word_1_409' title='bbox 1450 3866 1609 3943; x_wconf 81' lang='lat' dir='ltr'><strong>«Mansit,</strong></span> <span class='ocrx_word' id='word_1_410' title='bbox 1623 3866 1748 3947; x_wconf 90' lang='lat' dir='ltr'><strong>inquit,</strong></span> <span class='ocrx_word' id='word_1_411' title='bbox 1762 3863 1836 3946; x_wconf 89' lang='lat' dir='ltr'><strong>quod</strong></span> <span class='ocrx_word' id='word_1_412' title='bbox 1848 3862 1906 3931; x_wconf 84' lang='lat' dir='ltr'><strong>erat,</strong></span> 
     </span>
     <span class='ocr_line' id='line_1_40' title="bbox 353 3953 1908 4042; baseline -0.001 -24"><span class='ocrx_word' id='word_1_413' title='bbox 353 3972 435 4019; x_wconf 86' lang='lat' dir='ltr'><strong>uem.</strong></span> <span class='ocrx_word' id='word_1_414' title='bbox 448 3960 491 4021; x_wconf 88' lang='lat' dir='ltr'><strong>De</strong></span> <span class='ocrx_word' id='word_1_415' title='bbox 504 3960 672 4040; x_wconf 88' lang='lat' dir='ltr'><strong>boepauea</strong></span> <span class='ocrx_word' id='word_1_416' title='bbox 691 3962 930 4042; x_wconf 69' lang='lat' dir='ltr'><strong>duntaxattnon</strong></span> <span class='ocrx_word' id='word_1_417' title='bbox 949 3959 1034 4021; x_wconf 88' lang='lat' dir='ltr'><strong>enim</strong></span> <span class='ocrx_word' id='word_1_418' title='bbox 1054 3960 1121 4021; x_wconf 73' lang='lat' dir='ltr'><strong>lon-</strong></span> <span class='ocrx_word' id='word_1_419' title='bbox 1168 3960 1201 4021; x_wconf 91' lang='lat' dir='ltr'><strong>id</strong></span> <span class='ocrx_word' id='word_1_420' title='bbox 1216 3966 1261 4021; x_wconf 88' lang='lat' dir='ltr'><strong>est</strong></span> <span class='ocrx_word' id='word_1_421' title='bbox 1274 3974 1388 4022; x_wconf 85' lang='lat' dir='ltr'><strong>natura</strong></span> <span class='ocrx_word' id='word_1_422' title='bbox 1410 3959 1492 4020; x_wconf 84' lang='lat' dir='ltr'><strong>Deua</strong></span> <span class='ocrx_word' id='word_1_423' title='bbox 1506 3977 1514 4019; x_wconf 81' lang='lat' dir='ltr'><strong><em>z</em></strong></span> <span class='ocrx_word' id='word_1_424' title='bbox 1530 3959 1610 4020; x_wconf 82' lang='lat' dir='ltr'><strong>Cum</strong></span> <span class='ocrx_word' id='word_1_425' title='bbox 1623 3964 1733 4020; x_wconf 87' lang='lat' dir='ltr'><strong>autem</strong></span> <span class='ocrx_word' id='word_1_426' title='bbox 1754 3953 1908 4019; x_wconf 78' lang='lat' dir='ltr'><strong>illudet&#39;um</strong></span> 
     </span>
     <span class='ocr_line' id='line_1_41' title="bbox 352 4050 1907 4134; baseline -0.001 -23"><span class='ocrx_word' id='word_1_427' title='bbox 352 4050 472 4129; x_wconf 88' lang='lat' dir='ltr'><strong>giorem</strong></span> <span class='ocrx_word' id='word_1_428' title='bbox 482 4052 1119 4134; x_wconf 63' lang='lat' dir='ltr'><strong>sermonemreqmnttetostensamque</strong></span> <span class='ocrx_word' id='word_1_429' title='bbox 1168 4051 1393 4133; x_wconf 87' lang='lat' dir='ltr'><strong>assumpsisset,</strong></span> <span class='ocrx_word' id='word_1_430' title='bbox 1401 4055 1437 4112; x_wconf 91' lang='lat' dir='ltr'><strong>ut</strong></span> <span class='ocrx_word' id='word_1_431' title='bbox 1447 4051 1769 4132; x_wconf 83' lang='lat' dir='ltr'><strong>essetbom03nempe</strong></span> <span class='ocrx_word' id='word_1_432' title='bbox 1777 4054 1907 4128; x_wconf 71' lang='lat' dir='ltr'><strong>utquam·</strong></span> 
     </span>
     <span class='ocr_line' id='line_1_42' title="bbox 352 4142 1907 4226; baseline 0 -23"><span class='ocrx_word' id='word_1_433' title='bbox 352 4143 470 4204; x_wconf 88' lang='lat' dir='ltr'><strong>utilitas</strong></span> <span class='ocrx_word' id='word_1_434' title='bbox 482 4144 551 4226; x_wconf 86' lang='lat' dir='ltr'><strong>oapi</strong></span> <span class='ocrx_word' id='word_1_435' title='bbox 564 4145 637 4208; x_wconf 93' lang='lat' dir='ltr'><strong>inde</strong></span> <span class='ocrx_word' id='word_1_436' title='bbox 650 4147 750 4226; x_wconf 89' lang='lat' dir='ltr'><strong>possit</strong></span> <span class='ocrx_word' id='word_1_437' title='bbox 763 4160 803 4207; x_wconf 84' lang='lat' dir='ltr'><strong>es</strong></span> <span class='ocrx_word' id='word_1_438' title='bbox 815 4147 1018 4226; x_wconf 88' lang='lat' dir='ltr'><strong>antiquorum</strong></span> <span class='ocrx_word' id='word_1_439' title='bbox 1031 4145 1121 4206; x_wconf 88' lang='lat' dir='ltr'><strong>dietis</strong></span> <span class='ocrx_word' id='word_1_440' title='bbox 1168 4144 1339 4206; x_wconf 90' lang='lat' dir='ltr'><strong>admodum</strong></span> <span class='ocrx_word' id='word_1_441' title='bbox 1350 4160 1419 4219; x_wconf 91' lang='lat' dir='ltr'><strong>nos,</strong></span> <span class='ocrx_word' id='word_1_442' title='bbox 1428 4161 1468 4205; x_wconf 81' lang='lat' dir='ltr'><strong>ex</strong></span> <span class='ocrx_word' id='word_1_443' title='bbox 1479 4142 1611 4221; x_wconf 88' lang='lat' dir='ltr'><strong>muliere</strong></span> <span class='ocrx_word' id='word_1_444' title='bbox 1624 4144 1796 4206; x_wconf 76' lang='lat' dir='ltr'><strong>meandum</strong></span> <span class='ocrx_word' id='word_1_445' title='bbox 1807 4150 1907 4203; x_wconf 71' lang='lat' dir='ltr'><strong>semem</strong></span> 
     </span>
     <span class='ocr_line' id='line_1_43' title="bbox 351 4222 1908 4314; baseline 0.001 -18"><span class='ocrx_word' id='word_1_446' title='bbox 351 4234 549 4314; x_wconf 78' lang='lat' dir='ltr'><strong>explieemus.</strong></span> <span class='ocrx_word' id='word_1_447' title='bbox 1168 4241 1358 4311; x_wconf 89' lang='lat' dir='ltr'><strong>naseeretur,</strong></span> <span class='ocrx_word' id='word_1_448' title='bbox 1384 4250 1493 4296; x_wconf 88' lang='lat' dir='ltr'><strong>rursus</strong></span> <span class='ocrx_word' id='word_1_449' title='bbox 1522 4235 1636 4297; x_wconf 87' lang='lat' dir='ltr'><strong>mansit</strong></span> <span class='ocrx_word' id='word_1_450' title='bbox 1661 4253 1747 4299; x_wconf 89' lang='lat' dir='ltr'><strong>unus</strong></span> <span class='ocrx_word' id='word_1_451' title='bbox 1767 4234 1855 4307; x_wconf 73' lang='lat' dir='ltr'><strong>filiae</strong></span> <span class='ocrx_word' id='word_1_452' title='bbox 1869 4222 1908 4288; x_wconf 64' lang='lat' dir='ltr'><strong>wi</strong></span> 
     </span>
     <span class='ocr_line' id='line_1_44' title="bbox 391 4324 1909 4411; baseline -0.003 -22"><span class='ocrx_word' id='word_1_453' title='bbox 391 4329 514 4390; x_wconf 86' lang='lat' dir='ltr'><strong>Primus</strong></span> <span class='ocrx_word' id='word_1_454' title='bbox 526 4330 621 4409; x_wconf 68' lang='lat' dir='ltr'><strong>igtur</strong></span> <span class='ocrx_word' id='word_1_455' title='bbox 644 4346 682 4392; x_wconf 84' lang='lat' dir='ltr'><strong>ex</strong></span> <span class='ocrx_word' id='word_1_456' title='bbox 696 4330 901 4411; x_wconf 80' lang='lat' dir='ltr'><strong>appellatione</strong></span> <span class='ocrx_word' id='word_1_457' title='bbox 922 4330 980 4390; x_wconf 87' lang='lat' dir='ltr'><strong>ista</strong></span> <span class='ocrx_word' id='word_1_458' title='bbox 1000 4328 1118 4390; x_wconf 85' lang='lat' dir='ltr'><strong>iruetus</strong></span> <span class='ocrx_word' id='word_1_459' title='bbox 1167 4345 1233 4390; x_wconf 90' lang='lat' dir='ltr'><strong>non</strong></span> <span class='ocrx_word' id='word_1_460' title='bbox 1246 4329 1347 4390; x_wconf 83' lang='lat' dir='ltr'><strong>earnis</strong></span> <span class='ocrx_word' id='word_1_461' title='bbox 1359 4346 1482 4408; x_wconf 83' lang='lat' dir='ltr'><strong>expers,</strong></span> <span class='ocrx_word' id='word_1_462' title='bbox 1498 4333 1534 4389; x_wconf 90' lang='lat' dir='ltr'><strong>ut</strong></span> <span class='ocrx_word' id='word_1_463' title='bbox 1547 4324 1909 4391; x_wconf 78' lang='lat' dir='ltr'><strong>anteaiuaratsntaintsr</strong></span> 
     </span>
     <span class='ocr_line' id='line_1_45' title="bbox 351 4418 1909 4502; baseline 0 -22"><span class='ocrx_word' id='word_1_464' title='bbox 351 4419 464 4489; x_wconf 84' lang='lat' dir='ltr'><strong>existit.</strong></span> <span class='ocrx_word' id='word_1_465' title='bbox 476 4427 511 4483; x_wconf 92' lang='lat' dir='ltr'><strong>ut</strong></span> <span class='ocrx_word' id='word_1_466' title='bbox 524 4423 590 4485; x_wconf 86' lang='lat' dir='ltr'><strong>aine</strong></span> <span class='ocrx_word' id='word_1_467' title='bbox 599 4423 664 4485; x_wconf 87' lang='lat' dir='ltr'><strong>ulla</strong></span> <span class='ocrx_word' id='word_1_468' title='bbox 670 4424 843 4486; x_wconf 85' lang='lat' dir='ltr'><strong>mutatione</strong></span> <span class='ocrx_word' id='word_1_469' title='bbox 852 4422 958 4501; x_wconf 75' lang='lat' dir='ltr'><strong>Verbi,</strong></span> <span class='ocrx_word' id='word_1_470' title='bbox 969 4429 1000 4484; x_wconf 86' lang='lat' dir='ltr'><strong>et</strong></span> <span class='ocrx_word' id='word_1_471' title='bbox 1008 4421 1119 4483; x_wconf 88' lang='lat' dir='ltr'><strong>eodem</strong></span> <span class='ocrx_word' id='word_1_472' title='bbox 1167 4421 1301 4482; x_wconf 88' lang='lat' dir='ltr'><strong>nationis</strong></span> <span class='ocrx_word' id='word_1_473' title='bbox 1312 4427 1456 4500; x_wconf 82' lang='lat' dir='ltr'><strong>tempus3</strong></span> <span class='ocrx_word' id='word_1_474' title='bbox 1471 4436 1582 4482; x_wconf 82' lang='lat' dir='ltr'><strong>rerum</strong></span> <span class='ocrx_word' id='word_1_475' title='bbox 1596 4420 1640 4480; x_wconf 89' lang='lat' dir='ltr'><strong>sie</strong></span> <span class='ocrx_word' id='word_1_476' title='bbox 1651 4425 1803 4502; x_wconf 82' lang='lat' dir='ltr'><strong>tanquam</strong></span> <span class='ocrx_word' id='word_1_477' title='bbox 1814 4418 1909 4480; x_wconf 71' lang='lat' dir='ltr'><strong>satur·</strong></span> 
     </span>
     <span class='ocr_line' id='line_1_46' title="bbox 278 4511 1696 4596; baseline -0.001 -22"><span class='ocrx_word' id='word_1_478' title='bbox 278 4541 285 4555; x_wconf 89' lang='lat'><strong>·</strong></span> <span class='ocrx_word' id='word_1_479' title='bbox 350 4511 382 4574; x_wconf 91' lang='lat' dir='ltr'><strong>in</strong></span> <span class='ocrx_word' id='word_1_480' title='bbox 409 4518 493 4575; x_wconf 85' lang='lat' dir='ltr'><strong>statu</strong></span> <span class='ocrx_word' id='word_1_481' title='bbox 519 4521 667 4576; x_wconf 88' lang='lat' dir='ltr'><strong>manente</strong></span> <span class='ocrx_word' id='word_1_482' title='bbox 692 4514 770 4596; x_wconf 90' lang='lat' dir='ltr'><strong>ipso,</strong></span> <span class='ocrx_word' id='word_1_483' title='bbox 799 4514 1006 4577; x_wconf 81' lang='lat' dir='ltr'><strong>secessionem</strong></span> <span class='ocrx_word' id='word_1_484' title='bbox 1032 4513 1119 4575; x_wconf 89' lang='lat' dir='ltr'><strong>illam</strong></span> <span class='ocrx_word' id='word_1_485' title='bbox 1167 4521 1282 4575; x_wconf 82' lang='lat' dir='ltr'><strong>nostrae</strong></span> <span class='ocrx_word' id='word_1_486' title='bbox 1295 4519 1379 4575; x_wconf 84' lang='lat' dir='ltr'><strong>veste</strong></span> <span class='ocrx_word' id='word_1_487' title='bbox 1393 4513 1696 4574; x_wconf 58' lang='lat' dir='ltr'><strong>circumvolutum.»</strong></span> 
     </span>
    </p>
   </div>
   <div class='ocr_carea' id='block_1_3' title="bbox 384 4680 1921 4777">
    <p class='ocr_par' dir='ltr' id='par_1_3' title="bbox 384 4680 1921 4777">
     <span class='ocr_line' id='line_1_47' title="bbox 384 4680 1921 4777; baseline -0.007 -18"><span class='ocrx_word' id='word_1_488' title='bbox 384 4719 406 4759; x_wconf 85' lang='lat' dir='ltr'><strong>a</strong></span> <span class='ocrx_word' id='word_1_489' title='bbox 415 4703 482 4760; x_wconf 75' lang='lat' dir='ltr'><strong>dms·</strong></span> <span class='ocrx_word' id='word_1_490' title='bbox 497 4703 535 4762; x_wconf 86' lang='lat' dir='ltr'><strong>ds</strong></span> <span class='ocrx_word' id='word_1_491' title='bbox 547 4707 646 4762; x_wconf 77' lang='lat' dir='ltr'><strong>lotar.</strong></span> <span class='ocrx_word' id='word_1_492' title='bbox 666 4708 733 4763; x_wconf 83' lang='lat' dir='ltr'><strong>Ver.</strong></span> <span class='ocrx_word' id='word_1_493' title='bbox 754 4704 829 4769; x_wconf 66' lang='lat' dir='ltr'><strong>Alter</strong></span> <span class='ocrx_word' id='word_1_494' title='bbox 841 4702 890 4777; x_wconf 66' lang='grc' dir='ltr'><strong>γὰρ</strong></span> <span class='ocrx_word' id='word_1_495' title='bbox 903 4702 1006 4765; x_wconf 69' lang='grc' dir='ltr'>δυνατὸς</span> <span class='ocrx_word' id='word_1_496' title='bbox 1016 4705 1063 4770; x_wconf 81' lang='grc' dir='ltr'><strong>ὢν,</strong></span> <span class='ocrx_word' id='word_1_497' title='bbox 1077 4703 1118 4757; x_wconf 76' lang='grc' dir='ltr'><strong>καὶ</strong></span> <span class='ocrx_word' id='word_1_498' title='bbox 1167 4706 1210 4773; x_wconf 76' lang='grc' dir='ltr'><strong>τῆς</strong></span> <span class='ocrx_word' id='word_1_499' title='bbox 1223 4696 1336 4774; x_wconf 76' lang='grc' dir='ltr'><strong>θεότητος</strong></span> <span class='ocrx_word' id='word_1_500' title='bbox 1349 4699 1434 4776; x_wconf 67' lang='grc' dir='ltr'>ἡσὰρξ</span> <span class='ocrx_word' id='word_1_501' title='bbox 1446 4695 1521 4757; x_wconf 69' lang='lat' dir='ltr'><strong>sitae</strong></span> <span class='ocrx_word' id='word_1_502' title='bbox 1533 4702 1652 4777; x_wconf 73' lang='grc' dir='ltr'>ἔπασχεν.</span> <span class='ocrx_word' id='word_1_503' title='bbox 1670 4700 1776 4777; x_wconf 73' lang='grc' dir='ltr'>ὄργανον</span> <span class='ocrx_word' id='word_1_504' title='bbox 1787 4696 1831 4775; x_wconf 64' lang='grc' dir='ltr'><strong>γὰρ</strong></span> <span class='ocrx_word' id='word_1_505' title='bbox 1840 4692 1855 4765; x_wconf 66' lang='grc' dir='ltr'><strong>ἡ</strong></span> <span class='ocrx_word' id='word_1_506' title='bbox 1865 4680 1921 4763; x_wconf 67' lang='lat' dir='ltr'><strong>sipi:</strong></span> 
     </span>
    </p>
   </div>
   <div class='ocr_carea' id='block_1_4' title="bbox 347 4782 1912 4944">
    <p class='ocr_par' dir='ltr' id='par_1_4' title="bbox 347 4782 1912 4944">
     <span class='ocr_line' id='line_1_48' title="bbox 347 4782 1517 4862; baseline 0.001 -23"><span class='ocrx_word' id='word_1_507' title='bbox 347 4786 495 4860; x_wconf 68' lang='grc' dir='ltr'>δημιουργὸς</span> <span class='ocrx_word' id='word_1_508' title='bbox 519 4794 569 4843; x_wconf 81' lang='grc' dir='ltr'><strong>τῶν</strong></span> <span class='ocrx_word' id='word_1_509' title='bbox 596 4789 680 4853; x_wconf 80' lang='grc' dir='ltr'>ὅλων,</span> <span class='ocrx_word' id='word_1_510' title='bbox 709 4782 733 4841; x_wconf 72' lang='grc' dir='ltr'><strong>ἓν</strong></span> <span class='ocrx_word' id='word_1_511' title='bbox 756 4792 787 4862; x_wconf 77' lang='grc' dir='ltr'><strong>τῇ</strong></span> <span class='ocrx_word' id='word_1_512' title='bbox 809 4787 921 4861; x_wconf 76' lang='grc' dir='ltr'>παρθένῳ</span> <span class='ocrx_word' id='word_1_513' title='bbox 946 4787 1118 4850; x_wconf 76' lang='grc' dir='ltr'>κατασκευάζει</span> <span class='ocrx_word' id='word_1_514' title='bbox 1168 4788 1210 4855; x_wconf 77' lang='grc' dir='ltr'><strong>τῆς</strong></span> <span class='ocrx_word' id='word_1_515' title='bbox 1219 4786 1333 4856; x_wconf 80' lang='grc' dir='ltr'>θεότητος</span> <span class='ocrx_word' id='word_1_516' title='bbox 1343 4782 1517 4861; x_wconf 68' lang='grc' dir='ltr'><strong>ἐχρημάτισεν.</strong></span> 
     </span>
     <span class='ocr_line' id='line_1_49' title="bbox 348 4852 1912 4944; baseline -0.001 -21"><span class='ocrx_word' id='word_1_517' title='bbox 348 4867 428 4943; x_wconf 58' lang='lat' dir='ltr'><strong>deasq</strong></span> <span class='ocrx_word' id='word_1_518' title='bbox 452 4869 512 4923; x_wconf 75' lang='lat' dir='ltr'><strong>osto</strong></span> <span class='ocrx_word' id='word_1_519' title='bbox 538 4871 567 4925; x_wconf 77' lang='lat' dir='ltr'><strong>rb</strong></span> <span class='ocrx_word' id='word_1_520' title='bbox 589 4872 672 4944; x_wconf 77' lang='grc' dir='ltr'>σῶμα.</span> <span class='ocrx_word' id='word_1_521' title='bbox 692 4871 734 4925; x_wconf 76' lang='grc' dir='ltr'><strong>καὶ</strong></span> <span class='ocrx_word' id='word_1_522' title='bbox 756 4870 908 4926; x_wconf 78' lang='grc' dir='ltr'>ἰδιοπσιεῖται</span> <span class='ocrx_word' id='word_1_523' title='bbox 926 4862 1011 4935; x_wconf 70' lang='grc' dir='ltr'>τοῦτο,</span> <span class='ocrx_word' id='word_1_524' title='bbox 1035 4870 1118 4942; x_wconf 71' lang='grc' dir='ltr'>ὥσπερ</span> <span class='ocrx_word' id='word_1_525' title='bbox 1203 4870 1349 4927; x_wconf 72' lang='lat' dir='ltr'><strong>ectitius.</strong></span> <span class='ocrx_word' id='word_1_526' title='bbox 1373 4870 1402 4925; x_wconf 91' lang='lat' dir='ltr'><strong>in</strong></span> <span class='ocrx_word' id='word_1_527' title='bbox 1426 4866 1505 4940; x_wconf 80' lang='lat' dir='ltr'><strong>epist.</strong></span> <span class='ocrx_word' id='word_1_528' title='bbox 1530 4880 1550 4925; x_wconf 87' lang='lat' dir='ltr'><strong>it</strong></span> <span class='ocrx_word' id='word_1_529' title='bbox 1571 4862 1613 4925; x_wconf 78' lang='lat' dir='ltr'><strong>(td</strong></span> <span class='ocrx_word' id='word_1_530' title='bbox 1634 4864 1720 4925; x_wconf 77' lang='lat' dir='ltr'><strong>Suco.</strong></span> <span class='ocrx_word' id='word_1_531' title='bbox 1741 4852 1912 4940; x_wconf 62' lang='lat' dir='ltr'><strong>Mrptopttltt</strong></span> 
     </span>
    </p>
   </div>
   <div class='ocr_carea' id='block_1_5' title="bbox 346 4936 1912 5360">
    <p class='ocr_par' dir='ltr' id='par_1_5' title="bbox 346 4936 1912 5110">
     <span class='ocr_line' id='line_1_50' title="bbox 346 4936 1912 5027; baseline -0.003 -21"><span class='ocrx_word' id='word_1_532' title='bbox 346 4946 462 5025; x_wconf 69' lang='grc' dir='ltr'><strong>ὄργανον,</strong></span> <span class='ocrx_word' id='word_1_533' title='bbox 478 4946 502 5006; x_wconf 76' lang='lat' dir='ltr'><strong>dr</strong></span> <span class='ocrx_word' id='word_1_534' title='bbox 514 4950 582 5025; x_wconf 70' lang='lat' dir='ltr'><strong>atra</strong></span> <span class='ocrx_word' id='word_1_535' title='bbox 595 4952 784 5027; x_wconf 65' lang='lat' dir='ltr'><strong>pupddpsror,</strong></span> <span class='ocrx_word' id='word_1_536' title='bbox 795 4952 835 5009; x_wconf 75' lang='lat' dir='ltr'><strong>ssi</strong></span> <span class='ocrx_word' id='word_1_537' title='bbox 847 4951 957 5009; x_wconf 79' lang='grc' dir='ltr'>ἔνοικῶν.</span> <span class='ocrx_word' id='word_1_538' title='bbox 1168 4948 1227 5025; x_wconf 71' lang='grc' dir='ltr'>ὅπερ</span> <span class='ocrx_word' id='word_1_539' title='bbox 1244 4948 1284 5021; x_wconf 69' lang='grc' dir='ltr'><strong>ἦν,</strong></span> <span class='ocrx_word' id='word_1_540' title='bbox 1302 4950 1412 5006; x_wconf 74' lang='grc' dir='ltr'>τουτέστι</span> <span class='ocrx_word' id='word_1_541' title='bbox 1428 4948 1497 5022; x_wconf 67' lang='grc' dir='ltr'>φύσει</span> <span class='ocrx_word' id='word_1_542' title='bbox 1506 4950 1566 5016; x_wconf 78' lang='grc' dir='ltr'><strong>θεός.</strong></span> <span class='ocrx_word' id='word_1_543' title='bbox 1582 4950 1731 5023; x_wconf 77' lang='grc' dir='ltr'>προσλαὸὼν</span> <span class='ocrx_word' id='word_1_544' title='bbox 1743 4949 1769 5005; x_wconf 72' lang='lat' dir='ltr'><strong>bl</strong></span> <span class='ocrx_word' id='word_1_545' title='bbox 1781 4944 1852 5003; x_wconf 73' lang='lat' dir='ltr'><strong>aelst</strong></span> <span class='ocrx_word' id='word_1_546' title='bbox 1863 4936 1912 4997; x_wconf 65' lang='lat' dir='ltr'><strong>diti</strong></span> 
     </span>
     <span class='ocr_line' id='line_1_51' title="bbox 383 5027 1847 5110; baseline 0.001 -19"><span class='ocrx_word' id='word_1_547' title='bbox 383 5035 535 5091; x_wconf 82' lang='lat' dir='ltr'><strong>sttssse.</strong></span> <span class='ocrx_word' id='word_1_548' title='bbox 551 5035 599 5093; x_wconf 88' lang='lat' dir='ltr'><strong>lib.</strong></span> <span class='ocrx_word' id='word_1_549' title='bbox 620 5037 668 5109; x_wconf 88' lang='lat' dir='ltr'><strong>iti,</strong></span> <span class='ocrx_word' id='word_1_550' title='bbox 685 5053 744 5108; x_wconf 84' lang='lat' dir='ltr'><strong>cap.</strong></span> <span class='ocrx_word' id='word_1_551' title='bbox 761 5052 807 5093; x_wconf 83' lang='lat' dir='ltr'><strong>xv.</strong></span> <span class='ocrx_word' id='word_1_552' title='bbox 826 5034 882 5091; x_wconf 80' lang='grc' dir='ltr'><strong>Τῶν</strong></span> <span class='ocrx_word' id='word_1_553' title='bbox 903 5036 946 5110; x_wconf 74' lang='grc' dir='ltr'><strong>μὲν</strong></span> <span class='ocrx_word' id='word_1_554' title='bbox 966 5027 1007 5090; x_wconf 59' lang='grc' dir='ltr'><strong>οὖν</strong></span> <span class='ocrx_word' id='word_1_555' title='bbox 1022 5028 1117 5089; x_wconf 71' lang='grc' dir='ltr'>οἰκείων</span> <span class='ocrx_word' id='word_1_556' title='bbox 1167 5034 1303 5107; x_wconf 69' lang='grc' dir='ltr'>ἅνθρωπος,</span> <span class='ocrx_word' id='word_1_557' title='bbox 1325 5036 1381 5103; x_wconf 74' lang='grc' dir='ltr'>ἤτοι</span> <span class='ocrx_word' id='word_1_558' title='bbox 1405 5034 1515 5108; x_wconf 77' lang='grc' dir='ltr'>γενέσθαι</span> <span class='ocrx_word' id='word_1_559' title='bbox 1537 5033 1669 5107; x_wconf 68' lang='grc' dir='ltr'>καθ’ἡμᾶς</span> <span class='ocrx_word' id='word_1_560' title='bbox 1694 5032 1722 5089; x_wconf 76' lang='grc' dir='ltr'><strong>ἔκ</strong></span> <span class='ocrx_word' id='word_1_561' title='bbox 1743 5030 1847 5107; x_wconf 67' lang='grc' dir='ltr'>γυνωδν</span> 
     </span>
    </p>

    <p class='ocr_par' dir='ltr' id='par_1_6' title="bbox 347 5110 1803 5193">
     <span class='ocr_line' id='line_1_52' title="bbox 347 5110 1803 5193; baseline -0.001 -22"><span class='ocrx_word' id='word_1_562' title='bbox 347 5115 496 5191; x_wconf 77' lang='grc' dir='ltr'>αὖχημάτων</span> <span class='ocrx_word' id='word_1_563' title='bbox 521 5117 537 5187; x_wconf 66' lang='grc' dir='ltr'>ἡ</span> <span class='ocrx_word' id='word_1_564' title='bbox 560 5119 642 5189; x_wconf 80' lang='grc' dir='ltr'>θεότης</span> <span class='ocrx_word' id='word_1_565' title='bbox 655 5125 692 5192; x_wconf 75' lang='grc' dir='ltr'><strong>τῷ</strong></span> <span class='ocrx_word' id='word_1_566' title='bbox 706 5121 803 5193; x_wconf 76' lang='grc' dir='ltr'>σώματι</span> <span class='ocrx_word' id='word_1_567' title='bbox 823 5118 993 5193; x_wconf 73' lang='grc' dir='ltr'>μεταδίδωσιν·</span> <span class='ocrx_word' id='word_1_568' title='bbox 1016 5114 1077 5187; x_wconf 65' lang='lat' dir='ltr'><strong>oio-b</strong></span> <span class='ocrx_word' id='word_1_569' title='bbox 1091 5114 1118 5173; x_wconf 71' lang='grc' dir='ltr'><strong>δὲ</strong></span> <span class='ocrx_word' id='word_1_570' title='bbox 1167 5119 1255 5191; x_wconf 79' lang='grc' dir='ltr'>σάρκα,</span> <span class='ocrx_word' id='word_1_571' title='bbox 1279 5118 1353 5172; x_wconf 82' lang='grc' dir='ltr'>πάλιν</span> <span class='ocrx_word' id='word_1_572' title='bbox 1372 5110 1408 5181; x_wconf 65' lang='grc' dir='ltr'><strong>εἷς</strong></span> <span class='ocrx_word' id='word_1_573' title='bbox 1429 5118 1561 5190; x_wconf 72' lang='grc' dir='ltr'>μεμένηκεν</span> <span class='ocrx_word' id='word_1_574' title='bbox 1583 5114 1643 5179; x_wconf 62' lang='lat' dir='ltr'><strong>uite·</strong></span> <span class='ocrx_word' id='word_1_575' title='bbox 1674 5118 1741 5187; x_wconf 73' lang='grc' dir='ltr'>πλὴν</span> <span class='ocrx_word' id='word_1_576' title='bbox 1761 5114 1803 5171; x_wconf 76' lang='grc' dir='ltr'><strong>οὐκ</strong></span> 
     </span>
    </p>

    <p class='ocr_par' dir='ltr' id='par_1_7' title="bbox 347 5196 1911 5278">
     <span class='ocr_line' id='line_1_53' title="bbox 347 5196 1911 5278; baseline -0.002 -22"><span class='ocrx_word' id='word_1_577' title='bbox 347 5207 397 5256; x_wconf 83' lang='grc' dir='ltr'><strong>τῶν</strong></span> <span class='ocrx_word' id='word_1_578' title='bbox 407 5205 451 5269; x_wconf 75' lang='grc' dir='ltr'><strong>τῆς</strong></span> <span class='ocrx_word' id='word_1_579' title='bbox 465 5201 553 5274; x_wconf 66' lang='grc' dir='ltr'>σαρκὸς</span> <span class='ocrx_word' id='word_1_580' title='bbox 566 5204 647 5256; x_wconf 74' lang='lat' dir='ltr'><strong>addar</strong></span> <span class='ocrx_word' id='word_1_581' title='bbox 662 5204 768 5276; x_wconf 76' lang='grc' dir='ltr'><strong>διαμένει</strong></span> <span class='ocrx_word' id='word_1_582' title='bbox 780 5202 912 5278; x_wconf 73' lang='grc' dir='ltr'>ἀμέτοχος.</span> <span class='ocrx_word' id='word_1_583' title='bbox 932 5202 961 5258; x_wconf 75' lang='grc' dir='ltr'><strong>σὺ</strong></span> <span class='ocrx_word' id='word_1_584' title='bbox 974 5202 1021 5275; x_wconf 69' lang='grc' dir='ltr'><strong>γὰρ</strong></span> <span class='ocrx_word' id='word_1_585' title='bbox 1035 5204 1118 5275; x_wconf 77' lang='grc' dir='ltr'>ὥσπερ</span> <span class='ocrx_word' id='word_1_586' title='bbox 1167 5198 1229 5255; x_wconf 73' lang='grc' dir='ltr'>καθὰ</span> <span class='ocrx_word' id='word_1_587' title='bbox 1248 5202 1288 5255; x_wconf 83' lang='grc' dir='ltr'><strong>καὶ</strong></span> <span class='ocrx_word' id='word_1_588' title='bbox 1306 5200 1397 5267; x_wconf 82' lang='grc' dir='ltr'>πάλαι,</span> <span class='ocrx_word' id='word_1_589' title='bbox 1420 5199 1467 5272; x_wconf 70' lang='grc' dir='ltr'><strong>πρὸ</strong></span> <span class='ocrx_word' id='word_1_590' title='bbox 1487 5204 1536 5254; x_wconf 85' lang='grc' dir='ltr'><strong>τῶν</strong></span> <span class='ocrx_word' id='word_1_591' title='bbox 1558 5202 1602 5269; x_wconf 76' lang='grc' dir='ltr'><strong>τῆς</strong></span> <span class='ocrx_word' id='word_1_592' title='bbox 1616 5197 1817 5274; x_wconf 62' lang='grc' dir='ltr'><strong>ἔνανθρωπῆστως</strong></span> <span class='ocrx_word' id='word_1_593' title='bbox 1829 5196 1911 5264; x_wconf 58' lang='lat' dir='ltr'><strong>apes·</strong></span> 
     </span>
    </p>

    <p class='ocr_par' dir='ltr' id='par_1_8' title="bbox 347 5278 1819 5360">
     <span class='ocr_line' id='line_1_54' title="bbox 347 5278 1819 5360; baseline -0.001 -23"><span class='ocrx_word' id='word_1_594' title='bbox 347 5283 389 5337; x_wconf 81' lang='lat' dir='ltr'><strong>aa</strong></span> <span class='ocrx_word' id='word_1_595' title='bbox 402 5289 445 5355; x_wconf 79' lang='grc' dir='ltr'><strong>τῆς</strong></span> <span class='ocrx_word' id='word_1_596' title='bbox 457 5285 545 5358; x_wconf 73' lang='grc' dir='ltr'>σαρκὸς</span> <span class='ocrx_word' id='word_1_597' title='bbox 558 5284 575 5354; x_wconf 73' lang='grc' dir='ltr'><strong>ἢ</strong></span> <span class='ocrx_word' id='word_1_598' title='bbox 588 5287 672 5355; x_wconf 62' lang='lat' dir='ltr'><strong>deitate</strong></span> <span class='ocrx_word' id='word_1_599' title='bbox 685 5287 816 5359; x_wconf 72' lang='grc' dir='ltr'><strong>τοῦλόγου</strong></span> <span class='ocrx_word' id='word_1_600' title='bbox 830 5278 933 5360; x_wconf 60' lang='lat' dir='ltr'><strong>lederet,</strong></span> <span class='ocrx_word' id='word_1_601' title='bbox 949 5286 1014 5342; x_wconf 72' lang='lat' dir='ltr'><strong>etto</strong></span> <span class='ocrx_word' id='word_1_602' title='bbox 1028 5284 1068 5339; x_wconf 80' lang='lat' dir='ltr'><strong>aad</strong></span> <span class='ocrx_word' id='word_1_603' title='bbox 1077 5282 1119 5338; x_wconf 72' lang='lat' dir='ltr'><strong>ert</strong></span> <span class='ocrx_word' id='word_1_604' title='bbox 1169 5282 1351 5357; x_wconf 76' lang='grc' dir='ltr'>ἇμφισσόμννος</span> <span class='ocrx_word' id='word_1_605' title='bbox 1365 5283 1392 5339; x_wconf 80' lang='grc' dir='ltr'><strong>δὲ</strong></span> <span class='ocrx_word' id='word_1_606' title='bbox 1405 5280 1488 5358; x_wconf 74' lang='grc' dir='ltr'>ὥσπερ</span> <span class='ocrx_word' id='word_1_607' title='bbox 1500 5284 1541 5338; x_wconf 71' lang='grc' dir='ltr'><strong>καὶ</strong></span> <span class='ocrx_word' id='word_1_608' title='bbox 1554 5283 1598 5354; x_wconf 66' lang='grc' dir='ltr'><strong>τὴν</strong></span> <span class='ocrx_word' id='word_1_609' title='bbox 1611 5283 1734 5358; x_wconf 69' lang='lat' dir='ltr'><strong>ips-stipae</strong></span> <span class='ocrx_word' id='word_1_610' title='bbox 1743 5282 1819 5355; x_wconf 49' lang='lat' dir='ltr'><strong>aas.</strong></span> 
     </span>
    </p>
   </div>
   <div class='ocr_carea' id='block_1_6' title="bbox 374 5450 1265 5505">
    <p class='ocr_par' dir='ltr' id='par_1_9' title="bbox 374 5450 1265 5505">
     <span class='ocr_line' id='line_1_55' title="bbox 374 5450 1265 5505; baseline 0 -7"><span class='ocrx_word' id='word_1_611' title='bbox 374 5454 497 5501; x_wconf 69' lang='lat' dir='ltr'><strong>ilem-11</strong></span> <span class='ocrx_word' id='word_1_612' title='bbox 506 5454 564 5505; x_wconf 77' lang='lat' dir='ltr'><strong>stit.</strong></span> <span class='ocrx_word' id='word_1_613' title='bbox 580 5454 622 5502; x_wconf 82' lang='lat' dir='ltr'><strong>tol.</strong></span> <span class='ocrx_word' id='word_1_614' title='bbox 635 5452 742 5500; x_wconf 76' lang='lat' dir='ltr'><strong>aaa·</strong></span> <span class='ocrx_word' id='word_1_615' title='bbox 755 5452 855 5500; x_wconf 74' lang='lat' dir='ltr'><strong>stitia</strong></span> <span class='ocrx_word' id='word_1_616' title='bbox 869 5452 943 5499; x_wconf 69' lang='lat' dir='ltr'><strong>stro.</strong></span> <span class='ocrx_word' id='word_1_617' title='bbox 954 5450 1053 5499; x_wconf 71' lang='lat' dir='ltr'><strong>arisit.</strong></span> <span class='ocrx_word' id='word_1_618' title='bbox 1066 5473 1094 5487; x_wconf 94' lang='lat'>-</span> <span class='ocrx_word' id='word_1_619' title='bbox 1105 5451 1121 5497; x_wconf 74' lang='lat'><em>8</em></span> <span class='ocrx_word' id='word_1_620' title='bbox 1132 5451 1192 5499; x_wconf 61' lang='lat' dir='ltr'><strong>Phil.</strong></span> <span class='ocrx_word' id='word_1_621' title='bbox 1207 5456 1233 5504; x_wconf 83' lang='lat' dir='ltr'><strong>si,</strong></span> <span class='ocrx_word' id='word_1_622' title='bbox 1242 5450 1265 5498; x_wconf 75' lang='lat' dir='ltr'><strong>d.</strong></span> 
     </span>
    </p>
   </div>
   <div class='ocr_carea' id='block_1_7' title="bbox 0 0 1970 6134">
    <p class='ocr_par' dir='ltr' id='par_1_10' title="bbox 0 0 1970 6134">
     <span class='ocr_line' id='line_1_56' title="bbox 0 0 1970 6134; baseline 0 0"><span class='ocrx_word' id='word_1_623' title='bbox 0 0 1970 6134; x_wconf 95' lang='lat' dir='ltr'><strong> </strong></span> 
     </span>
    </p>
   </div>
  </div>
 </body>
</html>
