3932 6142
304 344 364 406 204
801 349 1124 413 Turonoolcoutttt
1154 351 1376 416 oooulTolt

304 520 406 576 servat
421 512 443 590 ¹,
481 516 592 578 Christi
620 527 705 591 κάσις,
746 517 894 598 appellari
919 524 1067 600 ινιργειανι
1119 520 1233 581 sentire
1259 520 1467 597 Aristotelem,
1494 524 1527 582 et
1557 519 1675 582 ibidem
1701 518 1871 600 siguificare,

304 607 417 688 dequo
438 614 547 687 agetur
572 617 693 690 postea;
714 616 829 672 eumet
848 610 934 672 illam
958 611 1069 671 Mono-
1118 629 1191 673 eum
1215 618 1365 692 tanquam
1392 612 1577 675 addubitans
1603 613 1658 682 ait,
1679 637 1694 667 ιι
1712 612 1738 673 si
1756 611 1871 672 omnino

303 699 487 763 theleterum
516 719 625 764 vocem
650 705 880 782 expendemus,
901 703 988 780 eujus
1014 702 1071 763 ibi·
1118 711 1192 765 sunt
1209 704 1370 782 metuet»
1394 705 1543 767 adnotant
1565 705 1675 765 eruditi
1702 705 1872 784 iuterpretes

304 794 375 856 dem
407 796 610 856 Damaseanus
637 796 791 871 meminit,
809 796 979 857 humanam
1000 802 1068 877 ἐνέρ-
1119 796 1226 872 Graeei,
1242 814 1277 858 ae
1288 798 1403 873 Latini,
1419 803 1455 858 ut
1472 797 1678 869 Themistius,
1694 797 1869 876 Simplicius,

303 913 386 968 γειαν,
402 888 429 948 si
461 906 532 948 eum
564 889 629 949 Deo
648 888 834 965 ronferatur,
864 898 940 960 πάθος
967 878 1069 967 po'tius
1118 889 1150 950 S.
1171 887 1334 950 Thomas’.
1354 889 1451 968 ldque
1469 889 1571 968 ipsum
1593 889 1660 950 fuse
1673 888 1781 970 probet
1800 888 1872 949 'lhe-

303 979 451 1061 appellari
465 980 586 1057 debere,
603 999 698 1060 quam
712 987 841 1063 ἐνέργειαν,
858 1000 895 1042 ex
915 1000 977 1061 quo
991 980 1067 1042 sub·
1117 981 1251 1056 mistins,
1268 982 1465 1061 quodjmotus
1477 982 1516 1042 sit
1530 989 1638 1062 ἐνέργεια
1650 993 1695 1043 τοῦ
1709 980 1872 1054 &debehat

303 1071 372 1133 dole
401 1072 545 1134 haeresim
561 1091 649 1134 suam
672 1074 958 1154 interpretabantur
974 1094 981 1134 :
995 1079 1067 1134 tan·
1118 1079 1165 1134 est
1187 1080 1268 1135 oeteo
1294 1074 1462 1155 imperfecti
1485 1094 1498 1136 .·
1517 1079 1550 1135 at
1577 1082 1686 1155 ἐνέργεια
1708 1072 1872 1150 simpliciter

302 1181 396 1243 quam
406 1164 447 1224 ob
461 1164 493 1225 id
504 1166 628 1228 unicam
640 1166 674 1226 in
689 1166 799 1227 Christi
812 1172 944 1247 utraque
956 1173 1069 1228 nature
1116 1166 1277 1227 nominata
1286 1165 1413 1246 perfecti
1426 1167 1550 1247 proprie
1564 1171 1620 1226 est.
1632 1166 1732 1240 Quare
1744 1172 1834 1241 κίνησιν
1841 1163 1872 1225 ab

302 1261 422 1337 ἐνέργειαν
441 1264 651 1336 agnoscerent.
1118 1263 1225 1339 ἐνεργείᾳ
1244 1258 1417 1338 distinguit.
1443 1259 1560 1320 Verum
1587 1276 1659 1319 oum
1677 1264 1795 1339 ἕνιργειαν
1817 1275 1873 1319 esse

341 1347 423 1410 Alibi
436 1368 558 1430 quoque
568 1359 675 1414 auctor
689 1354 753 1426 ille,
765 1361 853 1427 πάθος,
862 1353 895 1413 id
909 1357 955 1414 est
976 1352 1067 1432 affee-
1118 1351 1290 1412 motionem
1304 1350 1470 1412 Christiani
1480 1351 1616 1430 theologi
1630 1359 1787 1426 asserunt,
1799 1350 1871 1411 haud

303 1440 408 1502 σιὀιιοοι
421 1443 604 1521 naturalem,
620 1445 728 1506 delinit
743 1466 759 1503 ιι
773 1444 932 1524 patibilem
947 1449 1067 1505 naturae
1118 1444 1195 1505 adeo
1222 1444 1338 1516 limata,
1366 1450 1397 1506 et
1421 1444 1581 1512 enucleata
1605 1443 1774 1505 subtilitate
1794 1461 1873 1505 voees

300 1533 471 1595 motionem
482 1535 515 1595 in
529 1554 566 1597 eo
580 1538 664 1616 quod
679 1538 795 1617 patitur
806 1558 814 1611 ς
824 1554 894 1615 qum
904 1541 951 1597 est
961 1553 1068 1617 opera·
1117 1535 1283 1615 ascipiunt.
1296 1537 1357 1598 Sed
1366 1545 1458 1614 ιιινηαιν
1470 1536 1707 1615 promutatione
1716 1536 1873 1616 quetieum·
1898 1550 1955 1594 αισα

301 1624 344 1683 tio
364 1630 495 1703 naturae,
521 1628 641 1690 affectio
668 1647 742 1689 tero
769 1628 862 1697 illius,
879 1628 912 1688 in
938 1647 1000 1707 quo
1022 1634 1067 1690 est
1117 1646 1178 1708 que
1194 1634 1333 1702 sumunt,
1350 1634 1381 1688 et
1391 1630 1525 1690 transitu
1539 1628 1707 1709 apotentia
1718 1629 1758 1690 ad
1767 1634 1870 1692 aetum.

299 1718 462 1795 operatio“.
474 1740 490 1776 a
503 1720 664 1781 Etinlibro
676 1719 711 1781 de
724 1719 834 1781 duatus
843 1718 956 1782 Christi
967 1719 1068 1782 volun·
1117 1721 1206 1783 Unde
1217 1721 1343 1783 tolerari
1356 1720 1448 1783 debet
1461 1721 1587 1782 illorum
1607 1721 1666 1781 ista
1682 1722 1773 1795 ratio,
1789 1740 1872 1802 quam

299 1808 543 1887 totilaeasserit,
551 1813 1065 1889 sensusomues,visum,auditum,
1117 1819 1149 1873 et
1162 1812 1338 1875 Aristoteles
1350 1814 1494 1893 usurpari
1508 1812 1659 1893 permittit
1672 1858 1680 1887 ,
1695 1819 1732 1874 ut
1744 1814 1872 1875 'l'hemis-

300 1900 475 1979 odoratum,
494 1909 526 1964 et
547 1910 673 1967 caeteros
691 1926 698 1966 :
713 1907 850 1984 itemque
870 1906 1064 1980 memoriam,
1115 1904 1177 1965 tius
1191 1905 1319 1966 adnotat
1334 1926 1341 1966 ι
1357 1905 1528 1966 dummodo
1545 1906 1645 1966 cautio
1658 1904 1726 1965 haee
1739 1906 1871 1968 adhibea-

298 1994 530 2073 appetitionem,
559 1995 684 2072 famem,
713 1997 813 2072 sitim,
842 1997 1065 2077 fatigationem,
1116 2002 1179 2075 tur,
1186 1997 1343 2058 diversum
1356 1997 1514 2077 quoddam
1528 2014 1594 2058 esse
1603 2014 1702 2076 genus
1715 2005 1871 2074 ἀλλοιώσεως,

298 2086 499 2167 voluptatem,
515 2089 684 2153 dolorem«
702 2108 767 2152 esse
782 2090 958 2152 affectiones
971 2092 1066 2152 retio-
1117 2087 1149 2150 id
1162 2089 1406 2164 estmatotioois,
1422 2106 1518 2169 quam
1548 2088 1751 2151 alterationem
1771 2089 1872 2152 schole

298 2180 347 2241 nis
373 2188 522 2260 expertes,
550 2189 581 2244 et
605 2184 802 2263 operationes
833 2203 840 2244 :
867 2184 1068 2263 Operationes
1118 2183 1307 2243 nominante
1329 2183 1419 2247 Certe
1432 2181 1539 2242 dioero
1564 2180 1705 2242 motiones
1723 2181 1835 2260 animi,
1849 2191 1872 2244 et

299 2273 435 2359 quidem,
447 2281 478 2336 et
490 2275 649 2337 facultates
664 2283 802 2351 naturae,
817 2282 875 2338 eto.
891 2275 1068 2338 affectiones
1116 2275 1245 2337 rationes
1267 2274 1421 2355 appellare
1443 2292 1508 2336 non
1532 2273 1697 2349 dubitavit,
1713 2282 1873 2350 travataeet

298 2383 384 2437 vero,
401 2367 466 2427 sive
485 2368 652 2446 passiones,
673 2386 710 2429 eo
737 2367 820 2447 quod
843 2368 945 2428 omnis
966 2374 1068 2429 ereata
1117 2377 1223 2443 νοήσεις,
1241 2367 1284 2429 ita
1296 2367 1431 2428 scribens
1445 2364 1591 2446 inprimo
1624 2364 1870 2427 Academiarum:

298 2460 395 2520 motio
415 2458 581 2539 patibiliter
594 2466 749 2528 movetur.
772 2465 803 2521 et
822 2464 978 2539 operatur,
1003 2461 1068 2522 sola
1121 2460 1317 2521 «seientiam
1330 2466 1436 2521 autem
1449 2476 1607 2538 nusquam
1620 2475 1687 2520 esse
1709 2459 1871 2533 censebant,

298 2570 373 2614 vero
388 2552 495 2613 divina
510 2558 623 2615 notura
645 2552 825 2633 impatibilis
838 2559 895 2629 est,
917 2570 988 2632 qua·-
1001 2552 1068 2614 sine
1117 2553 1177 2613 nisi
1200 2553 1234 2613 in
1263 2553 1360 2614 animi
1387 2551 1587 2627 motionibus,
1613 2555 1645 2611 et
1668 2551 1869 2612 rationibuss

299 2644 441 2725 passione
459 2651 613 2714 movetur,
630 2650 661 2707 et
679 2645 795 2725 absque
808 2646 946 2707 motione
958 2663 1067 2724 opera·
1117 2645 1183 2706 lieo
1192 2645 1295 2725 ipsum
1304 2650 1447 2706 naturam
1458 2642 1693 2723 nullamtvepqetq
1709 2643 1873 2706 destitutum

299 2735 403 2798 turi.»
420 2738 513 2799 Addit
522 2739 671 2818 quasdam
686 2737 792 2799 exiliis
800 2737 900 2816 magis
914 2738 1069 2817 operatio·
1116 2754 1182 2798 esse
1207 2742 1339 2798 testatur
1361 2737 1410 2797 his
1432 2733 1536 2796 verbis
1558 2732 1782 2811 Tertullianus,
1803 2734 1882 2795 libro·

298 2848 354 2890 nes
368 2848 443 2903 esse,
459 2849 553 2910 quam
567 2831 737 2909 passionem
746 2831 901 2891 utvitam:
917 2831 1066 2909 quasdam
1116 2842 1217 2891 eootro
1232 2830 1410 2892 damonem
1423 2828 1537 2909 primo,
1550 2825 1650 2906 eapite
1663 2842 1742 2888 mue
1754 2849 1770 2886 ιι
1781 2828 1873 2889 Otium

298 2923 397 3002 magis
415 2941 480 2984 esse
494 2924 665 3004 passiones;
680 2929 716 2984 ut
730 2922 1065 2999 mortem,seetionem,
1116 2924 1165 2984 sui
1192 2929 1305 2985 natura
1335 2939 1400 2984 non
1433 2919 1522 2983 novit
1544 2936 1551 2979 :
1574 2917 1649 2980 hine
1680 2926 1830 2998 censetur,
1851 2920 1873 2980 si
1954 2988 1955 2999 γ

298 3014 480 3093 fluxionem,
496 3035 552 3077 nee
579 3035 643 3077 non
662 3014 905 3085 dealbationem,
919 3014 1069 3091 nigrefao-
1117 3020 1240 3095 agat.»
1954 3006 1955 3037 ³

298 3107 429 3185 tionem,
462 3108 708 3183 oelettetionem,
741 3106 1000 3185 irigefaotionem,
1037 3113 1069 3170 et

299 3199 424 3262 similes.
841 3244 844 3249 ι

337 3293 379 3354 Χ.
396 3293 486 3367 Quod
497 3298 604 3354 autem
613 3310 675 3367 eas,
684 3309 760 3371 quas
769 3296 897 3368 voeant,
907 3292 1066 3372 passiones,

298 3385 330 3447 id
344 3391 478 3465 estedtq,
507 3385 643 3447 motiones
665 3401 741 3458 esse,
764 3383 861 3445 saneti
890 3383 937 3444 illi
962 3385 1067 3447 Patres

297 3478 463 3553 affirmant,
478 3478 538 3541 hoo
554 3477 594 3539 ab
608 3477 770 3539 Aristotele
784 3481 946 3556 sumptum
966 3477 1066 3539 videri

298 3566 416 3651 potest;
432 3571 532 3651 quiin
544 3570 624 3632 libro
637 3570 739 3650 primo
749 3567 785 3630 de
797 3568 919 3646 Animo,
931 3568 1067 3630 dubium

298 3680 363 3724 esse
377 3662 509 3740 dioit,an
518 3665 624 3723 anima
633 3662 698 3741 ipsa
709 3666 872 3722 moveatur
882 3681 890 3737 ;
902 3681 918 3720 ιι
928 3678 965 3723 eo
980 3661 1066 3740 quod

298 3754 391 3833 vulgo
414 3755 457 3815 ita
478 3754 660 3834 loquuntur,
685 3753 821 3814 animam
844 3753 951 3815 dolore
972 3753 1065 3829 efflei,

298 3847 442 3923 gaudere,
458 3847 629 3923 oonfidere,
645 3847 777 3907 timere:
793 3845 868 3907 item
877 3845 977 3922 irasci,
993 3863 1064 3907 sen-

298 3939 366 4013 tire,
381 3939 572 4018 intelligere3
588 3939 657 4000 hare
670 3943 774 4025 eutem
792 3938 898 3999 omnia
912 3938 1066 3999 motiones

298 4049 364 4096 esse
389 4031 533 4095 videntur
560 4051 568 4095 ι
596 4032 682 4094 unde
708 4031 861 4111 quispiam
887 4029 1067 4112 opinabitur

298 4125 398 4206 ipsam
411 4125 558 4188 moverit
574 4145 590 4184 ο
605 4125 666 4187 Sed
680 4123 856 4204 respondet,
881 4122 937 4185 etsi
963 4127 1067 4185 motus

298 4235 363 4280 esse
376 4219 485 4282 demus
507 4217 683 4280 affectiones
699 4216 778 4293 illas,
799 4215 880 4277 efflei
902 4214 942 4276 ab
962 4214 1067 4277 anime

298 4311 410 4390 potius,
426 4326 519 4392 quam
537 4311 571 4372 in
589 4328 626 4371 ea
639 4308 742 4388 recipi,
759 4312 791 4370 et
803 4307 916 4369 ideireo
935 4306 1066 4369 minime

298 4403 427 4465 moveri.
447 4405 543 4466 Porro
564 4407 667 4465 motus
685 4418 750 4462 non
773 4417 851 4478 esse,
867 4399 921 4461 sed
933 4406 1066 4482 ἐνεργείας,

334 4622 355 4662 a
373 4607 489 4662 Diutsc.
502 4604 551 4662 ltb.
565 4604 603 4661 de
612 4607 719 4676 prima
731 4605 829 4659 insiti.
850 4599 990 4664 Πάθοςέατθ
1001 4619 1070 4673 quor-
1120 4599 1267 4674 θργθζισθαι,
1281 4603 1322 4655 καὶ
1336 4599 1508 4667 αἰσθάνεσθαι,
1530 4602 1570 4654 καθ
1593 4600 1749 4656 proseratur·
1772 4594 1876 4655 τιῶτσθθ
1949 4576 1950 4641 l

298 4689 350 4753 κθν,
367 4690 458 4757 κίνησις
478 4689 572 4759 φύσεως
589 4687 709 4756 παθητική
729 4692 773 4742 τοῦ
794 4687 943 4760 πάσχοντος.
958 4684 1013 4752 ἥτις
1027 4688 1070 4753 τῆς
1119 4685 1200 4739 πάντα
1212 4685 1315 4754 κινήσεις
1330 4678 1391 4740 εἶναι
1405 4678 1527 4740 δοκοῦσιν.
1537 4685 1590 4740 ὅθεν
1605 4682 1696 4755 οἶιγθιθη
1712 4703 1749 4748 τις
1768 4686 1797 4738 ἂν
1810 4678 1875 4748 mitit
1948 4714 1949 4717 ι

300 4772 343 4846 μὲν
357 4770 522 4844 φθανιθςέστιν
537 4770 645 4844 ἐνέργεια,
656 4770 732 4831 πάθος
743 4768 770 4822 tt
779 4764 935 4841 τοῖιπερὶθή
952 4766 1068 4839 ἐνέργεια.
1118 4769 1246 4824 κινεῖσθαι.
1948 4822 1949 4849 γ

334 4856 352 4912 b
371 4856 472 4911 Diues.
490 4856 574 4908 Ταῦτα
586 4855 667 4909 πάντα
690 4853 771 4923 ἄλογα
790 4852 869 4919 πάθη,
890 4852 930 4903 καὶ
953 4848 1069 4923 ἐνέργειαι
1153 4851 1175 4908 d
1193 4852 1262 4908 ibid.
1283 4851 1370 4925 Εἰγὰρ
1383 4853 1475 4907 salte
1488 4851 1640 4925 μάλιστατὸ
1653 4849 1788 4916 λυπεῖσθαι,
1801 4845 1877 4922 ήχιιθ·

300 4938 354 5011 μὶν,
368 4940 410 4992 καὶ
424 4938 537 5010 δυνάμεις
553 4942 596 5005 τῆς
610 4936 712 5006 φύσεως,
729 4942 782 4992 ete.
806 4935 875 5003 Πάθη
890 4933 926 4998 δὲ,
939 4935 978 4988 ὅτι
1000 4933 1070 4987 πᾶσα
1119 4952 1180 5008 part,
1193 4935 1210 5004 ἢ
1223 4937 1372 4990 διανοεῖσθαι
1385 4937 1489 5005 κινήσεις
1503 4934 1559 4990 εἶσὶ.
1947 5006 1948 5011 ¹

298 5023 390 5091 κίνησις
403 5019 488 5088 errori
502 5021 641 5088 παθητικῶς
661 5020 771 5082 κινείται,
786 5019 826 5072 καὶ
846 5016 947 5090 ἐνεργεῖ.
966 5015 1069 5090 piandi
1153 5034 1170 5075 e
1187 5020 1304 5076 Tenuis.
1324 5016 1356 5072 Et
1368 5017 1394 5073 bl
1408 5019 1449 5073 καὶ
1463 5017 1507 5081 τὰς
1521 5016 1685 5092 ἔνιργεῐιιςτις
1694 5015 1874 5087 κινήσειςλθγοι,
1947 5030 1948 5053 ν

298 5105 313 5172 ή
328 5105 381 5158 dele
392 5105 461 5177 ρθσις
486 5102 551 5158 latia
569 5102 672 5171 ἀπαθής,
696 5102 795 5167 ἀπαθῶς
808 5102 947 5174 κινουμένη,
961 5101 1003 5155 καὶ
1014 5099 1067 5154 ἇκι·
1117 5102 1178 5174 πρὸς
1186 5100 1305 5174 τοῦνομα,
1319 5104 1379 5175 ὅπερ
1393 5097 1463 5157 αἶσιον
1476 5104 1608 5175 πρόσορον,
1625 5101 1655 5156 od
1669 5101 1717 5175 χρή
1729 5099 1873 5173 odoacare·

298 5187 378 5255 νήτως
392 5182 531 5260 ἔνιργοῦσα.
1117 5186 1264 5257 διορθζισθαι
1277 5186 1314 5251 δὲ,
1329 5187 1368 5241 ὅτι
1386 5183 1453 5259 εἴπερ
1474 5187 1515 5240 καὶ
1531 5184 1678 5242 τὰτοιαῦτα
1698 5184 1810 5253 κινήσεις,
1823 5177 1874 5235 ἀλλ’

335 5286 350 5325 ο
369 5272 458 5327 darer.
477 5271 489 5327 l
503 5269 540 5327 de
553 5275 610 5326 Aa.
624 5285 685 5340 oap.
704 5284 743 5339 ιν,
757 5277 813 5325 tax.
835 5284 898 5324 tur.
918 5267 1005 5340 Φαμὲν
1019 5266 1067 5339 γὰρ
1117 5267 1200 5343 ἕτερον
1209 5288 1238 5341 γι
1252 5264 1317 5336 εἶδος
1329 5273 1403 5325 τοῦτο
1412 5271 1539 5340 κινήσεως.

299 5352 342 5423 τήν
354 5354 433 5428 ψυχήν
446 5354 585 5421 λυπεῖσθαι,
601 5354 706 5426 χαίρειν,
720 5351 825 5425 inlisit,
839 5352 974 5424 ροθιῒσθαι,
989 5350 1026 5406 ἔτι
1039 5351 1067 5405 δέ

327 5523 337 5567 t
354 5522 449 5571 ornae.
461 5521 514 5568 itti.
525 5521 578 5566 -t
589 5520 649 5568 teet.
660 5532 680 5567 r.
693 5519 717 5566 to
729 5531 746 5571 ι.
758 5520 784 5568 ie
793 5523 834 5568 to.
