4104 6160
552 293 603 355 11
621 294 928 366 mensuramus,
951 297 1023 359 un
1045 299 1100 374 vr,
1123 298 1209 359 car.
1233 297 1285 358 xr.
1648 295 1706 358 ss

114 470 224 514 eorum
235 473 363 519 1111111
374 463 406 518 11
416 457 545 536 judicio,
557 464 624 520 tum
635 465 701 521 rata
712 461 891 523 illafuerint
938 463 1108 524 divinitatis
1135 463 1341 525 differentiam
1367 466 1502 541 negant,
1538 460 1705 542 (Apolliua-
1737 490 1870 545 „mma

115 544 237 623 habita,
261 554 294 609 et
309 549 454 627 probata,
470 569 540 630 quae
556 552 604 611 isti
623 553 710 632 prius
728 569 890 633 oppugua-
939 555 1029 616 ristas
1042 562 1147 617 autem
1163 553 1315 635 intelligit)
1332 573 1367 616 ac
1382 572 1608 632 nonuunquam
1628 554 1705 614 divi·
1748 554 1860 607 tuccetum

115 645 243 711 111111,
269 642 436 720 Ephesiae
451 651 519 703 acta
534 642 663 722 synodi3
690 651 757 705 tum
777 647 891 705 horum
939 664 1012 706 nam
1032 653 1175 707 naturam
1194 655 1336 707 asserunt
1358 648 1391 707 in
1410 664 1619 724 carnemesse
1633 664 1708 706 eon-

1739 608 1767 652 de
1777 607 1867 664 cyrillo.

117 732 370 807 conciliabulum,
385 740 416 794 et
426 735 459 795 in
470 753 507 795 eo
519 741 604 814 gesta
618 740 651 796 et
662 736 794 811 decreta,
806 754 893 797 ravo·
938 756 1080 813 versam3
1117 740 1192 800 alias
1226 758 1298 800 vero
1332 757 1455 799 caruem
1481 739 1513 797 in
1538 738 1708 798 divinitatis

118 830 181 882 cata
194 827 336 902 penitus,
362 832 393 886 et
413 826 574 905 antiquata
599 829 680 901 sint;
708 846 767 888 nec
794 828 892 888 ullam
938 831 1095 891 transiisse
1110 838 1267 903 naturam,
1283 832 1470 892 eximiorum
1495 831 1626 890 istorum
1652 832 1707 891 Pa·

118 915 197 991 apud
219 926 364 995 posteros
389 918 471 993 vim,
492 919 771 999 auctoritatemque
789 938 894 980 conse-
939 926 1024 982 trum
1048 924 1282 983 medicamentis
1309 942 1418 983 curare
1452 923 1621 982 studemus.
1658 922 1709 981 Illi

119 1014 196 1067 outa.
211 1009 310 1087 Atqui
325 1016 449 1070 exstant
459 1011 588 1070 loannis
597 1011 686 1071 istius
699 1012 836 1090 epistolae
853 1011 892 1072 ad
940 1015 1025 1073 enim
1039 1020 1143 1092 aperte
1157 1021 1225 1074 tum
1240 1022 1421 1075 naturarum
1444 1014 1579 1074 duarum
1605 1015 1710 1073 discri-

120 1097 281 1176 Cyrillum,
299 1107 331 1161 et
339 1101 434 1179 hujus
448 1102 488 1162 ad
502 1102 591 1161 illum
605 1101 740 1162 vicissim
753 1109 893 1163 amanter
942 1124 1014 1166 meu
1024 1125 1079 1165 nos
1093 1107 1214 1179 docent,
1225 1114 1295 1166 tum
1305 1106 1710 1166 divinaeimmutabttttatem

119 1190 330 1253 ethonorifice
338 1194 615 1272 postcoucordiam
630 1194 740 1254 initam
754 1195 891 1273 scriptae:
942 1199 1127 1277 praedicant,
1146 1217 1181 1259 11
1206 1200 1399 1258 Dominicam
1419 1199 1544 1276 quidem
1565 1216 1708 1273 carnem,

119 1283 229 1360 quibus
247 1286 369 1346 sineere
390 1286 549 1346 catholicae
572 1284 647 1346 fidei
673 1286 807 1347 invicem
835 1286 893 1346 sibi
942 1290 1079 1351 divinam
1092 1292 1264 1358 nominant,
1288 1291 1436 1368 quoniam
1451 1291 1506 1350 Dei
1530 1290 1623 1349 Verbi
1639 1308 1710 1349 caro

120 1376 334 1437 testimouium
348 1378 500 1457 proebent.
516 1378 704 1438 Theodoreti
718 1396 842 1458 quoque
859 1396 895 1439 ac
942 1381 1022 1441 facta
1032 1388 1093 1453 est;
1110 1383 1190 1442 hauc
1198 1383 1298 1458 ipsam
1309 1383 1429 1441 veroin
1443 1382 1610 1441 divinitatis
1623 1387 1712 1441 uatu-

120 1467 224 1546 Q’rilli
240 1475 364 1531 mutuae
383 1476 453 1549 post
473 1469 558 1529 illam
580 1469 748 1549 procellam
762 1470 895 1530 1111111-
942 1491 1011 1533 ram
1038 1492 1218 1534 conversam
1247 1480 1376 1552 putare,
1402 1479 1553 1551 tanquam
1579 1474 1712 1551 impium

119 1559 232 1629 lectiae,
258 1580 297 1622 ac
315 1561 535 1622 familiaritatis
550 1561 683 1623 illustria
701 1562 896 1622 monimenta
942 1570 1105 1642 respuunt.
1133 1565 1222 1638 Quod
1244 1565 1284 1625 ad
1306 1565 1404 1625 beatae
1432 1583 1525 1643 porro
1552 1565 1712 1624 memorie

121 1652 221 1713 relicta
242 1655 373 1714 suntin
395 1653 582 1714 Theodoreti
602 1654 774 1733 prasertim
796 1653 892 1714 libris.
943 1655 1093 1733 Cyrillum
1117 1657 1240 1725 attinet,
1264 1656 1350 1729 hunc
1362 1657 1481 1717 litteras
1494 1656 1533 1715 ad
1551 1674 1602 1715 me
1629 1673 1713 1734 saepe

122 1745 196 1804 llam
216 1752 250 1807 et
272 1746 425 1807 adversus
452 1746 625 1819 haereticos,
654 1746 737 1805 inter
762 1745 895 1805 aliorum
944 1748 1108 1827 scripsisse,
1124 1749 1215 1809 credo
1238 1766 1303 1808 uon
1324 1749 1467 1827 ignotum
1481 1766 1546 1808 esse
1559 1746 1711 1808 sanctitati

123 1837 245 1898 Petrum
261 1838 451 1913 sententias,
475 1855 552 1916 quas
570 1837 609 1897 ad
626 1836 695 1897 illos
713 1836 895 1897 refellendos
944 1844 1018 1900 tuae.
1043 1841 1122 1913 Quin
1143 1841 1227 1900 idem
1247 1841 1343 1901 libros
1358 1859 1430 1900 suos
1447 1842 1593 1901 adversus
1612 1842 1629 1900 J
1634 1840 1715 1900 ulia-

122 1928 307 2009 indialogos
320 1948 394 1990 suos
406 1929 570 2007 congessit,
587 1928 693 2008 cyrilli
704 1946 768 1988 uon
783 1946 895 2007 paucas
945 1948 1022 1991 num
1049 1932 1176 1991 mittens
1199 1932 1417 2005 Antiochiam;
1453 1936 1484 1991 et
1517 1931 1646 1991 alteram
1674 1932 1713 1992 de

122 2020 298 2101 descripsit:
315 2031 346 2083 et
360 2022 395 2082 in
408 2020 538 2100 epistola
559 2020 694 2099 quadam
712 2021 752 2080 ad
771 2020 892 2080 Diosco·
945 2021 1107 2082 Emissurio
1132 2022 1391 2097 lucubrationem,
1417 2023 1506 2100 petiit
1529 2023 1568 2083 ab
1592 2024 1713 2084 111111

123 2130 189 2173 ram
203 2113 471 2187 Alexandrinum,
486 2111 576 2191 plura
599 2111 637 2171 de
658 2128 709 2183 se,
734 2119 765 2172 et
784 2111 894 2171 eodem
947 2114 1138 2174 Antiocheno
1153 2123 1227 2175 tunc
1241 2114 1402 2193 episcopo,
1420 2121 1455 2173 ut
1468 2114 1521 2173 illa
1534 2132 1589 2172 sua
1603 2114 1715 2192 scripta

124 2204 232 2284 cyrillo
247 2205 413 2266 memoriae
437 2204 592 2283 prodidit,
609 2202 723 2282 quibus
737 2208 805 2263 tum
823 2203 894 2280 illa,
945 2222 1016 2263 cum
1041 2204 1259 2284 prestantibus
1284 2205 1529 2265 communicaret
1552 2205 1715 2266 Orientalis

125 2315 190 2376 quta
204 2297 283 2365 dixi,
294 2297 399 2357 mutui
410 2294 611 2356 inseamoris
623 2294 722 2372 sigua,
734 2293 896 2373 officiaque
945 2295 1078 2355 ecclesia
1106 2296 1271 2373 magistris.
1294 2295 1412 2368 Quibus
1433 2296 1541 2355 litteris
1562 2296 1714 2374 impulsus

124 2394 364 2462 commemorat3
379 2393 449 2447 tum
465 2387 505 2447 de
517 2385 622 2465 Gyritli
634 2385 811 2463 integritate
824 2385 895 2447 fidei
946 2385 1054 2447 beatus
1068 2388 1202 2448 loannes
1214 2387 1309 2447 libros
1323 2388 1396 2447 istos
1407 2389 1444 2447 ad
1459 2406 1510 2447 me
1529 2387 1623 2461 misit,
1637 2405 1714 2466 quos

125 2480 214 2540 nullis
233 2479 364 2540 haeresis
391 2496 524 2557 aspersae
552 2476 680 2538 maculis
712 2475 895 2537 luculentis·
946 2478 1361 2556 cumlegissemadmiratus
1369 2484 1552 2556 sumatque
1566 2479 1605 2538 ad
1616 2479 1714 2539 beatae

125 2571 237 2632 1111111
267 2570 484 2631 testimenium
522 2567 674 2647 perbibet.
713 2567 817 2628 Visum
852 2575 898 2629 est
945 2571 1106 2630 memorias
1118 2571 1266 2649 Cyrillum
1280 2571 1396 2631 litteras
1411 2571 1529 2649 scripsi,
1539 2576 1570 2630 et
1581 2571 1716 2631 vicissim

124 2662 524 2742 igitur,adpropulsandam
532 2659 689 2738 Anonymi
697 2659 894 2729 calumniam,
945 2662 997 2722 ille
1018 2663 1184 2741 rescripsit,
1207 2681 1241 2722 11
1254 2662 1457 2740 diligentiam.
1478 2668 1509 2721 et
1522 2662 1665 2722 allectum
1681 2662 1715 2721 iu

125 2756 266 2833 quasdam
285 2773 326 2815 ex
346 2754 399 2814 illa
412 2753 598 2814 Theodoreti
615 2751 744 2830 epistola
765 2751 896 2827 referre,
946 2771 978 2813 se
1000 2771 1107 2813 meum
1126 2754 1365 2828 commendavit,
1388 2759 1419 2813 et
1441 2753 1523 2833 apud
1538 2772 1596 2813 nos
1615 2754 1716 2814 adhuc

127 2865 192 2925 quae
201 2847 242 2907 ad
255 2846 409 2925 Cyrillum
422 2844 547 2925 proprie
561 2848 709 2923 spectant.
946 2844 1011 2904 istae
1026 2845 1136 2905 litterae
1151 2850 1345 2905 servanturl.
1363 2866 1378 2902 s

157 2939 196 2999 lV
200 2934 768 3014 ,01111111111111111111111111111111
775 2952 899 3013 sparsus
986 2937 1024 2995 V.
1046 2937 1102 2995 llic
1116 2936 1340 3007 Theodoretus,
1356 2936 1410 3015 qui
1426 2954 1498 2996 cum
1511 2937 1716 2999 Orientalibus

128 3030 164 3091 dc
176 3031 377 3092 Tbeodoreto
386 3046 495 3089 rumor
505 3026 608 3104 essed,
619 3028 728 3088 lesum
741 3027 898 3086 Christum
947 3026 1010 3086 suis
1022 3028 1062 3086 ab
1076 3028 1190 3106 Cyrillo
1210 3034 1282 3087 ante
1309 3028 1511 3103 dissenserat,
1528 3034 1559 3088 et
1571 3028 1603 3088 iu
1618 3030 1717 3108 Ephe

128 3122 159 3182 iu
172 3123 252 3183 duos
267 3123 308 3182 ab
328 3121 382 3182 illo
401 3120 498 3181 dividi
511 3119 608 3193 filios3
625 3119 720 3196 idque
733 3118 898 3177 Dioscorus
949 3119 1016 3178 sino
1031 3119 1234 3179 conciliabulo
1257 3120 1441 3180 seutentiam
1456 3121 1489 3180 in
1503 3138 1576 3180 eum
1589 3121 1715 3197 tulerat,

129 3213 356 3275 Alexandrinus
380 3213 541 3291 episeopus
564 3212 685 3271 Domno
709 3209 898 3270 Antiocheno
948 3227 984 3269 11
997 3229 1069 3289 pars
1082 3214 1196 3289 magna
1215 3216 1374 3289 gestorum
1393 3212 1456 3271 illic
1479 3210 1595 3286 suerat;
1612 3213 1717 3290 utqui

128 3306 345 3385 significassem
361 3304 573 3366 Theodorctus
586 3302 624 3361 ad
637 3300 899 3380 Dioscorumpur·
947 3319 1055 3363 omnes
1100 3303 1295 3363 antecederet
1341 3321 1498 3363 sacrarum
1541 3303 1717 3364 litterarum

128 3398 281 3473 gaudiani
292 3415 386 3458 causa
399 3395 537 3474 scripsit:
558 3412 593 3455 11
613 3384 683 3472 post
701 3392 773 3453 fidei
793 3393 897 3452 catho-
947 3394 1095 3469 scicntia3
1123 3394 1278 3453 simultate
1305 3396 1405 3472 posita
1428 3395 1535 3472 reique
1560 3400 1718 3473 comperta

128 3488 193 3550 licat
204 3488 432 3569 professionem
454 3487 570 3547 editam
583 3490 713 3546 testatur
730 3502 762 3544 se
776 3502 846 3563 qum
861 3485 899 3546 de
947 3485 1088 3558 veritate,
1112 3485 1262 3571 Cyrillum
1280 3486 1425 3546 eumdem
1443 3485 1581 3544 mirificis
1603 3503 1718 3563 preco·

128 3578 345 3641 incarnatione
363 3578 466 3652 sentit,
492 3594 563 3637 oum
581 3595 601 3636 1
620 3576 780 3654 Scriptura
800 3594 897 3652 sacra,
948 3576 1009 3636 niis
1033 3574 1163 3650 attollit;
1190 3593 1324 3654 eumque
1345 3577 1476 3636 summis
1495 3576 1637 3636 Ecclesia
1652 3593 1717 3637 ma·
1791 3584 1796 3590 “

128 3675 195 3735 tum
208 3671 250 3733 ab
264 3670 464 3732 sanctimimh
476 3667 617 3729 Ecclesia
631 3667 797 3744 magistris,
813 3667 902 3727 Alex·
949 3667 1062 3744 gistris,
1078 3686 1114 3726 ac
1132 3667 1312 3728 doctoribus
1326 3686 1535 3728 annumerare
1548 3687 1613 3728 non
1626 3667 1718 3728 dubi·

128 3763 225 3835 audro
241 3764 372 3842 ejusque
386 3777 561 3823 successore
574 3758 751 3826 Athanasio,
776 3758 898 3825 Basilio,
949 3764 1006 3834 tat,
1020 3758 1115 3836 hujus
1127 3757 1321 3834 auctoritate,
1337 3778 1373 3820 ac
1385 3761 1561 3821 testimonio
1573 3761 1718 3821 adversus

128 3854 295 3934 Gregorio,
327 3853 508 3931 caeterisque
533 3850 687 3925 didicisse,
714 3867 835 3910 necnon
861 3848 900 3908 ah
951 3850 1192 3929 Apollinaristas,
1209 3868 1344 3929 quorum
1358 3852 1404 3911 illi
1425 3853 1569 3913 haeresim
1590 3852 1716 3930 Anony-

127 3945 314 4027 Theophilo,
327 3951 359 4006 et
372 3945 489 4024 Cyrillo
501 3963 510 4019 ;
524 3960 659 4022 quorum
673 3941 793 4020 scriptis
806 3958 900 4002 usum
949 3958 1020 4001 mus
1046 3940 1205 4019 impingit,
1235 3943 1350 4017 utitur,
1375 3943 1514 4020 ejusdem
1526 3942 1667 4003 libellum
1678 3942 1718 4004 ad

128 4053 160 4097 se
170 4038 214 4098 ait
229 4038 272 4098 ad
285 4036 517 4098 convincendos
529 4034 701 4095 haereticas.
714 4032 899 4111 «Siquidem
948 4032 1095 4092 Acacium
1108 4032 1289 4111 episcopum
1309 4031 1344 4092 de
1368 4052 1458 4113 capro
1478 4034 1632 4095 emissario
1655 4034 1718 4094 col-

126 4145 178 4189 eos
200 4147 324 4203 omues,
349 4127 464 4207 inquit,
491 4126 543 4206 qui
560 4124 728 4187 Dominicae
741 4124 900 4192 carniae
948 4124 1063 4185 laudat.
1087 4125 1156 4190 Quo
1180 4125 1307 4204 quidem
1327 4125 1361 4184 in
1378 4126 1596 4205 libroprorsus
1609 4126 1718 4187 eadem

160 4360 182 4401 a
199 4346 345 4402 Tuuonoa·
360 4356 405 4411 ep.
422 4355 533 4395 mxttt.
554 4338 616 4400 Τοὺς
637 4336 684 4411 γὰρ
699 4340 744 4404 τῆς
757 4338 901 4404 δεσποτικῆς
950 4337 1069 4398 πολλάκις
1089 4337 1149 4408 ἡμῖν
1173 4335 1320 4404 ἐπέστειλεν,
1346 4332 1416 4410 οἶμαι
1437 4340 1477 4392 καί
1497 4340 1540 4407 την
1563 4337 1607 4406 σὴν
1631 4338 1719 4393 εἰδέναι

126 4429 225 4499 σαρκὸς,
237 4427 282 4480 καὶ
291 4430 336 4492 τῆς
349 4424 464 4491 θεότητος
480 4420 523 4488 aba
542 4419 659 4492 διαφορὰν
674 4418 845 4491 ἂρνουμίνους,
859 4419 900 4470 καί
951 4426 1034 4491 σαφῶς
1048 4419 1176 4491 ἇγιότητα,
1200 4423 1241 4473 καὶ
1256 4420 1328 4487 ἡνίκα
1342 4420 1368 4473 δὲ
1384 4421 1415 4474 τὰ
1428 4421 1491 4474 κατὰ
1510 4417 1650 4475 Ἰουλιανοῦ
1662 4442 1720 4494 συγ-

127 4510 185 4563 κατὲ
199 4509 246 4580 μὲν
260 4508 305 4575 τήν
319 4506 384 4559 θιίαν
400 4505 471 4574 φύσιν
488 4503 521 4566 τίς
534 4506 612 4575 σάρκα
622 4503 752 4574 τετράφθαι
774 4502 900 4573 λέγοντας,
950 4504 1083 4574 γράμματα
1101 4502 1133 4563 είς
1148 4501 1297 4576 Ἀντιόχειαν
1314 4505 1451 4575 πέπομφεν·
1468 4504 1585 4564 ὡσαύτως
1599 4504 1675 4557 δὲκαὶ
1689 4505 1720 4558 τὰ

126 4594 185 4647 ml
198 4594 228 4646 δὲ
241 4591 287 4658 τὴν
308 4591 388 4662 σάρκα
412 4587 445 4649 είς
467 4588 580 4655 θεότητος
605 4585 797 4658 μεταόεόλῆσθαι
819 4584 900 4655 φύσιν,
951 4584 983 4647 είς
996 4585 1037 4638 τὸν
1060 4586 1235 4656 άποπομπαῖον
1264 4588 1402 4658 γραφέντα,
1422 4589 1465 4640 τὸν
1492 4588 1610 4658 μακάριον
1631 4588 1720 4658 ᾔτησεν

126 4681 177 4738 τοῖς
195 4681 249 4730 τῶν
269 4673 412 4744 θαυμασίων
439 4670 534 4724 τοότων
554 4669 650 4740 άνδρῶν
672 4669 807 4740 φαρμάκοις
830 4668 901 4737 θερα-
956 4666 1074 4735 Ἰωάννην
1091 4669 1132 4720 τὸν
1143 4673 1187 4735 τῆς
1202 4668 1350 4741 Ἀντιοχείας
1369 4668 1511 4733 ἐπίσκοπον,
1526 4668 1643 4731 ἐπιδεῖξαι
1660 4669 1722 4723 αὐτὰ

126 4760 207 4812 adesa
221 4759 405 4827 σπουδάζομεν.
430 4759 513 4823 σαφῶς
529 4752 578 4823 γὰρ
605 4752 645 4803 καί
670 4758 720 4804 τῶν
742 4750 785 4803 δύο
807 4750 901 4819 φύσεων
951 4748 1073 4811 tonant
1086 4749 1130 4818 τὴν
1146 4749 1211 4821 ἑῴαν
1224 4752 1381 4823 διαπρέποοσι
1397 4753 1559 4815 διδασκάλοις,
1575 4752 1615 4805 καὶ
1631 4752 1722 4820 δὴτοῖς

125 4839 190 4912 ὗμὶς
204 4841 251 4908 τὴν
274 4836 394 4909 διαφορὰν
410 4834 586 4897 ἔκπαιδειίουσι,
612 4835 653 4886 καί
674 4833 704 4886 τί)
728 4832 903 4903 άτρεπτοντῆς
951 4832 1091 4902 γράμμασιν
1108 4830 1195 4894 εἴξαςό
1209 4835 1327 4906 μακάριος
1345 4833 1464 4902 Ἰωάννης
1477 4836 1666 4907 πέπομφενὴμῗν
1679 4836 1721 4898 τὰς

20 4948 21 4955 ι
125 4923 190 4985 &lag
200 4923 350 4995 „elusam
364 4917 468 4990 φόσεως·
484 4919 525 4969 καὶ
534 4916 577 4982 τὴν
589 4914 736 4982 δεσποτικὴν
749 4917 827 4985 σάρκα
836 4913 901 4966 θείαν
953 4914 1061 4983 βίὸλους.
1077 4915 1118 4966 καί
1134 4914 1278 4986 άναγνόντες
1301 4915 1479 4989 ἐθαυμάσαμεν,
1494 4920 1534 4970 καί
1549 4917 1720 4989 ἐπεστείλαμεν

125 5004 169 5077 ple
178 5006 362 5066 ἀποκαλοῦσιν,
377 5003 412 5064 ὣς
421 5007 464 5055 τοῦ
475 5001 530 5053 θεοῦ
543 5000 618 5071 λόγου
634 4999 713 5069 σάρκα
727 4998 900 5069 γεγενημένην,
951 5002 988 5066 τῷ
1002 5001 1045 5063 τῆς
1061 4999 1179 5069 μακαρίας
1192 5001 1289 5069 μνήμης
1306 5001 1430 5072 Ιίυρίλλῳ,
1445 5003 1485 5053 καὶ
1501 5002 1634 5073 ἀντέγραφε
1647 5002 1721 5054 πάλιν

20 5078 22 5129 f
123 5089 154 5142 th
167 5090 196 5144 δὲ
210 5083 459 5154 είςθιότητοςαῶτὴν
477 5082 756 5155 μεταόεὸλῆσθαιφῦσιν,
771 5081 805 5142 ὡς
819 5078 902 5140 άσεόὲς
950 5077 1020 5150 ἡμῖν,
1041 5081 1081 5133 καί
1101 5081 1222 5151 ἀκρίόειαν
1241 5080 1311 5153 ἡμῖν,
1334 5085 1374 5136 καί
1400 5085 1504 5138 διάθεσιν
1525 5090 1664 5155 μαρτυρῶν.
1680 5084 1721 5136 καί

20 5162 22 5227 ξ
125 5169 293 5245 &aalysiae
308 5166 385 5222 ότιδὲ
399 5169 440 5220 καὶ
453 5166 468 5220 ό
482 5170 525 5233 τῆς
539 5164 659 5238 μακαρίας
673 5166 769 5236 μνήμης
783 5163 902 5234 ίίιόριλλος
951 5164 1056 5224 σώζεται
1070 5162 1128 5234 παρ’
1138 5164 1196 5234 ἡμῖν
1206 5169 1284 5217 ταῦτα
1292 5166 1323 5219 τὰ
1337 5169 1480 5239 γράμματα.

151 5336 266 5382 tl'haad.
278 5347 313 5390 ep.
325 5342 415 5383 annu,
426 5335 481 5375 tom.
495 5331 533 5375 tlt.

292 5414 378 5474 Torr.
393 5411 449 5472 VI.
