3936 6146
501 311 551 372 DE
570 309 869 413 {achartumnam
892 309 964 371 ίιίΒ.
987 308 1042 388 ΙΧ,
1064 307 1148 370 CAP.
1170 306 1208 367 X.
1579 300 1639 362 345

87 492 188 537 carnem
201 474 427 537 transeatcalix.
454 474 654 539 Verumtamen
669 477 816 555 qnoniam
866 480 950 552 suunt,
978 475 1135 555 praecipua
1161 491 1304 553 quasque,
1331 467 1447 532 tumst
1479 486 1541 548 qua
1567 476 1640 527 snut

87 569 157 628 aliter
177 566 237 628 ficri
261 568 393 647 nequit:
422 587 479 628 non
497 569 573 629 sicat
592 588 644 649 ego
673 570 751 645 volo,
772 568 821 630 aad
868 569 991 642 omissa,
1018 586 1088 647 quae
1114 585 1267 647 perpauca
1293 566 1488 633 succurrunt,
1518 559 1578 619 boc
1605 559 1639 618 in

86 664 214 721 nattum
227 660 319 720 »Non
332 667 378 721 est
390 665 496 721 autem
510 662 820 723 eonnariavotunas
868 659 965 739 eapite
982 665 1206 740 proponantur.
1229 660 1274 720 Ex
1294 658 1333 718 iis
1354 655 1407 716 illa
1430 655 1569 734 primum
1588 669 1639 711 rc·

87 752 231 813 medianae
249 752 356 813 affecta
382 752 423 827 ei,
447 770 518 831 quae
544 753 685 814 absoluta
704 761 761 827 est,
789 757 822 814 et
868 753 1071 820 censebimus,
1104 770 1174 831 quae
1207 770 1245 813 ex
1280 756 1422 811 veterum
1458 745 1637 807 auctoritate

87 843 199 923 simplex.
215 845 368 905 ltavotum
394 844 470 905 illud
487 844 625 923 Apostoli
640 846 742 923 Pauli,
758 865 820 925 quo
869 849 1028 925 petuntur.
1046 846 1132 906 Inter
1154 862 1232 922 qnos
1249 841 1434 903 Adranasius
1452 840 1564 900 diserte
1578 836 1639 897 sut·

88 955 112 998 se
122 941 211 1016 optare
222 935 292 996 dicit
304 937 469 998 anathema
479 955 543 998 esse
558 937 596 998 ab
611 937 742 1010 Christo,
762 940 821 1000 hoc
868 936 983 1015 fragani
998 937 1118 997 videtur
1127 938 1181 996 nni
1196 934 1307 997 Christi
1318 933 1482 1004 voluntati,
1503 931 1536 990 in
1558 929 1639 989 libro

87 1035 122 1089 ast
138 1034 166 1088 ut
184 1028 445 1107 Chrysostomus¹,
461 1030 683 1105 Theodoretus,
707 1031 822 1110 aliique
870 1027 905 1090 de
934 1028 1065 1089 solutari
1088 1029 1212 1090 adventa
1242 1026 1367 1101 Cariati,
1396 1024 1450 1105 qui
1486 1023 1639 1083 secundus

87 1119 246 1199 probabilius
258 1127 426 1199 exponunt,
444 1121 483 1181 ab
504 1121 571 1201 ipso
585 1123 719 1201 separari
734 1122 821 1202 peni·
871 1129 975 1183 contra
1004 1121 1208 1202 Apollinarem
1232 1119 1411 1180 inscribitur
1426 1118 1459 1177 in
1477 1122 1561 1177 sexta
1584 1133 1639 1192 sy-

87 1218 133 1285 tn,
145 1216 171 1272 et
189 1212 220 1271 in
237 1213 459 1291 sempiternum
477 1213 638 1288 damneri;
655 1212 731 1274 citr'u
750 1232 821 1293 pec·
871 1215 954 1275 nodo
970 1213 998 1289 ’ς
1015 1215 1067 1274 urbi
1089 1214 1242 1276 nonnulla
1265 1214 1390 1273 Patrnm
1404 1209 1582 1271 testimonia
1602 1207 1640 1267 do

87 1309 168 1364 catum
189 1308 310 1365 manen:
338 1303 424 1380 illud,
449 1305 590 1384 inquam,
620 1304 818 1383 desiderium,
873 1324 936 1366 una
962 1307 1122 1367 voluntate
1147 1306 1186 1366 ab
1200 1304 1336 1366 Macerio
1350 1303 1494 1363 heretico
1517 1300 1642 1361 collecta

87 1395 151 1476 qood
162 1394 290 1457 absolute
305 1402 464 1476 sumptum
478 1397 633 1458 nefarium
647 1403 702 1470 est,
727 1417 823 1478 appo·
873 1400 997 1460 recitata
1017 1404 1112 1459 suan:
1133 1399 1167 1458 in
1189 1398 1301 1477 quibus
1326 1396 1377 1456 ille
1399 1401 1447 1456 est
1473 1393 1643 1471 descriptus

86 1488 297 1551 sitaconditione
312 1488 431 1549 licitum
445 1494 502 1566 est,
516 1490 824 1569 aclaudabilezquod
876 1490 1036 1551 Athanasii
1056 1491 1154 1552 locus.
1180 1491 1222 1550 De
1243 1508 1305 1569 qno
1328 1494 1364 1549 ut
1389 1488 1500 1549 melius
1509 1485 1643 1565 judicari

86 1585 148 1641 recte
165 1581 285 1645 antius
300 1582 343 1641 ita
357 1581 509 1642 declarat:
528 1603 544 1639 ιι
565 1582 597 1642 Si
619 1582 689 1643 fieri
711 1589 823 1661 posset,
874 1584 978 1663 possit,
986 1601 1058 1644 enm
1065 1585 1221 1662 integrum
1235 1583 1286 1643 bie
1299 1578 1644 1661 perscribambispntat

86 1679 112 1733 nt
122 1691 179 1734 mea
192 1672 360 1753 perditione
375 1673 516 1735 Christus
529 1674 765 1752 glorificaretur,
790 1694 826 1737 ne
874 1694 948 1737 vero
967 1670 1642 1753 illicAthanasiusadversusApollinarisopi-

86 1763 164 1825 Judei
176 1766 300 1826 saltitem
325 1772 600 1847 consequerentur,
616 1786 656 1827 ne
670 1768 728 1828 boc
756 1769 825 1847 qui-
874 1769 1021 1829 nionem:
1041 1770 1095 1848 qui
1108 1769 1221 1829 ideireo
1246 1773 1384 1829 mentem
1411 1766 1582 1826 humanam
1604 1763 1643 1823 nh

86 1855 139 1916 den
158 1876 335 1920 maurensem.
351 1858 503 1938 Optabam
524 1859 619 1934 enim,
645 1860 697 1931 nit,
715 1860 740 1919 si
757 1860 827 1921 liee-
876 1861 997 1922 Christo
1024 1861 1213 1932 removebat,
1244 1878 1284 1919 ne
1311 1859 1464 1919 humanas
1481 1864 1511 1916 et
1528 1856 1643 1933 cogita-

85 1949 241 2023 retaliari
263 1951 704 2030 posset;siquismibihanc
727 1953 827 2032 optio-
875 1953 987 2027 tiones,
1021 1959 1051 2013 et
1088 1953 1226 2013 carnales
1252 1956 1413 2030 cogeretur
1449 1948 1642 2015 adscribere,

85 2057 141 2100 nem
152 2041 246 2117 daret;
262 2043 351 2103 visne
366 2043 405 2103 ab
420 2043 539 2104 Christo
554 2043 699 2122 disjungi,
715 2050 751 2105 nt
762 2052 828 2106 tota
876 2063 946 2124 qnae
973 2050 1047 2104 sunt
1066 2045 1182 2123 peccati
1203 2044 1332 2117 semina,
1356 2042 1440 2120 qnod
1461 2041 1586 2103 nultum
1613 2039 1645 2099 in

85 2129 235 2194 iudeorum
248 2135 334 2195 natio
348 2134 388 2194 ad
402 2135 566 2196 Ecclesiam
585 2143 782 2215 aggregetur,
796 2144 827 2200 et
876 2136 995 2197 Christo
1015 2137 1060 2197 tas
1075 2143 1122 2197 est
1141 2136 1322 2196 admittere:
1346 2135 1458 2195 Contra
1472 2150 1542 2212 quae
1562 2150 1645 2211 pug-
1741 2152 1748 2165 ·

86 2223 470 2305 caristusglorifieennttn
876 2247 956 2290 nans
977 2228 1163 2290 Athanasius
1198 2227 1242 2288 sic
1276 2226 1358 2287 inter
1385 2234 1497 2287 caetera
1518 2223 1645 2285 scribit:

880 2343 896 2379 ο
909 2319 1075 2400 Propterea
1088 2320 1228 2381 Verbum
1250 2321 1330 2380 Deus
1342 2318 1477 2394 advenit,
1492 2316 1648 2397 primique

876 2413 1013 2474 bominis
1032 2412 1182 2489 conditor,
1204 2418 1240 2471 ut
1264 2413 1357 2471 homo
1379 2409 1476 2479 tieret,
1500 2408 1648 2469 advitam

876 2505 996 2565 homini
1009 2505 1155 2577 dandam,
1171 2509 1203 2564 et
1217 2504 1372 2583 uniquam
1385 2504 1506 2563 bostem
1520 2500 1647 2561 subver-

279 2579 493 2668 CAPUT
556 2582 613 2669 X,
876 2597 1025 2658 tendum:
1042 2616 1078 2658 ac
1092 2597 1215 2676 genitus
1229 2602 1306 2658 estc
1326 2595 1469 2674 Virgine,
1492 2594 1593 2674 prima
1609 2610 1648 2652 ex

877 2689 1031 2750 creatione
1059 2689 1230 2751 humanam
1250 2687 1308 2748 sibi
1334 2687 1467 2747 formam
1491 2686 1646 2747 excitans:

877 2780 1013 2841 exhibita
1027 2799 1129 2852 carne,
1149 2781 1214 2841 sino
1229 2780 1402 2840 carnalibus
1426 2777 1647 2852 voluntatibus,

85 2872 234 2959 detisque
247 2876 387 2939 aduersas
403 2875 566 2939 Catholicae
580 2874 700 2955 objectae
712 2878 780 2934 sant
792 2871 828 2932 ub
877 2879 909 2934 et
921 2872 1159 2951 cogitationibus
1172 2872 1318 2932 humanis
1333 2872 1364 2933 in
1377 2871 1513 2949 imagine
1526 2870 1648 2930 novita-

113 2967 242 3031 Aaretieis
260 2990 323 3051 pro
349 2969 435 3030 unias
468 2967 629 3030 voluntatis
651 2966 825 3047 defossione.
877 2964 926 3026 tis.
942 2965 1101 3044 Siquidem
1116 2964 1289 3026 Divinitatis
1308 2961 1644 3037 soliusvoluntastuit3

114 3064 138 3120 t.
151 3061 280 3123 Pm'mum
296 3079 366 3143 qam
379 3080 417 3122 en
432 3059 576 3122 Patribus
585 3058 704 3121 rolleno
719 3076 827 3139 propo-
876 3058 1026 3137 quoniam
1040 3063 1071 3118 et
1084 3063 1149 3119 tota
1169 3062 1282 3117 natura
1294 3056 1388 3117 Verbi
1407 3057 1441 3116 in
1460 3054 1648 3116 exhibitione

112 3152 212 3227 ιιιθοιιι,
228 3164 259 3215 at
281 3173 323 3214 en
341 3153 523 3228 Athenaei03
538 3154 569 3213 θ.
588 3150 672 3232 cajus
686 3167 829 3212 mensen-
875 3150 980 3211 formae
1005 3151 1108 3211 earnis
1134 3151 1282 3211 luumanae
1303 3149 1442 3222 visibilis,
1471 3147 1582 3209 Adurni
1604 3163 1649 3207 sc·

111 3244 248 3324 pta‘eatur:
261 3249 292 3307 3.
311 3255 375 3306 tum
397 3264 435 3306 en
450 3244 592 3326 Gregorio
620 3240 825 3318 Nazianzea03
877 3242 969 3303 cundi
983 3248 1096 3321 praesto
1115 3241 1192 3302 tuit:
1209 3259 1274 3302 non
1294 3240 1328 3302 in
1340 3258 1544 3321 personarum
1568 3239 1648 3299 divi·

113 3337 367 3399 caramancio.
391 3338 421 3397 a.
448 3336 502 3397 Er
528 3334 657 3396 Honorio
678 3333 776 3412 Papa,
802 3344 828 3395 at
877 3334 975 3412 aione,
997 3335 1049 3395 sed
1064 3335 1097 3394 in
1111 3335 1261 3395 exstantia
1271 3332 1449 3405 divinitatis,
1461 3338 1492 3391 et
1504 3332 1649 3392 hnmani-

112 3426 182 3488 ah'r's.
205 3432 234 3489 7.
260 3430 475 3501 Argumentum
497 3427 617 3489 illorum
635 3426 828 3507 praecipuam
878 3428 975 3488 tatis‘.
986 3448 1001 3485 n
1015 3427 1061 3487 lbi
1071 3427 1261 3488 voluntatem
1272 3426 1367 3486 solius
1378 3424 1471 3484 fuisse
1481 3423 1649 3484 divinitatis

112 3518 240 3581 eluditur.
877 3535 950 3579 cnm
976 3519 1059 3595 dicit,
1092 3517 1372 3579 Monotheletarnm
1398 3515 1500 3576 tavare
1525 3515 1647 3576 videtur

878 3610 987 3683 errori,
997 3610 1050 3671 sed
1064 3627 1128 3671 non
1141 3611 1249 3684 estita,

21 3703 134 3771 ...fh
152 3705 209 3765 Etsi
248 3705 401 3807 pleraque
430 3702 709 3764 Monotbeletarum
734 3721 827 3781 argu·
917 3704 956 3764 ΙΙ.
974 3703 1095 3784 Ουιρρο
1106 3703 1259 3764 Mammas
1269 3702 1429 3782 martyria
1443 3702 1649 3785 Disputatione

21 3832 42 3875 ,,
21 3736 176 3867 &nanta
202 3796 316 3876 quibus
343 3795 466 3855 unicam
496 3794 609 3855 Christi
636 3795 828 3856 voluntatem
877 3813 945 3857 eam
959 3794 1091 3877 Pyrrho,
1114 3796 1218 3856 locum
1231 3795 1354 3856 illumu
1374 3795 1494 3876 Pyrrho
1518 3796 1576 3857 sibi
1594 3795 1648 3856 ob

21 3888 55 3947 un
21 3903 252 3991 *propugnare
266 3896 343 3950 sunt
357 3888 458 3948 conati
463 3887 645 3964 ,sparsimin
659 3887 731 3962 boc,
742 3892 831 3948 etsu-
876 3886 1174 3992 jectumexplioans,
1191 3905 1318 3949 omnem
1334 3887 1374 3948 ab
1397 3905 1434 3948 eo
1462 3888 1549 3968 pravi
1571 3888 1646 3967 dog-

21 4002 31 4035 ι
79 3993 178 4055 penore
189 3981 267 4042 hbro
281 3979 517 4057 comprehensa,
528 3984 559 4039 et
579 3979 728 4059 exphcata
739 3984 825 4053 sant
878 3979 970 4040 matrs
981 3997 1187 4058 suspicionem
1215 3983 1347 4040 amovet.
1366 4000 1382 4036 a
1409 3980 1478 4039 Non
1498 3980 1582 4041 enim
1610 3981 1648 4041 dc

79 4086 130 4129 non
143 4077 239 4134 nmen
253 4072 368 4134 inutile
380 4071 513 4132 arbitror
524 4069 600 4144 tore,
617 4089 643 4131 ει
634 4070 715 4130 'snb
727 4088 827 4131 unum
876 4071 1012 4131 naturali
1025 4073 1144 4132 ratione
1156 4073 1242 4151 loqui
1259 4071 1460 4132 Athanasium
1473 4073 1645 4147 existimat;

79 4169 213 4241 anctum
223 4173 293 4227 tum
308 4183 348 4226 ex
366 4162 500 4244 illisque
512 4163 576 4242 jam
585 4168 832 4225 commemorata,
875 4163 928 4224 sed
943 4164 981 4224 de
1000 4165 1104 4239 modo,
1113 4182 1176 4244 quo
1190 4182 1314 4226 earnem
1326 4165 1475 4244 suscepit3
1489 4170 1525 4225 ut
1541 4169 1648 4225 osten-

107 4380 242 4437 αθιιιιιι
263 4381 294 4435 st
309 4379 447 4453 ἓνδίρεταί,
468 4398 553 4450 φησιν,
575 4373 707 4480 ὦπάτερ,
723 4377 764 4430 καθ
783 4396 830 4431 ιτα-
915 4379 1053 4434 adnata.
1075 4378 1120 4432 aaa
1130 4382 1204 4433 τοῦτο
1215 4377 1260 4448 hh
1262 4380 1400 4451 ενθλόγος
1413 4378 1466 4441 θεδς
1479 4381 1525 4441 ὢν,
1538 4379 1579 4432 καί
1600 4383 1644 4432 τοῦ

78 4458 165 4515 these·
147 4484 184 4517 τον
206 4466 326 4527 θάνατον,
341 4464 495 4535 κατορθῶσαι
515 4464 565 4524 τοῖς
587 4460 659 4524 αίς’
633 4461 706 4514 αυτὸν
729 4465 831 4514 πεσουσι
878 4464 978 4534 πρώτου
1003 4462 1130 4535 ἀνθρώπου
1148 4463 1295 4535 δηρισυργδς
1317 4464 1426 4535 γενέσθαι
1449 4463 1584 4534 ἅνθρωπος,
1614 4461 1647 4525 είς

78 4540 188 4614 tautam,
203 4548 224 4601 εἰ
242 4548 403 4615 ἀποθνήσκειν
420 4546 612 4617 ρητεθνεῶντος
632 4542 692 4615 θροῦ
709 4543 831 4612 κατθτην
879 4546 1028 4615 ζωοποίησιν
1047 4545 1089 4617 μίν
1104 4549 1148 4600 τοῦ
1164 4545 1301 4618 ἀνθρώπου,
1318 4546 1454 4617 καθαίρεσιν
1469 4545 1495 4598 δὲ
1505 4564 1549 4598 του
1534 4545 1646 4599 ἀδίκου

78 4626 315 4698 macutant,
329 4629 495 4702 παροιχέσθω,
511 4629 579 4700 ρησὶ,
595 4626 625 4681 rb
636 4628 715 4699 τοπη
717 4645 754 4680 ιον
766 4626 830 4694 πλην
880 4625 978 4702 ἐχθρου,
1000 4649 1031 4682 κα
1030 4628 1153 4702 θίγεννήθ
1155 4649 1170 4697 η
1141 4565 1221 4682 θέκρ
1229 4628 1342 4700 γυναικδς
1360 4626 1443 4695 ἔκτῆς
1465 4629 1563 4700 πρώτης
1583 4629 1647 4682 att·

79 4704 224 4785 {mittens
200 4734 245 4767 ουκ
266 4717 297 4768 ἂν
320 4713 428 4785 γένοιτό,
451 4730 534 4784 φησιν,
557 4710 655 4784 ἑτέρως,
674 4709 769 4783 οθχώς
783 4708 832 4782 ἐγὼ
879 4731 950 4777 σεως,
965 4711 1008 4780 τὴν
1031 4712 1156 4783 ἀνθρώπου
1181 4710 1274 4784 ρορρὴν
1298 4711 1376 4783 ἑαυτῷ
1398 4709 1605 4782 ἀναστησάρενος,
1622 4709 1646 4765 n

78 4789 137 4857 tan,
148 4794 202 4849 ἄλλ’
212 4798 247 4861 ώς
260 4798 301 4851 σθ.
879 4791 988 4856 ἐπιδείξει
1000 4795 1089 4867 σαρκθς
1103 4795 1162 4867 δίχα
1175 4801 1296 4867 σαρκικῶν
1310 4794 1463 4864 θεληράτων,
1471 4794 1511 4846 καί
1520 4795 1646 4867 λογισμῶν

106 4875 121 4929 θ
136 4877 214 4934 Paos.
232 4879 311 4950 apud
327 4880 445 4936 OEcum.
464 4877 522 4933 Ὅτι
537 4876 558 4932 εί
574 4874 604 4946 ἦν
619 4877 720 4930 δυνατθν
733 4876 773 4931 διὰ
788 4881 845 4950 τῆς
879 4876 1034 4950 ἀνθρωπίνων
1051 4877 1075 4931 ἔν
1088 4878 1162 4932 εἰκόνι
1174 4880 1325 4946 καινότητος·
1340 4877 1355 4945 ἡ
1370 4877 1418 4949 γὰρ
1429 4878 1525 4946 θίλησις
1536 4879 1648 4949 θεότητος

77 4950 125 5027 itti<
136 4958 254 5025 ἆιτωλιίας
266 4960 410 5029 δοξασθῆναι
423 4961 465 5015 aba
475 4961 587 5033 Χριστὸν·
598 4960 640 5013 καὶ
654 4960 760 5027 σωθῆναι
775 4960 831 5022 τοὺς
878 4963 963 5033 μόνης,
977 4960 1057 5029 ἐπειδὴ
1072 4963 1112 5015 καί
1125 4961 1191 5032 ριἰσις
1205 4961 1251 5028 θλη
1264 4965 1307 5014 τοῦ
1320 4962 1407 5034 λόγου,
1423 4960 1447 5014 ἐν
1461 4959 1571 5023 ἐπιδείξει
1589 4982 1648 5035 ρορ-

81 5035 213 5110 ‘lacuna
230 5044 289 5099 obet
303 5038 375 5099 τοῦτο
395 5046 425 5097 av
438 5044 627 5117 παρῃτησάμην.
641 5042 754 5113 ἠυχόρην
770 5043 829 5114 γάρ,
878 5048 924 5113 φῆς
937 5048 980 5112 τῆς
996 5044 1146 5116 ἀνθρωπίνης
1159 5044 1257 5116 σαρκθς,
1271 5048 1314 5111 τῆς
1328 5045 1454 5117 ὁρωμένης
1467 5049 1510 5097 τοῦ
1533 5045 1647 5117 δευτέρου

77 5138 145 5192 φησιν,
159 5126 178 5179 ei
191 5127 318 5202 ἐνεχώρει,
333 5127 354 5181 εί
366 5126 500 5201 ἐνεδέχετο,
511 5124 579 5189 εἴτις
593 5126 682 5194 ταύτην
695 5123 774 5179 ἐδίδου
787 5144 829 5198 ραι
883 5124 969 5199 ’anag
981 5128 1025 5180 οὐκ
1035 5126 1061 5179 ὲν
1075 5126 1188 5198 διαιρέσει
1202 5128 1352 5199 προσώπων,
1369 5127 1425 5181 ἀλλ’
1441 5125 1464 5182 ἐν
1479 5125 1578 5200 ὑπάρξει
1592 5128 1645 5181 θεό-

77 5204 210 5280 tinnipant
224 5213 330 5283 πότερον
345 5210 427 5282 βουθιει
441 5213 568 5277 διαστῆναι
589 5211 707 5282 Χριστοῦ,
721 5209 764 5262 ἵνα
779 5211 827 5263 πᾶν
877 5229 961 5279 τητος,
971 5211 1011 5262 καί
1026 5208 1220 5281 θνθριοτθτητος.

77 5287 234 5347 τὐἸουδαίων
243 5294 313 5356 ἔθνος
326 5293 402 5367 ἒνιοθῇ
413 5294 454 5346 καί
468 5291 572 5367 δοξασθῇ
587 5294 601 5347 b
616 5292 735 5365 Χριστθςς

101 5488 109 5530 t
121 5486 142 5530 to
152 5499 236 5545 capu,
247 5491 313 5546 aptat.
323 5490 351 5533 οιί
364 5491 422 5534 nour.
431 5500 479 5547 cap.
494 5500 530 5536 ιιι.
543 5489 590 5532 -θ
601 5490 649 5532 Act.
663 5498 711 5533 ιιιι.
