3956 6158
419 435 471 495 DE
490 429 798 503 mulenhusen,
820 429 892 491 LIB.
915 431 984 510 XII,
1014 432 1096 494 cle.
1119 433 1214 493 XVlI.

52 609 149 686 seipso
161 603 269 666 habeat
290 602 360 675 hoo,
375 608 413 661 nt
433 599 529 681 possit
555 599 661 660 omnia
679 614 794 672 creare,

52 717 98 779 per
108 697 201 759 lilium
213 699 306 767 creat,
318 699 469 773 tanquam
482 710 538 773 per
550 692 708 757 virtutem,
719 689 797 748 vim-

53 805 194 869 quesuam
210 807 218 846 ε
234 787 276 846 sic
284 785 403 846 hebens
413 784 593 862 utJ'ndiesre
607 781 713 862 possit,
728 780 795 840 effl-

52 881 165 944 aiethoc
184 894 239 958 par
263 876 375 949 fllium,
396 882 544 954 tanquam
565 892 622 954 per
644 871 797 950 iustitiam

52 972 218 1052 propriam:
240 967 501 1047 quemadmodum
525 968 550 1027 si
577 966 696 1025 dicetur
715 962 797 1041 ignis

52 1061 210 1131 maenus,
226 1077 296 1139 quae
318 1077 357 1120 ex
375 1059 441 1137 ipso
459 1057 631 1119 secundum
651 1058 794 1114 naturam

52 1160 99 1229 est,
108 1153 265 1213 concedere
274 1151 321 1211 uti
335 1149 527 1210 comburam.
544 1170 559 1206 a

83 1244 128 1304 Vl.
148 1244 192 1303 Ex
203 1244 262 1303 hsc
271 1240 379 1320 cyrilli
391 1239 645 1319 interpretatione
658 1236 798 1315 sequitur

33 1400 36 1405 ,
50 1337 94 1396 illa
103 1332 336 1403 loannisrerha,
346 1330 437 1392 Omne
448 1329 598 1412 judicium
611 1327 690 1389 dedit
701 1327 795 1400 Filio,

51 1426 85 1487 sio
108 1424 300 1503 intelligenda
323 1440 400 1498 esse,
424 1428 461 1482 ut
480 1420 551 1482 dare
576 1421 617 1481 sit
635 1419 730 1493 idem,
762 1436 799 1483 ao

51 1516 259 1577 communicare
286 1514 474 1593 generando.
498 1514 568 1573 Non
595 1511 679 1572 enim
707 1511 797 1571 aliter

51 1608 168 1669 Christus
192 1607 361 1680 satuimus,
378 1612 409 1665 et
427 1604 589 1665 efficientia
613 1603 665 1662 Dei
687 1602 795 1678 Patris,

50 1718 128 1779 qaam
141 1698 310 1761 secundum
329 1697 536 1771 divinitatem,
551 1701 583 1755 et
600 1704 636 1754 ut
658 1693 797 1753 Verbum

50 1799 102 1867 aa
114 1791 190 1870 quod
208 1790 336 1869 quidem
354 1789 461 1848 divina
485 1786 693 1862 generatione,
708 1791 740 1845 ct
759 1804 797 1844 ex

49 1885 120 1943 omni
148 1882 317 1943 eternitate
345 1880 473 1940 obtinet.
503 1880 602 1957 Atque
622 1878 681 1937 hoc
705 1894 796 1936 sensu

48 1975 126 2035 dandi
138 1973 324 2034 vocabulum
338 1971 456 2051 accepit
466 1967 728 2050 chrysostomus,
743 1968 796 2047 qui

47 2063 394 2142 idcmcsseputatatque
417 2052 541 2138 ἔρενῖηῖε,
556 2058 585 2117 id
608 2061 653 2117 est
675 2056 795 2135 penuit,

48 2155 240 2234 atemptare
256 2152 362 2225 modo,
377 2169 439 2229 quo
459 2151 569 2210 eodem
589 2147 685 2226 capite
699 2146 795 2206 dixit:

46 2244 111 2306 dedit
123 2250 150 2306 ei
168 2250 262 2306 eitam
289 2240 394 2304 trahere
414 2242 446 2302 in
472 2240 623 2320 sernetipso
638 2257 645 2298 :
662 2239 745 2316 qnod
760 2238 798 2298 de

47 2340 214 2416 sempiterna
227 2336 429 2415 generatione
443 2333 560 2393 dictum
574 2335 629 2391 est.
644 2331 689 2389 lta
704 2329 798 2390 etiam

48 2429 280 2508 theophylactus
301 2425 438 2505 exponit.

79 2520 131 2581 Sed
143 2519 336 2599 Augustinus
344 2519 378 2576 in
385 2516 466 2577 libro
476 2519 577 2596 primo
587 2512 621 2574 de
637 2512 797 2588 Trinitate,

47 2611 287 2690 capiterrn,cam
304 2607 592 2687 interpretationem
605 2604 724 2682 respuit
740 2623 746 2664 :
763 2622 799 2663 ac

47 2708 125 2780 negat
136 2704 243 2763 eodem
260 2702 353 2762 modo
368 2699 448 2758 istud
465 2696 610 2774 usurpari
629 2696 712 2775 quod
726 2695 799 2755 dicit

48 2793 314 2859 Christus.Patrem
323 2789 625 2851 dedisseFilioomne
632 2788 796 2865 judicium,

47 2903 97 2963 quo
121 2886 205 2961 dixit,
232 2885 329 2945 eitam
355 2883 383 2945 ci
407 2880 535 2942 dedisse.
553 2879 614 2940 Sed
635 2879 688 2939 illo
707 2896 799 2939 sensu

47 2977 227 3055 potiusque
254 2973 420 3053 Apostolus
447 2971 583 3050 scripsit,
610 2969 727 3030 donauit
751 2969 799 3029 itti

47 3087 142 3139 mnan,
157 3067 233 3149 quod
262 3075 300 3126 est
325 3084 412 3145 super
436 3082 520 3125 amne
545 3062 679 3137 namen¹3
700 3067 735 3122 ut
761 3061 799 3121 de

47 3159 152 3220 Christo
174 3158 315 3230 homine,
336 3174 398 3217 non
418 3161 453 3216 ut
467 3155 547 3216 Deris
561 3159 617 3226 est,
654 3152 800 3232 explicari

47 3257 185 3329 oporteet3
212 3249 301 3329 quod
327 3247 405 3307 mihi
435 3263 559 3325 quoque
593 3243 800 3305 verosimilius

46 3342 161 3403 ridetur.
183 3343 235 3403 Sic
257 3341 343 3401 enirn
361 3339 399 3399 de
410 3338 572 3417 judiciaria
593 3341 752 3416 potestate,
765 3353 801 3395 ao

46 3434 178 3510 dignitate
189 3431 391 3495 sentiendum
403 3437 459 3505 est,
475 3435 511 3489 ut
524 3429 562 3489 de
574 3427 714 3506 reliquis,
723 3444 801 3505 quas

46 3523 187 3604 hueusque
198 3523 431 3605 percurrimus,
446 3520 639 3595 mediatoris,
663 3518 800 3579 sacerdo·

46 3617 87 3691 tis,
111 3624 140 3677 et
165 3615 345 3678 similibus:
365 3631 436 3693 quae
464 3613 498 3672 in
524 3612 662 3672 humane
688 3615 800 3670 natura

46 3709 156 3788 proprie
167 3708 307 3769 resident
321 3726 331 3765 τ
346 3707 389 3766 ita
401 3711 518 3777 lamen,
534 3709 571 3763 ul
588 3702 627 3763 ab
641 3701 802 3761 divinitate
856 3712 996 3773 cretione
1016 3708 1160 3789 persequi
1186 3708 1395 3781 decrevimus,
1415 3707 1468 3767 illa
1490 3710 1622 3788 eapitis:
1697 3739 1744 3771 oo

1051 879 1240 961 carus
1272 821 1416 961 xvir.

851 1241 896 1303 De
911 1239 1040 1318 Christo,
1052 1259 1111 1321 qua
1125 1247 1212 1320 sapin
1226 1246 1275 1300 est.
1287 1242 1316 1301 l.
1332 1238 1485 1300 Probatur
1494 1237 1617 1318 eScrrp-

890 1333 968 1393 turis
981 1351 1047 1393 eam
1060 1349 1118 1391 esse
1131 1338 1221 1410 caput
1227 1330 1379 1391 Ecclesia.
1392 1331 1464 1390 Tria
1480 1330 1513 1390 in
1523 1329 1620 1408 capite

889 1423 1057 1505 spectanda,
1079 1441 1114 1484 aa
1133 1423 1286 1502 primum,
1307 1421 1386 1502 quod
1406 1438 1471 1480 eum
1496 1438 1620 1499 corpore

890 1534 941 1577 suo
954 1515 1115 1577 arctissime
1127 1513 1327 1594 conjunpitur.
1343 1515 1374 1572 2.
1391 1510 1473 1587 Quod
1489 1510 1619 1571 illustra-

890 1618 942 1669 tur
955 1606 1118 1687 Aupust‘ini
1129 1605 1302 1665 testt'rnona'o.
1316 1607 1346 1664 3.
1357 1600 1619 1683 Secundune,quod

891 1700 923 1760 in
937 1698 1079 1759 eminenti
1088 1697 1148 1757 laco
1158 1697 1288 1776 positum
1306 1695 1432 1755 membra
1448 1703 1552 1755 cratera
1567 1714 1618 1754 re·

890 1793 946 1871 pit,
969 1788 1047 1871 quod
1072 1787 1246 1849 excellenter
1267 1788 1297 1846 in
1316 1786 1433 1846 Christo
1453 1786 1615 1867 reperitur.

895 1882 998 1943 Tertia
1011 1880 1118 1961 capitis
1131 1879 1193 1951 dos,
1205 1884 1239 1939 ut
1252 1883 1283 1938 in
1296 1880 1427 1939 membra
1441 1882 1499 1937 eim
1515 1897 1617 1957 qnam-

891 1974 959 2035 dam
974 1973 1100 2047 dmiart,
1117 1989 1176 2051 qna
1192 1976 1377 2049 repetantur,
1397 1970 1476 2050 quod
1489 1980 1516 2029 et
1532 1968 1620 2031 Chri·

891 2076 952 2127 stus
967 2065 1110 2125 Ecclesia
1117 2070 1252 2144 prestat,
1269 2081 1330 2123 non
1344 2062 1503 2122 moraliter
1511 2062 1617 2139 solum,

891 2157 942 2218 sed
954 2165 1031 2217 certo
1043 2160 1133 2216 etiam
1149 2157 1234 2215 modo
1247 2155 1384 2234 physice.
1396 2156 1426 2214 t.
1442 2153 1510 2214 Nan
1525 2152 1619 2213 solum

894 2249 1044 2313 Christum
1060 2246 1208 2306 leoninum
1223 2264 1279 2306 esse
1290 2253 1392 2324 caput,
1408 2244 1554 2306 sedetiam
1569 2263 1620 2306 an-

891 2341 1038 2423 petorum‚
1060 2339 1192 2420 primum
1218 2336 1298 2417 quod
1317 2337 1395 2398 Baua
1417 2345 1468 2397 est.
1495 2338 1524 2396 a.
1540 2336 1623 2397 Acri

892 2440 982 2514 eaput
1002 2428 1199 2491 tantummodo
1214 2447 1272 2509 pro
1287 2428 1434 2509 principe,
1451 2437 1478 2488 et
1496 2427 1620 2487 antecel-

893 2526 968 2585 lente
981 2527 1126 2596 sumatur,
1137 2520 1253 2580 nemini
1263 2520 1432 2579 Christiana
1445 2516 1481 2579 de
1493 2536 1524 2579 ea
1538 2518 1623 2579 dubi-

894 2626 959 2676 tare
986 2614 1032 2695 sas
1054 2622 1105 2674 est.
1131 2616 1161 2672 6.
1187 2610 1248 2672 Sed
1274 2609 1325 2671 ttae
1344 2618 1489 2692 preterea
1511 2610 1622 2689 capitia

891 2708 973 2768 notio
991 2708 1129 2784 requirit,
1146 2710 1180 2761 ut
1195 2703 1228 2761 in
1242 2701 1374 2762 membra
1391 2703 1456 2761 aim
1471 2701 1619 2781 aliquam,

891 2808 919 2860 et
949 2796 1140 2878 efficientiam
1168 2792 1292 2853 derivet.
1317 2792 1356 2852 Id
1383 2800 1479 2852 autem
1503 2790 1621 2854 Christo
1659 2862 1662 2867 ,

893 2899 925 2950 ut
938 2889 1021 2948 homo
1035 2885 1245 2960 est,cancenire
1256 2891 1447 2945 monstratur.
1460 2887 1491 2960 7,
1504 2884 1621 2965 Capitis

894 2981 924 3041 in
940 2978 1057 3042 Christo
1066 2977 1236 3059 proprietas
1253 2975 1394 3034 latissime
1409 2980 1505 3056 patet.
1521 2978 1551 3036 8.
1572 2975 1621 3035 In·

892 3073 987 3152 sipnes
1001 3069 1060 3130 duo
1074 3068 1132 3128 loci
1146 3085 1183 3127 ee
1192 3065 1331 3146 Apostolo
1345 3064 1424 3126 adid
1441 3067 1621 3147 pertinentes

893 3162 1031 3243 sepositi.
1045 3162 1077 3235 9,
1092 3159 1151 3234 Oui
1159 3166 1186 3219 et
1197 3157 1400 3232 illustrantur,
1413 3159 1548 3238 primam
1557 3158 1619 3217 nsi·

895 3263 959 3315 tata
985 3252 1145 3314 nruttorum
1177 3250 1431 3330 interpretatione.
1462 3252 1510 3309 ta.
1547 3249 1574 3311 T
1571 3268 1620 3308 um

894 3364 968 3407 noua
982 3345 1121 3425 quadam,
1137 3349 1165 3402 et
1186 3341 1379 3421 eapeditiore.
1402 3344 1450 3400 ll.
1473 3339 1622 3401 Ambrosii

895 3437 930 3498 de
943 3435 1037 3498 eodem
1050 3441 1225 3513 arpumento
1245 3430 1439 3492 munerabilis
1451 3431 1537 3492 locus.

896 3621 920 3681 l.
945 3620 1091 3696 Superest
1104 3616 1194 3676 nobis
1208 3634 1247 3676 cx
1261 3616 1375 3677 Christi
1396 3616 1531 3690 dotibus,
1546 3632 1623 3695 quas

1671 3674 1779 3719 cunnum

1674 3778 1777 3824 lindesie

46 3799 85 3859 u's
101 3800 222 3861 illerum
237 3817 275 3860 ac
290 3799 436 3878 pretium,
454 3796 679 3874 efficientiaque
701 3793 800 3853 ‹lime-
856 3820 925 3884 quse
939 3803 978 3863 ab
992 3801 1084 3880 regis,
1098 3801 1268 3880 praesertim
1282 3799 1624 3878 spiritualis,functioue
1647 3840 1715 3887 „„„,
1736 3842 1792 3887 „„,

47 3898 101 3969 net,
117 3892 199 3971 quod
226 3891 355 3951 uberius
376 3891 548 3969 expositum
572 3887 668 3948 estin
696 3890 802 3945 octavo

47 3982 127 4059 lihro,
141 4001 212 4044 cum
224 3999 390 4061 ageremus
405 3982 443 4042 de
458 3988 567 4061 ἐνεργείᾳ
577 3989 804 4059 νεαιοροιῇριοε-

9 4088 13 4098 ’
48 4075 142 4136 sertim
153 4075 257 4155 capite
266 4092 298 4138 ιιι
312 4082 343 4137 et
355 4077 413 4135 sir.

856 3911 1024 3976 perparum
1051 3892 1154 3967 distat,
1174 3892 1244 3952 ideo
1271 3909 1335 3950 uon
1362 3892 1498 3951 multum
1516 3892 1550 3951 in
1572 3890 1624 3950 illa

856 3986 1040 4049 declaranda
1054 3982 1328 4045 commorabimur.

897 4079 996 4157 Igitur
1009 4075 1152 4136 Ecclesia
1173 4081 1267 4154 eaput
1280 4093 1345 4134 esse
1360 4073 1527 4150 Christum,
1544 4075 1624 4150 Apo·

858 4169 954 4230 stolus
968 4167 1083 4229 Paulus
1096 4184 1160 4227 uon
1174 4184 1239 4226 uno
1249 4166 1283 4225 in
1297 4165 1364 4226 loco
1375 4165 1530 4245 prodidit3
1545 4169 1582 4224 ut
1591 4164 1624 4224 in

858 4260 986 4341 epistola
998 4257 1037 4317 ad
1048 4256 1190 4337 Ephesios
1204 4277 1216 4317 .·
1233 4256 1386 4334 Mulieres,
1405 4253 1535 4334 inquit³,
1551 4255 1624 4315 viris

858 4352 918 4413 suis
933 4348 1057 4411 subdite
1075 4348 1147 4425 sint,
1166 4348 1242 4408 sieut
1261 4348 1385 4409 Domino
1399 4367 1408 4408 :
1423 4348 1563 4429 quoniam
1577 4347 1625 4408 cir

858 4450 945 4525 eaput
957 4451 999 4503 cst
1012 4440 1157 4516 mulieris,
1167 4440 1243 4500 sieut
1259 4439 1393 4502 Christus
1405 4447 1492 4521 caput
1506 4446 1546 4499 est
1564 4438 1625 4500 Ea·

859 4534 967 4596 etesiae.
990 4534 1028 4593 Et
1047 4533 1080 4592 in
1102 4531 1205 4612 priore
1219 4530 1260 4592 ad
1280 4529 1471 4593 Corinthios⁸
1495 4550 1502 4592 :
1526 4530 1626 4592 Omnis

861 4626 925 4686 oiri
935 4631 1024 4705 eaput
1038 4622 1171 4684 Christus
1189 4631 1230 4683 est
1244 4643 1255 4683 .·
1268 4631 1354 4703 caput
1373 4630 1469 4684 autem
1492 4621 1627 4683 mulieris

1661 3885 1728 3929 batur
1741 3896 1766 3927 ex

1647 3936 1778 3994 Scripturls.

862 4721 923 4793 air,
934 4723 1024 4797 caput
1034 4734 1098 4776 uera
1112 4715 1225 4776 Chm'sti
1238 4713 1328 4775 Deus.
1349 4716 1388 4774 Et
1401 4716 1435 4774 in
1448 4713 1576 4793 epistola
1588 4711 1629 4773 ad
1647 4758 1648 4762 ,

863 4806 1004 4887 Ephesios
1014 4807 1113 4886 capite
1128 4807 1229 4884 primo
1238 4803 1261 4864 ⁸.
1276 4804 1309 4866 E
1309 4812 1321 4863 t
1337 4806 1432 4886 ipsum
1445 4803 1529 4865 dedit
1541 4812 1628 4885 eaput

865 4916 947 4977 mper
963 4914 1076 4958 ornnem
1089 4896 1267 4972 Ecclesiam,
1281 4905 1395 4977 quaest
1407 4915 1512 4976 eorpus
1524 4896 1624 4976 ipsius.

858 4990 946 5064 Item,
974 4988 1020 5051 Et
1032 4990 1092 5069 a'pse
1100 4998 1140 5050 ast
1152 4994 1243 5068 eaput
1256 4987 1383 5068 corporis
1393 4987 1538 5050 Ecclesia
1548 4998 1557 5046 t
1569 4990 1628 5069 qui

77 5198 168 5256 αὓτη.
177 5196 402 5271 inicam'ssomp
409 5196 474 5270 ἔχων
484 5199 514 5251 τὸ
523 5197 637 5251 δύνασθαι
644 5199 801 5270 δημιουργεῖν
849 5198 948 5270 spiren,
960 5196 1082 5270 ἐνεργήσει
1095 5197 1135 5251 sal
1149 5196 1208 5251 arist
1222 5197 1255 5251 δι’
1277 5196 1343 5265 υἱοῦ,
1358 5198 1391 5263 ὡς
1412 5199 1454 5253 nt
1467 5198 1620 5269 δικαιοσύνης

47 5279 127 5349 tute,
140 5285 181 5337 rat
194 5280 329 5354 πατὴρδΰ
342 5281 396 5334 οἱοῦ
409 5281 440 5335 τὰ
450 5281 530 5334 πάντα
547 5281 700 5352 δημιουργεῖ,
715 5280 748 5341 ὡς
763 5279 804 5332 διὰ
853 5279 923 5341 ἰδίοις·
939 5281 1022 5352 ὥσπερ
1043 5283 1072 5334 ἂν
1087 5279 1108 5334 εἰ
1130 5281 1229 5352 λέγοιτο
1242 5285 1290 5353 arip
1304 5284 1334 5354 τῇ
1349 5279 1373 5343 ἐξ
1387 5280 1462 5336 atrei
1476 5284 1627 5355 κατὰφύσιν

47 5363 172 5438 ὀνινάμενος,
184 5367 228 5419 aul
244 5364 328 5437 ἰσχύος
344 5362 412 5426 ἰδίας*
428 5364 506 5424 οὕτως
519 5363 584 5436 ἔχων
594 5364 636 5416 καὶ
650 5362 679 5416 εδ
691 5362 806 5415 δύνασθαι
855 5361 962 5436 ἐνεργείᾳ
975 5365 1005 5418 τὸ
1013 5365 1101 5419 καῦσαί
1111 5382 1135 5419 τι
1149 5366 1320 5437 παραχωρεῖν.

71 5557 166 5614 stirp
179 5558 244 5602 sam.
256 5568 327 5608 mn,
337 5530 434 5601 nme.
444 5578 471 5590 -
481 5558 496 5601 s
506 5558 564 5601 east.
579 5569 603 5609 n,
616 5561 636 5600 a.
648 5578 676 5590 -
688 5559 702 5603 a
713 5557 768 5611 spa.
780 5564 818 5609 ιι,
829 5557 863 5603 si.
875 5558 925 5600 -ι
941 5558 1014 5605 icor.
1031 5569 1061 5609 n.
1073 5560 1129 5603 s-
1140 5560 1155 5604 a
1165 5560 1219 5612 apa.
1233 5570 1249 5609 ι.
1266 5558 1301 5603 ιν.
