4104 6160
636 339 1103 420 palaesimundum.
1127 341 1182 418 v1,
1204 339 1291 407 cle.
1313 340 1366 402 lV.
1756 341 1796 405 id

210 506 328 586 quibu
339 509 523 587 umidum
541 509 575 575 iu
586 508 707 579 mam
718 526 785 573 esse
801 514 867 575 aa
883 513 978 574 natm
1027 506 1117 573 nudi
1128 523 1254 577 mutam
1267 504 1442 585 prebuerat
1458 503 1628 584 opinioille
1643 503 1794 584 Dionysii,

85 602 174 697 ¹⁵⁹³,
211 601 631 681 armemanensis
652 601 817 679 anguinis
835 600 980 665 statuo-
1028 595 1796 677 quamtotiuseapitisundeeimidellim'nisoomi-

69 665 187 751 affi-
211 689 553 769 nynimsminntim
574 692 674 771 quiin
687 692 797 757 eodan
811 691 864 757 iilo
878 691 979 755 Photii
1027 690 1112 750 nidos
1140 689 1305 768 exposuit:
1335 694 1366 749 et
1379 706 1436 749 nos
1464 688 1538 748 alibi
1557 686 1756 766 patefecimus
1770 686 1793 748 ¹:

69 759 188 856 diuzi}-
210 781 291 857 loeo,
304 784 360 862 qui
372 801 411 847 oz
425 783 557 862 Eulogio
575 784 738 864 deaarptuo
753 790 809 858 est,
827 782 902 863 quid
920 781 978 847 sihi
1029 783 1128 847 Deum
1138 781 1177 845 ab
1192 782 1280 843 omni
1291 780 1462 842 aeternitate
1472 780 1556 843 ideas
1563 779 1713 858 quosdam
1726 797 1796 858 pro·

68 866 187 961 3¹1⁰ssss
209 875 397 955 medere
410 883 523 955 posset,
538 876 840 943 nonenimsdrenit.
857 873 979 937 Etenim
1028 874 1162 946 duxisse,
1179 872 1377 939 nveiormss,
1392 876 1424 932 et
1436 871 1578 951 exempla
1595 871 1795 947 secundaria,

84 971 164 1025 Μ·
210 966 361 1047 Eulogius
372 967 489 1031 ibidem
498 968 641 1037 affirmat,
658 968 883 1048 expositionem
892 967 978 1031 illam
1028 983 1162 1044 quorum
1193 965 1366 1029 imitatione
1394 981 1444 1025 res
1465 962 1796 1033 oreatasiormaret,ao

91 1026 154 1079 Μ’
208 1058 293 1133 snei,
307 1077 378 1138 quie
391 1067 456 1123 mi
470 1068 544 1141 ,ripn
557 1059 748 1133 insesibitur,
765 1078 830 1123 non
849 1058 888 1121 ab
904 1059 979 1121 Gre-
1026 1056 1199 1137 perficeret.
1213 1058 1273 1116 Eas
1286 1055 1400 1117 formes
1414 1055 1541 1135 praefixo
1556 1053 1705 1117 venabulo
1721 1052 1794 1130 ast,

207 1152 297 1229 gorio
319 1151 558 1215 Neoooeial'iitnai
584 1152 700 1215 editam
719 1151 838 1218 iuisw
861 1150 916 1215 aed
938 1148 978 1213 ab
1026 1148 1208 1213 nominabat
1235 1154 1372 1222 adnotaris,
1396 1153 1605 1225 αὖτοαγαθότητα,
1634 1151 1793 1224 αὖτοσοφίαι,

206 1242 379 1321 Amlltaari
393 1242 551 1318 heratius,
573 1243 612 1305 de
625 1262 688 1323 quo
706 1261 801 1309 nemo
814 1242 977 1322 psuulum
1027 1247 1085 1304 ete.
1098 1242 1159 1304 hoe
1168 1247 1213 1301 est
1225 1240 1405 1319 ipsissimam
1415 1239 1516 1313 uitam,
1528 1236 1701 1318 spsnsimom
1714 1236 1795 1301 boni-

207 1333 384 1399 attentum
401 1335 532 1403 istarum
548 1336 723 1414 intelligens
740 1335 873 1401 dubitat.
897 1334 977 1399 Vide
1028 1341 1126 1407 iniero,
1143 1333 1317 1413 ipsissimam
1333 1331 1509 1411 sapientiam
1524 1349 1536 1391 .·
1549 1347 1663 1407 nempe
1681 1329 1793 1406 ideam,

205 1443 277 1504 qua
290 1444 349 1489 uos
362 1425 443 1489 libro
453 1427 683 1506 morosane
696 1425 977 1505 sextomripnnus
1026 1431 1058 1487 et
1067 1425 1225 1503 exemplar
1239 1424 1323 1497 vite,
1346 1422 1502 1494 honitatis,
1522 1428 1552 1481 et
1571 1420 1740 1500 sapientie,
1756 1440 1795 1485 ex

205 1517 244 1577 de
257 1516 316 1578 hae
326 1517 469 1596 Gregorii
479 1519 643 1579 sententia.
1026 1516 1153 1595 quibus,
1167 1520 1199 1577 et
1217 1533 1353 1594 quorum
1375 1512 1668 1585 commissimus,
1685 1518 1796 1575 enters

245 1609 317 1669 Non
343 1609 446 1669 minor
467 1609 606 1688 ejusdem
621 1609 780 1689 Anonymi
799 1614 906 1688 stupor
931 1613 976 1669 est
1025 1609 1134 1685 vitam,
1149 1608 1331 1683 honitatem,
1342 1604 1586 1685 sapientiamque
1598 1605 1793 1684 participant.

204 1700 238 1760 in
254 1700 402 1779 Dionysio
418 1701 645 1776 Alexandrino;
665 1718 760 1779 quem
778 1700 887 1769 eadem
901 1705 976 1759 note
1025 1701 1095 1763 Non
1133 1699 1218 1767 enim
1242 1700 1358 1771 divine,
1385 1699 1515 1777 ipsemet
1538 1698 1679 1769 essentia,
1708 1697 1792 1773 vite,

203 1790 332 1853 heresis
353 1793 498 1871 aspergit.
524 1792 617 1871 Cujus
636 1792 683 1852 rei
708 1796 892 1870 argumente
912 1791 975 1851 duo
1025 1791 1160 1868 bonitas,
1182 1797 1213 1853 et
1231 1791 1382 1870 sapientia
1406 1788 1647 1864 communicari,
1666 1805 1702 1848 ae
1719 1807 1794 1867 per·

204 1882 332 1963 proteri,
349 1884 480 1944 totidem
498 1902 537 1944 ex
547 1883 630 1944 illius
652 1883 823 1947 sententiis.
838 1882 975 1943 Primam
1024 1882 1144 1961 tieipari
1167 1888 1277 1962 potest,
1302 1900 1373 1943 eum
1399 1881 1519 1944 habitet
1544 1880 1647 1940 luoem
1663 1880 1795 1945 inesses

204 1973 358 2034 exPhotii
380 1973 461 2034 lihro
482 1975 591 2035 CXCII
612 1975 696 2048 citat,
717 1973 751 2033 in
766 1975 833 2037 haee
853 1973 972 2034 verbe:
1024 1992 1102 2050 sam,
1118 1979 1149 2035 et
1175 1980 1262 2036 extra
1296 1991 1400 2048 usum,
1435 1991 1472 2033 ao
1507 1972 1731 2033 oommereium
1755 1971 1794 2033 eit

208 2065 401 2138 «Quomodo
415 2064 500 2137 diois,
521 2065 638 2139 lesum,
663 2066 718 2143 qui
735 2070 782 2124 est
802 2082 896 2143 supra
910 2082 976 2125 om·
1024 2065 1220 2131 infirmarum
1244 2084 1360 2138 rerum,
1383 2065 1417 2127 iu
1453 2082 1531 2143 ques
1564 2063 1715 2142 quidquid
1737 2064 1793 2126 bo-

203 2155 976 2232 nmoumomnibushominihusssseessentialiter
1024 2157 1069 2232 ni,
1086 2175 1122 2221 ae
1135 2158 1260 2237 perlecti
1289 2158 1456 2231 derivetur,
1478 2174 1517 2216 ex
1535 2155 1706 2217 formarum
1728 2154 1795 2218 illn-

204 2247 449 2322 mordinatum?
472 2236 487 2305 n
518 2248 593 2321 Quas
617 2247 658 2309 lta
684 2247 800 2309 seilicet
823 2247 976 2309 intellexit
1024 2267 1098 2311 rum
1124 2250 1329 2330 applioatione
1349 2247 1587 2315 transfunditur.
1602 2248 1648 2311 lta
1666 2248 1794 2325 quidem

203 2338 614 2418 Anonymunutllionysins
627 2338 855 2401 Alexandrinus
873 2338 975 2400 redar-
1024 2340 1200 2419 Dionysius,
1235 2346 1271 2404 ut
1289 2340 1389 2401 Grssei
1420 2340 1603 2417 interpretes
1627 2345 1791 2401 enarrant:

202 2436 279 2508 gum
292 2436 532 2506 numerantem,
551 2431 670 2505 lessam,
691 2430 779 2509 eujus
800 2434 845 2492 est
863 2434 975 2494 natura
1024 2450 1159 2510 quornm
1187 2433 1340 2495 sententis
1368 2431 1467 2510 eapite
1494 2430 1548 2491 illo
1577 2430 1699 2493 deoimo
1721 2430 1792 2493 libri

203 2521 310 2600 dispar
330 2521 511 2596 hominum,
526 2526 559 2583 et
572 2521 621 2585 his
638 2521 844 2600 prestantior,
865 2520 975 2585 iisdem
1024 2524 1128 2602 quarti
1159 2523 1198 2585 da
1228 2525 1290 2585 lieo
1310 2541 1329 2585 e
1349 2522 1438 2583 nohis
1473 2521 1637 2599 expensa
1671 2527 1727 2590 est,
1762 2527 1793 2583 et

203 2616 311 2673 mmen
348 2612 529 2675 hominibus
562 2612 763 2675 annumerari
804 2611 976 2672 seeundum
1023 2615 1064 2675 ad
1088 2632 1274 2692 germanum
1298 2622 1330 2677 et
1350 2613 1536 2676 mtholioum
1563 2612 1794 2677 aooommodeta

204 2704 385 2764 mendam.
421 2703 501 2769 ttius
532 2702 618 2765 enim
651 2703 810 2782 sequitur,
845 2703 972 2777 issum,
1024 2722 1160 2771 sensum.
1173 2708 1217 2767 lta
1231 2705 1395 2784 quaestioni
1409 2704 1453 2767 illi
1473 2704 1513 2765 ab
1537 2703 1611 2765 Gaio
1625 2705 1792 2784 propositas

203 2795 289 2872 qnod
308 2800 474 2875 assumpte
495 2801 616 2857 naturae
629 2794 817 2859 venabulum
840 2811 904 2855 esse
925 2795 976 2855 de
1023 2798 1189 2876 respondet
1205 2798 1240 2863 iu
1258 2797 1367 2859 eadem
1386 2795 1516 2875 epistola
1529 2796 1664 2859 seeundo
1676 2797 1791 2877 Diony·

203 2885 267 2961 hei,
282 2904 349 2947 non
373 2885 513 2965 eiusdem
533 2904 599 2948 esse
619 2903 693 2953 oum
712 2885 892 2949 hominibus
906 2885 976 2948 sun
1023 2887 1098 2965 sius,
1114 2890 1183 2953 ideo
1204 2888 1264 2951 diei
1280 2906 1373 2967 snpra
1395 2888 1574 2960 divinitatis,
1600 2892 1631 2951 et
1645 2886 1793 2951 honitatis

204 2979 337 3039 neuun.
450 3045 453 3051 ,
1024 2981 1289 3060 prinoipiumesse
1301 2980 1502 3059 Deumquoa
1515 2979 1793 3055 deiies,etbonitas

245 3069 529 3149 Atqnipuerilis,et
544 3068 866 3131 emesieslmaeathaeo
879 3068 977 3129 hallu·
1024 3072 1066 3133 ibi
1080 3073 1265 3151 meipsam,
1277 3089 1348 3152 qua
1365 3076 1411 3132 est
1426 3072 1460 3131 iu
1480 3072 1698 3151 lle0,quaeque
1712 3074 1793 3134 Deus

204 3158 330 3222 einatio.
343 3162 430 3227 Mitto
444 3161 585 3241 llionysli
601 3159 805 3225 Alexandrini
816 3160 910 3221 verba
923 3160 976 3221 illa
1025 3168 1081 3237 est,
1101 3163 1306 3238 divinitatem,
1322 3168 1354 3224 et
1371 3162 1543 3225 honitatem
1559 3162 1724 3241 significet,
1739 3166 1793 3227 sed

205 3270 270 3313 non
283 3253 318 3313 in
336 3271 385 3327 eo,
405 3253 490 3314 unde
508 3256 651 3332 exosrpta
669 3251 856 3327 referuntur,
873 3252 976 3313 Photii
1027 3253 1159 3317 [ormam
1172 3256 1258 3317 illam
1267 3255 1446 3331 seeuudam,
1458 3255 1678 3333 quamdouum
1690 3263 1790 3334 voest,

206 3343 287 3407 libro
300 3344 430 3424 reperiri
451 3344 568 3419 CXCII,
585 3355 699 3422 nempe
713 3342 892 3422 posterioris
910 3342 977 3403 edi·
1026 3344 1184 3426 lanificam
1211 3364 1247 3409 ao
1269 3346 1419 3427 deificam,
1435 3351 1470 3407 ut
1491 3347 1533 3409 sio
1555 3348 1677 3426 loquar,
1703 3351 1793 3428 eujus

204 3436 299 3497 tionis
320 3436 532 3498 Grasoolatinm
559 3435 670 3497 Photii.
697 3435 785 3499 certe
808 3434 977 3497 undosum-
1024 3437 1261 3517 participatione
1277 3440 1357 3499 Deus
1375 3438 1485 3513 bonos,
1503 3457 1539 3499 ao
1557 3438 1677 3501 divinos
1690 3441 1791 3502 effielt.

206 3545 266 3605 que
280 3546 317 3588 ea
330 3529 494 3588 eorraserit
512 3527 708 3603 Anonymus,
725 3543 827 3605 neque
841 3525 976 3591 Alexan-
1025 3530 1091 3593 Hos
1109 3547 1181 3590 oum
1203 3531 1247 3589 ita
1272 3528 1459 3589 dissolvisset
1477 3530 1655 3607 Dionysius,
1683 3549 1792 3599 rursus

206 3618 288 3678 artui
313 3618 451 3697 itionysii
471 3623 562 3692 sunt3
578 3617 631 3677 sed
657 3616 795 3690 alterius,
811 3618 865 3695 qui
878 3620 977 3677 Areo-
1024 3618 1156 3683 alteram
1182 3620 1273 3681 Ceius
1303 3618 1509 3698 quaestionem
1535 3621 1792 3700 proposuitque

206 3710 312 3789 pogiis
334 3710 430 3790 vulgo
458 3708 699 3787 cognominatur
719 3728 726 3771 ι
751 3726 808 3769 uer
825 3726 862 3770 eo
884 3726 976 3801 sensu
1025 3712 1120 3775 modo
1133 3712 1233 3784 lesus,
1248 3711 1337 3775 idest
1350 3710 1498 3773 lleiiiliue
1511 3711 1725 3782 homofuetus,
1737 3715 1790 3794 qui

206 3800 410 3880 intelligenda
447 3806 543 3875 sunt,
587 3818 682 3878 quem
721 3799 774 3863 ille
812 3800 977 3864 inspienter
1025 3808 1072 3864 est
1086 3802 1346 3882 suprauniverso,
1362 3803 1679 3879 iueodem‚aoomteri
1692 3806 1793 3867 homi·

207 3893 336 3954 sitiunt
1024 3913 1091 3967 uas,
1100 3895 1382 3960 ordinamllooetur
1394 3896 1565 3957 seeundum
1575 3895 1789 3960 substantiam.

68 3992 171 4042 tuear
248 3984 303 4045 lll.
318 3983 475 4063 Imprimis
496 3999 571 4062 ergo
584 3981 757 4054 solendum.
777 3981 904 4047 initium
924 3982 976 4048 illa
1024 3985 1094 4047 Non
1108 3987 1203 4061 anim,
1223 3992 1260 4046 nt
1277 3986 1311 4048 in
1325 3986 1420 4065 priori
1438 3986 1648 4065 inquisitione,
1665 4006 1792 4068 respon-

79 4049 156 4157 ι’ἳμ
208 4075 303 4137 verba
313 4075 565 4155 issereepistolm
582 4079 700 4154 quarta
720 4072 760 4135 od
774 4072 882 4137 Caium
905 4073 977 4139 Tie-
1025 4076 1091 4137 deri
1103 4095 1190 4156 posse
1205 4078 1338 4151 videtur,
1353 4076 1514 4138 hominem
1527 4095 1601 4139 eum
1619 4079 1692 4155 diei,
1707 4082 1792 4159 quod

57 4154 184 4250 ἵζω·
208 4166 554 4248 sapmaeoeoposterioris
569 4165 774 4245 Dionysiam
785 4166 977 4244 Areopagites
1025 4168 1064 4235 sit
1077 4168 1222 4233 omnium
1234 4168 1399 4231 hominum
1412 4169 1611 4248 principium,
1634 4170 1713 4231 sieut
1732 4172 1789 4247 sol,

68 4219 179 4309 ΜΨ
209 4275 383 4336 oognomen
406 4256 556 4334 adhesit,
580 4275 654 4337 quse
682 4257 726 4318 sio
749 4257 784 4319 in
810 4259 916 4321 Graeco
943 4275 976 4318 se
1025 4265 1056 4321 et
1077 4260 1131 4323 lux
1156 4265 1285 4321 vocatur
1311 4261 1403 4335 Dens,
1429 4261 1512 4339 quod
1538 4261 1729 4341 prinoipium
1752 4264 1792 4325 sit

57 4310 176 4413 *hri-‘ff'
209 4349 344 4411 habenti
367 4348 571 4423 «Quomodo,
591 4347 714 4427 inquis,
738 4349 904 4425 tensius,
921 4349 976 4428 qui
1024 4351 1101 4413 lueis
1114 4370 1150 4411 ae
1163 4351 1245 4413 solis.
1261 4353 1361 4425 Quare
1376 4352 1541 4431 Dionysius
1548 4352 1638 4415 alitor
1646 4356 1792 4434 oeourrit,

211 4442 419 4520 snpraomnia
430 4446 486 4515 est,
503 4440 655 4502 insodem
671 4457 744 4503 oum
760 4439 906 4506 omnibus
918 4439 977 4505 ho-
1024 4448 1056 4503 et
1069 4442 1214 4504 eumdem
1225 4442 1405 4523 asseritque
1419 4460 1492 4509 vere
1512 4444 1683 4505 humanam
1698 4450 1789 4509 natu-

211 4532 346 4594 miniims
355 4532 465 4593 ordine
475 4532 641 4595 collocetur
651 4531 823 4593 seeundum
836 4531 977 4597 substan·
1024 4551 1093 4597 ram
1106 4534 1450 4612 assumpsit,homiuem
1461 4535 1542 4595 inter
1554 4535 1698 4597 homines
1707 4555 1788 4613 esse3

209 4623 372 4684 tiarati·
392 4623 550 4684 Nimirum
577 4623 666 4684 Gaius
690 4622 743 4685 ille
766 4622 804 4685 de
825 4623 976 4702 Dionysio
1024 4630 1177 4704 quatenus
1204 4633 1310 4689 eutem
1333 4626 1493 4691 excellenti
1514 4627 1649 4705 quadam
1670 4629 1791 4691 ratione

209 4713 379 4775 ω1ει11ι1ιισ
398 4719 466 4775 erat
485 4714 598 4794 primo,
617 4714 803 4792 «qsiomodo
813 4715 907 4787 Deus,
920 4714 976 4795 qui
1024 4717 1084 4779 hoe
1098 4716 1218 4791 hahuit,
1235 4721 1272 4777 ut
1282 4717 1377 4785 hoino
1393 4723 1482 4791 esset,
1497 4723 1528 4779 et
1541 4736 1598 4797 pro
1615 4719 1790 4783 hominess

209 4808 357 4885 estsupra
370 4805 487 4879 omnia,
498 4804 973 4884 supradivinitatisprineipium,
1023 4813 1255 4886 gereret,snpra
1271 4808 1414 4873 homiues
1432 4808 1537 4877 fuisse.
1554 4811 1610 4871 llio
1623 4829 1731 4875 senem
1743 4817 1790 4872 est

208 4896 398 4957 otiositatis
411 4893 747 4976 prinsipiumenatt»
768 4896 974 4976 Cujusinqui·
1023 4899 1185 4977 missioni,
1200 4916 1295 4978 quem
1307 4904 1390 4965 reete
1410 4902 1561 4979 Georgius
1581 4904 1789 4983 Peehymeres

243 5111 264 5150 a
281 5095 361 5151 Dion.
387 5095 467 5168 episi.
488 5112 529 5153 Π.
548 5097 616 5167 Πῶς,
635 5097 692 5170 φῂς,
719 5091 852 5165 ’lapsine
875 5099 972 5152 πάντων
1058 5099 1171 5157 bidem
1185 5100 1264 5171 epist.
1280 5117 1310 5156 tt.
1329 5103 1526 5164 Πῶςὸπάντων
1542 5102 1661 5168 ἐπέκεινα,
1675 5103 1716 5156 καὶ
1730 5102 1789 5176 ὑπὲρ

208 5174 316 5330 ἶνίιιικιιι
340 5178 415 5241 oriols
446 5177 511 5239 iens
535 5177 670 5250 nomme
692 5177 818 5243 οὗσιωδῶς
841 5198 973 5252 minsas·
1023 5182 1206 5256 eranistae,
1221 5183 1504 5260 καὶῦπὲρᾶγαθαρχίαν.

285 5281 294 5326 ᾖ
907 5296 918 5317 ο

233 5452 244 5494 ι
259 5450 345 5506 rins,
359 5450 398 5496 us.
412 5451 449 5503 rr,
463 5461 483 5495 e.
496 5463 519 5496 ι.
