3932 6142
348 273 408 335 260
853 280 1179 343 Tunetuutuoubu
1201 280 1415 342 neunnrbn

350 444 452 504 visum
478 444 650 518 restituere,
674 443 837 505 mulierem
865 446 954 508 fluxu
976 447 1118 509 laborari·
1168 464 1278 509 sonam
1296 445 1366 507 fecit
1379 464 1387 507 ι
1401 444 1489 506 etsie
1509 459 1610 505 unum
1633 447 1746 504 nature
1764 441 1892 521 utriusque

349 543 414 595 tem
430 535 590 613 sanguinis
604 553 723 613 sanare,
745 555 801 616 per
821 541 983 619 proprium
1006 558 1118 619 eorpus
1168 558 1247 619 opus
1267 539 1453 615 agnoscitur,
1470 541 1505 598 ut
1522 543 1629 598 tamen
1651 535 1724 614 quid
1741 535 1787 595 ciri
1800 540 1893 595 nature

350 627 426 688 illud
445 628 526 687 tacit.
549 629 592 686 Ac
607 628 745 688 Verbum
757 630 884 709 quidem
905 633 1006 693 earnis
1019 632 1117 694 imbe-
1168 632 1312 711 deputari
1332 630 1452 705 debeat,
1468 648 1533 690 uon
1556 633 1696 708 negetur.
1712 648 1726 683 n
1742 626 1820 700 Quod
1834 625 1895 687 iden

350 719 499 793 eillitates,
513 724 663 797 tanquam
682 720 832 801 proprias,
846 724 1000 804 portabat.
1020 725 1120 803 Ipsius
1169 729 1200 785 et
1219 726 1282 785 Leo
1305 724 1339 785 in
1361 722 1491 803 epistola
1509 720 1549 784 cd
1572 719 1745 783 Flauianum
1763 715 1895 797 explear.

350 812 435 872 enim
449 815 515 872 erat
538 830 627 886 ear03
652 813 703 872 sed
720 820 752 874 at
779 813 845 894 ipsa
857 835 928 877 caro
949 815 1120 878 divinitatis
1169 816 1379 877 Tertullianus
1392 816 1467 876 item
1486 814 1519 874 iu
1541 808 1759 893 Apolopetiao⁸,
1773 809 1897 871 Chrisbn

350 903 495 983 operibus
508 903 718 980 ministrabat;
735 909 1117 984 quoniaminillainarat.
1170 926 1235 970 esse
1259 910 1369 985 Deum,
1382 925 1421 967 ex
1442 905 1543 981 miris,
1558 910 1590 966 et
1612 902 1766 983 stupendis
1783 900 1898 981 operibus

353 997 405 1056 bei
419 996 532 1076 quippe
547 1003 797 1076 eorpuserat⁰.o
1170 998 1331 1079 approbat,
1346 1017 1416 1078 quae
1433 997 1515 1058 inter
1536 996 1691 1057 humanas
1703 993 1898 1067 imbecillitates,

391 1089 429 1149 X.
443 1090 585 1167 depaulo
593 1095 661 1167 post
670 1090 753 1152 idem
767 1093 951 1154 Athanasius
960 1093 1122 1173 utriusque
1171 1092 1210 1153 ad
1230 1091 1325 1154 fidem
1344 1097 1465 1152 naturae
1488 1088 1626 1168 potioris,
1642 1088 1676 1147 in
1698 1086 1808 1147 Christo
1825 1104 1901 1145 conis

351 1188 471 1241 naturae
509 1180 648 1260 proprias
683 1186 876 1262 operationes
905 1185 1064 1246 distinctas
1088 1185 1122 1244 in
1173 1184 1294 1246 cabant.
1332 1184 1462 1256 ‹Quem
1495 1181 1591 1259 igitur
1624 1179 1726 1240 solum
1756 1177 1900 1252 hominem,

353 1271 538 1333 theandricis
557 1272 729 1335 actionibus
741 1281 846 1351 notat3
862 1277 1035 1356 eujusmodi
1054 1276 1122 1336 illas
1172 1277 1283 1357 inquit,
1304 1276 1396 1336 modo
1415 1276 1678 1354 presumpserant
1695 1271 1734 1330 de
1752 1269 1900 1343 humilitate,

352 1364 445 1425 fuisse
458 1364 603 1440 diximus,
619 1366 689 1443 q'uae
703 1367 802 1428 mista
817 1374 917 1445 eraut,
932 1375 963 1429 et
983 1370 1122 1430 humano
1173 1369 1359 1448 sequebatur
1372 1367 1420 1428 uti
1432 1383 1582 1445 magnum
1596 1362 1902 1440 aestimarentdepotes

353 1463 444 1534 captu
456 1457 605 1535 majorem
622 1464 657 1517 ut
665 1466 738 1518 sunt
747 1459 905 1522 miracula.
919 1462 1042 1522 Etenim
1051 1477 1124 1521 eum
1174 1466 1248 1521 tate.
1264 1461 1341 1521 Cum
1352 1459 1404 1519 ille
1416 1457 1513 1519 verbo
1530 1455 1686 1519 daemonia
1706 1455 1743 1515 de
1761 1453 1903 1514 homiuibus

355 1550 436 1609 Petri
468 1567 592 1610 socrum
617 1549 802 1612 febrientem
830 1555 959 1628 curavit,
994 1570 1124 1615 manum
1174 1556 1342 1627 excuteret,
1364 1568 1463 1612 caecos
1480 1548 1693 1621 reluminaret,
1710 1546 1833 1626 leprosos
1848 1562 1902 1625 pur·

354 1642 501 1716 extendit,
519 1642 603 1720 quod
616 1642 752 1704 bominis
765 1647 1007 1725 eratproprium
1021 1665 1029 1705 ε
1045 1651 1076 1706 et
1089 1651 1126 1706 ut
1175 1650 1305 1724 garet,·
1321 1642 1506 1723 paralyticos
1548 1639 1767 1716 restringeret,
1798 1644 1905 1698 mortuos

354 1734 927 1816 Deoeouveniebat,m0rbumdepulit.
943 1739 1126 1799 Humanum
1175 1737 1308 1816 denique
1321 1736 1416 1796 verbo
1438 1734 1582 1796 redderet
1601 1733 1685 1807 vitae,
1703 1731 1841 1793 elementa
1856 1730 1906 1809 ipa

356 1824 431 1886 item
445 1825 513 1897 fuit,
529 1828 613 1905 quod
626 1827 660 1887 iu
674 1827 878 1890 illuminando
897 1830 1123 1910 oaeoodespuit.
1175 1829 1354 1904 famularet,
1389 1844 1584 1907 compescens
1616 1824 1782 1905 proeellas,
1803 1829 1830 1883 et
1851 1821 1904 1881 bats

356 1937 391 1978 ae
404 1918 591 1979 lutumfeeit
605 1939 611 1978 :
626 1919 778 1995 clinnum,
799 1922 882 1999 quod
895 1922 996 1982 risum
1011 1922 1040 1983 ei
1059 1940 1126 1982 res-
1176 1921 1366 2000 ingrcdiens,
1394 1920 1562 1980 ostendens
1585 1935 1651 1978 sese
1676 1916 1808 1978 Verbum
1828 1913 1902 1975 bei.»

357 2010 453 2085 tituit,
476 2016 507 2069 et
526 2009 620 2089 hujus
633 2012 754 2089 generis
773 2012 903 2091 reliqua.
932 2035 944 2070 ι
960 2013 1041 2074 Hinc
1053 2031 1127 2074 vero
1176 2013 1277 2092 Atque
1289 2019 1325 2073 ut
1338 2012 1444 2073 scribit
1458 2007 1663 2083 Bernardus‘,
1683 2008 1777 2069 udum
1790 2008 1819 2067 in
1830 2023 1905 2077 came,

357 2100 1128 2184 insaniuat¹,utreeteaitHildephonsus‚quibano
1177 2112 1208 2166 et
1226 2123 1282 2185 per
1304 2122 1429 2166 carnem
1448 2103 1521 2164 lacit
1548 2119 1643 2182 opera
1672 2120 1736 2162 non
1761 2099 1855 2170 earnis,
1869 2095 1906 2157 sad

356 2195 512 2269 geminam
523 2195 734 2274 operationem
749 2196 783 2255 in
797 2197 919 2259 Christo
933 2197 1049 2276 ubique
1063 2215 1129 2258 non
1178 2197 1243 2272 Dei,
1268 2203 1387 2258 naturae
1413 2195 1523 2274 utique
1546 2196 1716 2273 imperans,
1739 2204 1907 2271 superansque

357 2286 534 2363 intelligunt
558 2287 608 2346 uel
632 2306 697 2346 non
725 2288 889 2348 eredunt:
924 2289 968 2351 in,
987 2307 1048 2367 quo
1071 2307 1130 2349 nec
1178 2289 1345 2362 fortunam,
1363 2288 1493 2349 stultam
1505 2286 1620 2348 iaciens
1640 2284 1816 2365 sapientiam
1830 2280 1907 2341 honi·

358 2377 502 2437 divinitas
515 2378 581 2438 sine
595 2378 722 2439 bomine
736 2384 863 2458 operata
876 2386 932 2457 est,
950 2399 1007 2441 neo
1019 2381 1130 2441 huma·
1178 2400 1255 2443 num
1271 2402 1279 2442 :
1294 2381 1534 2460 daemonumque
1548 2378 1708 2440 debellans
1725 2374 1907 2457 tyrannidem:

359 2469 439 2529 nitus
449 2470 683 2531 sinedivinitate
694 2471 799 2531 Verbi.
813 2474 853 2531 Et
864 2471 933 2532 ideo
941 2472 1129 2552 ubicumque
1178 2473 1340 2538 manifeste
1366 2475 1468 2553 ipsum
1491 2490 1525 2534 se
1545 2471 1661 2535 indicat
1686 2487 1761 2543 esse,
1779 2482 1909 2548 perquer
1951 2534 1952 2539 η

360 2562 483 2622 excellit
496 2562 877 2625 divinavirtusinhomina
889 2565 1022 2639 Christo,
1032 2564 1130 2625 divini
1179 2566 1288 2628 eadem
1302 2571 1418 2626 etanta
1431 2562 1684 2642 fiebantquando
1699 2562 1844 2622 fiebantr
1951 2602 1952 2645 ρ

360 2654 455 2714 Verbi
482 2661 527 2715 est
549 2659 787 2716 sacramentum.
812 2655 871 2716 Ubi
894 2674 969 2716 vero
992 2655 1131 2717 bumana
1220 2658 1373 2719 Maximus
1393 2673 1518 2736 quoque
1541 2660 1662 2734 martyr
1690 2655 1723 2714 in
1746 2647 1910 2732 liupaldum

360 2752 506 2827 operatur
527 2755 640 2808 natura
668 2747 702 2806 in
728 2764 776 2819 eo,
802 2746 875 2827 quia
896 2748 1029 2810 formam
1049 2748 1131 2809 servi
1180 2769 1246 2811 cum
1272 2748 1403 2830 Pyrrho,
1426 2747 1567 2808 similiter
1593 2756 1742 2826 utrasque
1765 2750 1910 2805 nonium

360 2841 503 2919 suscepit,
520 2840 618 2900 divini
632 2839 726 2900 Verbi
740 2845 785 2900 est
798 2840 832 2901 in
852 2840 957 2902 animo
974 2838 1046 2922 (sor.
1062 2840 1129 2902 ina·
1180 2839 1375 2919 operationes
1386 2836 1566 2915 conjunctas
1582 2835 1615 2897 iu
1629 2854 1696 2896 una
1707 2833 1876 2898 tliasndrica,
1889 2833 1912 2888 ct

360 2930 448 3013 nitio)
457 2933 498 2992 ita
512 2938 547 2991 ut
562 2932 594 2991 in
609 2931 695 2992 nullo
710 2931 824 2993 divisus
836 2932 1013 2993 inveniatur
1027 2933 1130 2994 Chris·
1180 2936 1286 2991 tamen
1299 2949 1317 2990 a
1331 2948 1363 2991 se
1375 2934 1485 2989 mutuo
1499 2927 1658 2989 distinctas
1678 2927 1813 3006 explicat
1831 2923 1911 2982 «Nan

361 3030 428 3097 tus;
445 3025 478 3085 in
489 3023 575 3084 nullo
585 3024 793 3084 confundatur
801 3024 936 3085 duarum
948 3030 1131 3087 naturarum
1181 3023 1319 3085 extensio
1334 3039 1457 3096 manus,
1480 3025 1510 3082 et
1528 3021 1632 3096 tactio,
1654 3026 1687 3081 et
1703 3013 1911 3097 eomprebmsiu

363 3116 487 3195 gemina
502 3116 651 3193 operatio.
669 3137 683 3174 ν
1180 3123 1212 3178 et
1233 3115 1291 3176 luti
1304 3113 1500 3194 temperatio,
1512 3114 1639 3192 etpanis
1648 3111 1758 3174 metio
1773 3131 1780 3170 :
1794 3115 1823 3171 et
1833 3114 1912 3167 ntum

208 3228 244 3272 ιν·
265 3226 325 3270 treet
405 3209 527 3285 Exque
546 3207 653 3286 regula
673 3213 784 3287 quarta
804 3208 965 3269 conficitur
989 3227 1083 3288 :quae
1097 3209 1133 3270 in
1181 3207 1276 3269 verbo
1292 3208 1403 3279 dicam,
1423 3205 1501 3266 illud
1514 3222 1618 3278 omne,
1639 3204 1912 3284 quodpernanuu

217 3280 319 3389 iffi
364 3300 463 3360 mistis
499 3298 579 3372 ibis,
615 3317 651 3361 aa
681 3300 867 3361 theandriois
900 3302 1132 3380 operationibus
1181 3299 1305 3361 abudve
1319 3297 1508 3373 membrum,
1521 3301 1577 3356 aut
1591 3301 1717 3376 partem
1729 3292 1852 3373 eorporis
1863 3306 1912 3369 per·

193 3388 338 3441 ⁶¹⁸¹¹¹¹⁸⁰⁰¹¹·
364 3392 498 3471 agnosci,
514 3391 706 3470 discernique
721 3392 809 3453 docet
822 3392 897 3471 quid
916 3393 1067 3472 cujusque
1080 3412 1133 3454 ua·
1181 3392 1353 3464 ficiebstur,
1366 3388 1514 3451 naturalis
1527 3387 1586 3449 luit
1604 3386 1790 3467 operationis
1801 3378 1913 3445 bumari-

192 3443 242 3486 dum
253 3439 338 3494 quidex

218 3499 315 3548 utraque
364 3489 443 3545 turae
457 3484 496 3545 sit
516 3485 698 3563 proprium3
714 3485 859 3562 quamvis
878 3503 972 3561 unus,
989 3492 1133 3564 totusque
1181 3484 1253 3545 tatis
1267 3481 1389 3556 Cluisti,
1408 3480 1579 3542 secundum
1595 3496 1705 3559 quam,
1719 3482 1820 3557 utpote
1834 3475 1913 3535 bom,

195 3555 340 3654 ιηῗῖἷῗᾞι.
365 3577 503 3637 Christus
528 3575 635 3636 ambas
669 3576 738 3635 illas
774 3577 910 3638 actiones
944 3576 1131 3655 praestiterit,
1182 3582 1326 3638 actuosus
1336 3580 1403 3634 erat
1420 3574 1487 3652 ipse
1499 3578 1612 3633 natura
1625 3572 1718 3645 Deris,
1733 3575 1764 3631 et
1780 3566 1915 3629 unna

209 3656 326 3752 ξζῆξξξῦξῑ
369 3669 472 3729 clnde
495 3673 551 3739 est,
567 3667 650 3746 quod
672 3668 705 3728 in
730 3668 875 3728 omnibus
900 3668 961 3729 illis
987 3668 1134 3747 operibus
1183 3668 1323 3732 turaliter
1336 3664 1525 3746 operabat»
1950 3636 1951 3721 l

227 3759 314 3815 pisctus
365 3759 687 3838 passionis,etmortis,
703 3759 1134 3838 oirFulgsnuus2,auctoritas
1222 3760 1360 3838 ldipsum
1381 3756 1567 3837 Hippolytus
1589 3756 1712 3833 egregie
1735 3745 1916 3815 confirmatis

199 3813 340 3913 ppfflppppf
366 3856 557 3935 Apostolicu,
584 3856 667 3933 quod
694 3861 777 3916 totus
800 3857 833 3916 in
861 3874 892 3917 se
919 3862 1063 3935 operatus
1088 3862 1134 3917 est
1182 3851 1343 3931 Eacerptn
1363 3857 1465 3911 contra
1485 3848 1638 3924 Berusetis,
1654 3855 1684 3908 et
1698 3838 1917 3913 Ηιὶἱιιιικοΰὶῑιε

245 3929 291 3965 ¹¹¹³·
364 3948 511 4023 Christus,
528 3947 570 4009 sie
584 3947 639 4008 uni
655 3966 794 4026 personae
809 3948 965 4027 operantis
978 3948 1131 4026 assignat3
1182 3944 1277 4006 rerba
1290 3961 1384 4023 supra
1397 3942 1614 4021 eapiteootavo
1627 3939 1826 4001 reddidimus.
1896 4020 1901 4032 ⁸

364 4039 1132 4120 utquidoujusnaturaesitindubitanterostendat
1222 4037 1274 4097 Xl.
1307 4034 1354 4095 dd
1388 4033 1470 4094 hanc
1502 4032 1723 4112 operationum
1756 4031 1873 4091 duarum
1895 4038 1950 4137 ¹⁰2

364 4134 443 4194 Nam
458 4137 489 4194 et
504 4132 667 4211 Apostolus
680 4131 795 4192 Paulus
817 4131 856 4191 de
877 4150 941 4191 uno
959 4132 1133 4211 eodemque
1182 4125 1498 4189 unamtheandrieam
1505 4115 1950 4191 comessionemenarnndm,

364 4225 484 4286 Christo
507 4224 581 4284 dicit
591 4244 599 4299 ;
622 4223 695 4283 Etsi
715 4223 879 4298 crucifixus·
897 4230 937 4284 est
950 4242 988 4284 ar
1002 4222 1134 4302 s'nfirmt'·
1183 4235 1333 4300 perquam
1347 4222 1419 4296 apta
1436 4222 1494 4291 est,
1510 4223 1541 4278 et
1561 4215 1718 4296 frequenti
1742 4216 1861 4274 Panum
1878 4221 1920 4265 tm

363 4324 432 4391 tote,
447 4314 496 4377 sed
511 4315 590 4376 vivit
603 4334 640 4375 er
649 4316 761 4376 virtute
775 4313 861 4391 θεῖ’,
874 4322 929 4376 eto.
943 4316 1016 4376 Haec
1028 4315 1134 4394 itaque
1183 4310 1296 4372 detrita
1306 4309 1475 4370 similitudo
1483 4326 1521 4369 ex
1529 4307 1769 4369 caudentelerro
1779 4302 1918 4377 dempti

364 4409 471 4470 omnia
487 4413 571 4469 totus
594 4408 734 4468 Christus
755 4407 927 4468 secundum
942 4425 1038 4468 unam
1060 4424 1130 4487 per-
1185 4403 1218 4464 iu
1242 4419 1305 4483 quo
1324 4401 1394 4471 duae
1416 4405 1538 4463 naturas
1560 4400 1602 4461 sio
1622 4400 1656 4461 in
1684 4416 1784 4460 nuum
1802 4390 1921 4473 copulatu

401 4586 422 4626 a
440 4571 544 4626 Arsin.
560 4574 628 4625 urat.
645 4585 683 4625 ιν.
706 4566 893 4621 Katarbates
907 4567 939 4621 τὰ
953 4567 996 4640 μὲν
1011 4565 1135 4621 ἴδιαταύ·
1184 4562 1243 4637 σὰρξ
1262 4563 1288 4616 δὲ
1301 4562 1417 4634 ὓπούργει
1433 4563 1487 4624 τοῖς
1499 4565 1543 4630 τῆς
1558 4562 1672 4630 θεότητος
1689 4559 1779 4632 ἔργοις,
1796 4558 1830 4610 dn
1846 4546 1922 4617 tratri

365 4670 417 4721 της,
434 4653 507 4707 αὐτοῦ
524 4652 631 4724 λέγεται·
647 4650 728 4718 ἐπειδὴ
744 4649 768 4705 ἓν
783 4649 845 4724 αὐτῇ
858 4648 898 4719 ἦν,
915 4644 959 4704 οἶά
973 4649 1023 4705 ἐστι
1039 4652 1069 4705 sd
1081 4670 1133 4704 πει·
1184 4646 1347 4721 ἐγίνετοθεοῦ
1359 4645 1406 4718 γὰρ
1419 4642 1449 4719 ᾖν
1463 4652 1547 4718 σῶμα.
1903 4715 1914 4728 ⁴

365 4741 420 4808 νῇν,
430 4737 460 4790 τὸ
473 4736 555 4808 διψῇν,
567 4735 596 4789 τὸ
611 4736 725 4808 πάσχειν,
740 4734 769 4788 τὸ
782 4736 889 4805 κοιπιᾷν·
900 4733 981 4788 καὶτὰ
998 4735 1083 4807 ὅμοια,
1099 4728 1134 4787 ὧν
1220 4732 1237 4787 b
1258 4731 1361 4787 Mixtus.
1376 4731 1462 4801 Disp.
1479 4744 1544 4785 eum
1559 4731 1629 4799 Pyr.
1649 4724 1689 4780 'H
1705 4744 1732 4780 τι
1749 4724 1793 4797 γὰρ
1807 4720 1923 4811 inmte}

366 4817 431 4872 ἔστιν
445 4817 461 4885 ἡ
475 4818 534 4890 σὰρξ
547 4819 654 4885 δεκτική,
670 4817 701 4872 τὰ
714 4816 740 4871 δὲ
762 4816 837 4871 αὐτοῦ
851 4812 895 4872 roe
909 4819 985 4890 λόγου
1001 4815 1053 4870 ἴδιοι
1065 4816 1133 4888 ἔργα·
1184 4814 1276 4887 χειρὸς,
1291 4812 1358 4881 καὶὴ
1374 4811 1434 4883 ἀρὴ,
1449 4812 1490 4864 καὶ
1504 4810 1520 4879 ἡ
1534 4812 1658 4882 κράτρσις,
1674 4810 1716 4863 sal
1728 4808 1744 4877 ἡ
1756 4805 1810 4861 κατ’
1820 4802 1924 4892 estam

367 4895 411 4955 oid
425 4899 475 4955 ἔστι
492 4901 521 4954 sb
540 4899 638 4973 ἐγείρειν
654 4902 752 4973 νειροὶις
767 4900 808 4954 καὶ
826 4901 930 4973 repleta
943 4902 1020 4954 ποιεῖν
1033 4899 1137 4952 druell·
1184 4897 1263 4964 πηλοῦ
1279 4894 1352 4968 ριἚις,
1367 4896 1406 4948 καὶ
1420 4890 1490 4963 brois
1506 4895 1580 4966 ἄρτου
1597 4894 1692 4957 κλάοις,
1708 4891 1749 4945 nal
1772 4890 1849 4948 ἁπλῶς
1859 4884 1924 4943 edat

367 5003 431 5051 πειν,
446 4983 487 5037 καὶ
500 4982 544 5051 τὴν
554 4983 715 5056 αἱμοῤῥοῦοαν
732 4984 844 5037 ἰάσασθαι
855 4983 938 5038 αὐτόν·
951 4981 993 5036 διὰ
1010 4976 1053 5036 τοῦ
1073 4980 1135 5034 ἰδίου
1185 4980 1226 5032 διά
1242 4983 1285 5046 τῆς
1298 4978 1389 5053 χειρὸς,
1404 4978 1420 5045 ἢ
1433 4977 1516 5050 ἐτέρου
1532 4977 1632 5049 μέλους,
1647 4978 1662 5044 ἢ
1684 4976 1771 5048 μέρους
1783 4976 1824 5027 τοῦ
1836 4969 1925 5035 adrem

367 5067 481 5139 σώματος
494 5065 566 5130 αὐτὸς
579 5070 654 5120 ποιεῖ·
674 5069 715 5120 καὶ
729 5068 743 5121 d
759 5067 801 5140 μὲν
825 5067 900 5139 λόγος
921 5066 964 5128 τὰς
987 5069 1030 5133 τῆς
1048 5059 1137 5135 cepada
1186 5059 1305 5134 ἐτελεῖτο,
1327 5066 1371 5129 τῆς
1390 5065 1490 5134 ροοιιιῆς
1511 5058 1629 5133 ἔνιργιιας
1648 5062 1690 5125 τῆς
1712 5045 1924 5129 ἂνορωτὸτητῡιῖώ

368 5146 498 5213 {idsteten
513 5148 759 5213 ἀοῦενείαςὼςίδιιις.
772 5149 846 5204 αὐτοῦ
860 5147 947 5223 γὰρῆν
961 5148 976 5217 ἡ
991 5146 1059 5222 σὰρξ.
1073 5147 1135 5216 καὶὴ
1186 5145 1294 5217 Χριστοῦ
1315 5144 1419 5218 ὓτιῆρχε·
1442 5143 1497 5197 καθ’
1519 5146 1560 5212 ἢν,
1589 5143 1624 5206 ὣς
1650 5142 1786 5215 ἅνθρωποι,
1808 5129 1889 5207 {repsit
1904 5122 1924 5191 l*

1187 5226 1270 5295 οὗτος,
1284 5227 1299 5282 d
1312 5228 1380 5299 ρι’νοιι
1389 5227 1452 5293 θεὸς,
1463 5227 1505 5281 nal
1514 5226 1546 5281 τὰ
1558 5228 1726 5297 deturpantes<
1741 5222 1847 5294 ἐνεργῶν.

397 5372 408 5413 1
421 5370 467 5416 att.
479 5371 506 5417 ds
522 5370 714 5427 responsorius
722 5370 796 5432 Horta
809 5374 866 5414 tomo
878 5370 905 5414 lV
919 5371 967 5418 lttt.
980 5368 1102 5417 Pate-V
1115 5369 1220 5426 ratgar.
1233 5381 1333 5428 respons.
1344 5382 1361 5416 ιι
1373 5371 1403 5417 ad
1415 5370 1523 5419 dms&
1537 5391 1565 5403 -
1575 5369 1591 5416 Β
1603 5367 1623 5414 ll
1635 5370 1684 5416 cer.
1699 5378 1750 5413 mr.
1760 5385 1788 5401 -
1796 5361 1810 5408 t
1818 5361 1863 5415 Cra
1872 5365 1891 5395 '-
1905 5366 1926 5380 “
1948 5370 1949 5407 t

369 5433 444 5490 ecsp.
457 5444 501 5483 m.
513 5436 563 5476 -t
578 5432 683 5477 bernsm.
697 5443 764 5477 serm
777 5432 833 5477 uta
841 5433 902 5479 σοιιι.
1649 5440 1656 5449 ·
1948 5430 1949 5461 ι
