4076 6180
604 294 653 356 DE
674 292 976 370 lustusamans,
998 295 1072 356 nte.
1095 294 1177 368 xltt,
1203 294 1288 356 GAP.
1309 295 1352 355 X.
1711 292 1772 352 683

187 452 268 520 uuio
282 459 386 518 autem
414 461 577 525 vecordius
603 466 682 523 esset
707 478 855 541 responso
881 461 950 535 tsto,
1003 466 1202 540 nonpossent
1217 480 1225 521 ι
1242 459 1325 540 quod
1341 460 1467 537 sentire,
1481 459 1532 522 vel
1545 458 1648 521 dicere
1669 457 1771 521 born'·

186 546 282 625 quod,
297 566 353 611 cnr
366 551 528 615 mendicus
549 552 666 615 intime
691 554 844 633 egestatis,
859 553 955 619 totius
1002 552 1073 614 bilis
1097 553 1286 634 blasphemia
1312 558 1370 614 est.
1387 577 1401 607 ι
1421 553 1560 631 lienique
1585 552 1629 612 ita
1652 549 1771 627 statuit,

154 659 157 664 ·
185 636 269 705 orbis
281 658 348 718 tex,
362 647 417 705 ant
429 645 599 725 imperator
607 664 672 708 non
684 651 764 708 esset
775 646 953 723 sciscitanti,
1008 666 1020 700 ι
1036 645 1118 724 ipsos
1140 663 1265 725 quoque
1284 644 1382 706 malos
1404 662 1470 713 non
1483 644 1553 705 ideo
1570 642 1684 723 perire,
1699 642 1773 722 quia

185 728 274 795 dant
285 733 406 814 uliquis,
421 738 570 816 quoniam
587 739 657 800 talis
670 737 863 800 essanolleti
876 738 953 799 Fos—
1002 736 1077 799 boni
1092 754 1157 798 esse
1169 755 1235 801 non
1258 741 1438 817 potuerunt,
1455 736 1508 798 sed
1523 736 1598 815 qnia
1610 734 1686 797 boni
1706 752 1772 796 esse

185 828 260 889 tunt
290 825 396 906 igitur,
427 835 466 891 ex
500 831 583 899 b'lori
615 831 754 911 Magistri
787 831 952 906 sententia,
1003 828 1183 907 noluerunt,
1197 835 1229 891 et
1243 847 1300 891 suo
1314 829 1390 891 vitio
1403 828 1543 899 vcsairae
1556 833 1629 908 apte
1644 829 1677 888 iu
1690 827 1771 888 inte·

184 915 675 1000 reprobiperseverareinbono,
690 923 739 984 rel
754 923 866 984 adhoc
879 940 954 984 eona
1002 923 1099 983 ritum
1121 928 1407 1003 perseveraverunt,
1432 920 1508 983 etin
1520 938 1621 982 massa
1642 919 1772 981 damna·

185 1007 276 1080 verb,
289 1009 316 1071 si
330 1011 443 1088 velint3
459 1020 504 1089 ut,
521 1015 596 1094 qrria
607 1015 720 1089 nolint,
732 1016 805 1095 jure
817 1015 954 1079 accusari
1002 1013 1097 1075 tionis
1108 1015 1160 1076 rel
1186 1014 1341 1094 originali,
1355 1015 1406 1076 vel
1427 1012 1540 1076 actuali
1562 1013 1673 1074 merito
1700 1029 1772 1091 per·

185 1099 318 1176 possint.
330 1102 571 1169 Quaretnmcos
584 1108 765 1170 adsalutem
785 1108 954 1188 perducere
1002 1113 1224 1169 manserunt»)

185 1189 265 1266 vult,
282 1209 319 1254 ae
329 1203 514 1273 peretnsest
534 1201 618 1261 Deus
632 1220 640 1261 ε
656 1206 724 1261 tum
737 1200 838 1280 reipsa
850 1218 954 1262 neces-
1043 1200 1189 1272 Qnoeiroa
1200 1198 1324 1279 reprobi
1333 1199 1400 1277 jum
1412 1195 1771 1277 adulti‚quiobhoeprm·

137 1323 141 1328 ·
184 1281 299 1347 seriem
305 1286 345 1347 ed
357 1287 434 1350 illud
448 1289 652 1353 obtinendum
664 1291 755 1353 offert
765 1293 840 1372 ipsis
849 1310 951 1372 opem,
1002 1290 1197 1353 destinentur
1211 1292 1251 1352 ad
1262 1291 1433 1366 interitum,
1450 1289 1770 1370 potentissimam

185 1379 218 1437 tt
239 1377 372 1453 gratam
386 1400 393 1442 :
407 1399 490 1459 oum,
525 1390 561 1444 ut
589 1385 673 1445 idem
693 1385 802 1446 Florus
834 1386 951 1458 asserit,
1001 1382 1073 1463 qnia
1099 1402 1157 1445 oon
1180 1390 1338 1464 potuerunt
1362 1400 1555 1463 perseverare,
1577 1381 1637 1442 boc
1665 1381 1770 1458 ipsum

189 1469 361 1533 comnibus
388 1481 543 1555 preroget
562 1476 755 1556 patientiam,
771 1482 807 1538 ut
828 1495 954 1538 conver·
1002 1473 1282 1552 potueruntne
1308 1473 1478 1534 voluissent
1503 1471 1587 1550 quod
1612 1474 1767 1549 poterant,

185 1562 292 1627 tantur
305 1563 344 1625 ud
366 1566 598 1644 poenitentiam;
618 1591 633 1627 n
651 1570 735 1649 qnod
753 1570 874 1631 sublata
901 1569 954 1630 illa
1001 1564 1109 1643 utique
1118 1570 1373 1644 perseverassent.
1389 1565 1457 1625 Non
1472 1568 1577 1624 antem
1585 1562 1766 1642 potuissent,

186 1652 242 1715 not
255 1653 424 1735 ncltrnntc,
454 1665 485 1720 et
509 1659 620 1722 idoneo
642 1662 822 1740 adjumento
835 1664 950 1741 gratim
1001 1655 1122 1719 siDeus
1136 1658 1330 1719 nullomodo
1357 1673 1554 1736 perseverare
1567 1654 1661 1734 ipsos,
1676 1659 1708 1715 et
1720 1671 1770 1715 sa·

185 1760 250 1809 non
265 1754 519 1830 poaseut3neque
527 1758 719 1833 contemptu,
730 1759 761 1814 ct
773 1754 953 1816 inductione
1001 1747 1098 1809 intem
1123 1750 1263 1811 obtinere
1289 1750 1450 1811 voluisset.
1478 1749 1557 1810 Nam
1580 1746 1666 1826 quod
1686 1747 1771 1808 Deus

186 1836 293 1914 enini,
309 1840 362 1901 sed
371 1844 551 1906 necessitate
563 1846 711 1922 perirent.
1002 1839 1141 1902 absolute
1154 1861 1218 1903 nou
1231 1843 1311 1912 vult,
1325 1842 1356 1903 id
1379 1840 1558 1921 simpliciter
1582 1837 1771 1915 impossibile

227 1929 542 1998 Praetereamus
571 1938 603 1999 in
623 1939 850 2018 reprobatione,
872 1958 952 2020 prce-
1003 1938 1058 1993 ast.
1076 1933 1181 2013 ltaque
1204 1933 1393 2014 impossibile
1403 1938 1470 1995 erat
1482 1932 1552 1995 iilos
1562 1948 1769 2012 perseverare,

185 2019 325 2100 scientia,
341 2029 373 2088 et
403 2028 545 2106 previsio
568 2028 665 2092 libere
684 2038 844 2113 susceptae,
860 2039 892 2094 et
919 2033 953 2103 in
1002 2029 1227 2105 etpermanerc
1240 2027 1275 2088 in
1299 2027 1408 2106 grafia
1428 2024 1598 2103 etjustitia,
1622 2023 1648 2085 si
1675 2022 1772 2085 nollet

184 2112 283 2182 finem
305 2116 456 2181 adamate
481 2126 670 2201 retentusque
698 2125 855 2204 nequitiae,
867 2124 952 2203 judi.
1003 2117 1097 2180 Dens.
1129 2118 1276 2194 Quomodo
1298 2127 1394 2180 ostem
1413 2125 1508 2198 ponet
1522 2114 1770 2197 atiqutctperma-
1831 2172 1834 2178 i

185 2205 270 2271 nium
291 2209 344 2269 Dei
358 2228 394 2271 ae
407 2212 708 2290 praedestinationem
728 2216 767 2277 ad
779 2218 952 2294 interitum,
1002 2211 1278 2290 amensamens
1294 2209 1316 2288 ¹,
1330 2210 1391 2271 uisi
1406 2208 1583 2271 innotuisset
1598 2207 1613 2268 i
1628 2207 1774 2289 estquod

185 2299 245 2363 hoc
278 2305 325 2365 est
355 2302 524 2367 dernnnndi
554 2309 749 2387 propositum
782 2312 952 2372 antecedat,
1003 2306 1064 2363 otc
1079 2309 1212 2363 noentnm
1234 2321 1294 2367 eoo
1315 2309 1384 2363 essct
1406 2299 1652 2363 amentaretur?
1666 2299 1772 2361 Voluit

186 2390 275 2453 Unde
288 2393 437 2477 sequitur,
452 2402 619 2476 nomam
636 2401 804 2479 prensaret,
819 2420 855 2463 fle
868 2420 952 2482 [περ.
1001 2392 1098 2471 igitur
1111 2395 1192 2455 Dens
1206 2412 1413 2474 perseverare,
1430 2399 1461 2454 et
1483 2393 1523 2455 ad
1536 2393 1625 2471 regni
1639 2391 1770 2455 caelestis

183 2482 315 2562 videret,
346 2493 455 2565 suapte
484 2489 655 2568 voluntate,
675 2493 952 2556 aclibertateoon·
1003 2485 1130 2564 epulum
1143 2486 1428 2564 admittireprobot
1453 2487 1549 2560 i⁸t083
1574 2486 1627 2546 tid
1640 2485 1700 2565 ipsi
1713 2502 1771 2547 11⁰·

183 2578 341 2656 temptum
354 2577 467 2642 divinas
481 2583 648 2660 patientias,
663 2584 853 2647 achonensis
865 2593 953 2648 gnte.
1001 2573 1139 2655 luerunt,
1155 2585 1186 2641 et
1210 2578 1344 2648 vocanti,
1369 2577 1435 2638 imo
1455 2575 1642 2656 compellenti
1658 2575 1772 2639 intrare

184 2665 303 2731 laturos
328 2669 398 2735 illos
421 2689 486 2737 esse
499 2674 700 2752 penitentie,
716 2678 804 2757 cnjus
816 2678 954 2741 facienda
1002 2670 1214 2733 restitenrnt¹.
1243 2670 1348 2733 Voconi
1366 2668 1471 2742 enim,
1502 2677 1530 2731 et
1552 2668 1709 2737 renuistis:
1722 2667 1772 2731 in-

183 2759 296 2823 iisdenr
317 2768 397 2826 esset
418 2764 521 2844 copia,
545 2767 723 2844 generalem
746 2770 858 2831 dandae
880 2771 954 2851 ipsis
1003 2762 1071 2841 quit
1083 2762 1263 2843 Sepientin’,
1276 2761 1396 2826 rotanti
1409 2779 1529 2829 monum
1549 2766 1773 2837 meamet-uon

183 2853 292 2917 salutis
304 2854 339 2923 in
352 2856 617 2928 Movoluntatcm
629 2862 788 2923 exstitisse.
805 2890 809 2897 ·
1002 2855 1065 2936 fuit
1076 2855 1131 2935 qui
1156 2856 1309 2936 aspiceret.
1325 2855 1508 2935 Drspsuistt‘s
1520 2871 1601 2919 omos
1614 2851 1772 2918 mortium

225 2946 280 3015 IV.
318 2947 450 3026 Adiuvat
471 2949 552 3012 hanc
575 2951 614 3013 de
648 2951 742 3013 Floro
769 2954 953 3015 sententiam
1004 2965 1113 3024 meum,
1128 2947 1383 3027 discrepationes
1397 2964 1475 3009 meos
1496 2943 1677 3025 captarent.
1690 2944 1772 3009 Sane

184 3043 325 3107 nouam
336 3040 421 3119 quod
429 3041 525 3119 addit,
535 3043 683 3122 previsor
693 3045 791 3109 maios
805 3052 836 3107 et
844 3047 955 3126 impios
1003 3038 1029 3100 ai
1041 3039 1125 3102 uliud
1139 3056 1204 3100 esse
1219 3044 1400 3119 potnerunt,
1416 3055 1511 3116 qnam
1524 3036 1609 3117 quod
1629 3035 1769 3108 inerunt,

184 3128 317 3207 firturos,
333 3131 373 3196 ob
388 3132 481 3212 idque
495 3135 729 3215 predestinatos
741 3139 779 3199 ed
794 3137 953 3201 interitum
1003 3149 1210 3211 pomcvmare,
1221 3131 1396 3211 nivetque
1407 3133 1588 3210 potuerunt,
1599 3146 1701 3207 neque
1712 3128 1772 3195 hoc

184 3240 263 3299 essu,
280 3242 374 3289 tuen
387 3225 463 3304 qnia
476 3226 561 3291 aliud
588 3246 653 3290 esse
680 3247 746 3291 non
772 3237 952 3310 potnerunt,
1004 3224 1118 3305 tibique
1147 3224 1202 3287 1)θί
1228 3224 1401 3299 uoluntate,
1429 3227 1460 3283 fll
1482 3221 1648 3300 “diffinit
1673 3219 1773 3299 patto

184 3315 240 3379 sed
264 3317 338 3395 quie
365 3316 451 3384 udud
482 3325 558 3382 esse·
573 3321 751 3383 noluerunt.
771 3343 783 3381 s
803 3324 892 3390 Quod
920 3324 954 3386 in
1004 3321 1184 3397 potuerunt.
1200 3316 1403 3394 Voluitergo,
1417 3311 1773 3394 etadidparetumsub

187 3407 329 3485 proxima
361 3409 561 3488 mouentibus
588 3411 733 3477 disertius
759 3416 887 3494 exponit
906 3415 955 3479 his
1005 3408 1118 3469 ndinm
1133 3407 1314 3471 illisobtulit
1334 3408 1433 3482 Deum
1449 3425 1507 3473 neo
1528 3424 1568 3473 ax
1593 3404 1772 3486 prejudicio

185 3498 313 3567 verbus
335 3501 420 3575 «Qui
433 3519 507 3581 emo
534 3502 618 3577 dicit,
633 3504 716 3584 quod
743 3505 787 3580 hi,
816 3507 871 3585 qui
896 3526 954 3587 pc-
1005 3499 1118 3563 divina
1133 3498 1442 3580 preordinationisin
1456 3499 1771 3571 damnetumasaare-

185 3593 513 3673 renntnradestineti
537 3596 661 3660 suntad
689 3597 907 3677 perditionem,
925 3604 956 3660 et
1004 3591 1068 3657 licti
1084 3599 1167 3657 suut.

186 3685 259 3751 idco
271 3685 360 3752 alitor
373 3686 497 3751 evenire
513 3704 579 3749 non
593 3693 707 3767 potest3
724 3688 864 3751 similiter
876 3709 953 3770 que·
1047 3685 1083 3745 V.
1106 3685 1194 3753 Idem
1202 3683 1334 3751 adstruit
1344 3690 1376 3751 at
1388 3683 1510 3753 inlibro
1521 3682 1771 3751 attenuebant

187 3795 250 3856 que
259 3782 289 3837 et
303 3777 341 3839 de
350 3778 450 3857 justis,
466 3785 614 3859 tanquam
627 3794 658 3840 et
676 3780 734 3860 ipsi
750 3781 820 3842 ideo
834 3781 954 3845 salven·
1006 3792 1079 3841 nem
1113 3778 1240 3845 aconas
1272 3776 1330 3844 tuh
1371 3776 1516 3847 Emistin
1558 3775 1773 3853 Lugdunensis

186 3869 559 3950 tur‚quiepredsstinnti
573 3872 612 3935 ad
637 3871 768 3935 sulutem
781 3871 867 3937 aliud
890 3891 955 3936 esse
1005 3869 1148 3945 namium
1164 3888 1200 3933 ec
1213 3869 1252 3937 ds
1265 3868 1535 3947 predestinatione
1561 3868 1718 3937 bonorum
1732 3867 1772 3935 ed

186 3966 448 4040 nonpotnerunt3
464 3962 518 4042 qni
531 3981 606 4042 erpo
619 3963 687 4029 hec
700 3969 765 4029 tam
779 3963 956 4041 malumst
1004 3962 1113 4039 rium,
1128 3961 1326 4029 etmalorum
1340 3961 1380 4027 ed
1393 3965 1527 4037 momen
1551 3961 1773 4041 sempiternam

188 4052 398 4130 msulmdieit,
409 4060 440 4122 et
453 4054 515 4119 illis
526 4055 606 4123 tollit
618 4055 765 4123 merium
779 4057 955 4123 damnetis·
1005 4060 1212 4123 oonsentonee
1225 4054 1291 4123 istis
1303 4052 1434 4133 explieat
1450 4050 1771 4133 tritteleotidnqoitl,

59 4141 65 4151 ’
188 4146 715 4222 nis,etistismeritumn1utis=cc
733 4148 862 4228 perhec
881 4150 956 4229 quid
1005 4145 1372 4219 ceremonensem
1398 4145 1772 4225 solnllsibonitateprts·

189 4237 275 4302 aliud
289 4238 363 4316 agit,
378 4238 438 4313 nisi
456 4245 492 4305 nt
515 4244 546 4304 ot
566 4240 768 4320 pereuntibus
782 4243 956 4306 secundnm
1006 4238 1199 4307 destinantur
1212 4238 1252 4305 ud
1266 4238 1362 4301 ritem
1377 4256 1384 4307 t
1406 4243 1438 4305 et
1457 4236 1581 4318 reprobi
1609 4237 1695 4305 nullo
1718 4237 1774 4301 Dei

189 4329 278 4403 illum
292 4329 331 4397 sit
356 4329 501 4410 imposita
527 4332 689 4399 necessitas
713 4333 895 4412 perditionis
902 4353 911 4410 3
926 4340 958 4398 et
1006 4330 1196 4411 prejudicio,
1221 4330 1275 4399 set
1299 4329 1365 4395 solo
1394 4347 1452 4397 suo
1477 4329 1527 4399 vel
1554 4329 1774 4408 originalivel

188 4421 237 4485 his
250 4421 305 4502 qui
317 4422 486 4497 salventur.
498 4423 538 4486 sit
549 4425 694 4504 imposita
703 4426 865 4493 necessitas
878 4426 957 4491 salu·
1006 4423 1120 4493 actuali
1138 4424 1251 4493 merito
1264 4422 1521 4503 predestinantur
1533 4421 1572 4487 ud
1586 4422 1749 4490 interitum
1762 4441 1770 4482 ι

187 4512 355 4594 tisintqne
368 4515 439 4579 ideo
449 4516 657 4595 necillijnstc
670 4518 869 4593 damnentur,
880 4518 955 4597 qnia
1006 4534 1064 4585 nee
1087 4517 1131 4582 eis
1159 4516 1264 4585 divina
1297 4514 1527 4595 praedestinatio
1561 4514 1774 4583 neemntetem

182 4606 336 4686 Juttissse
349 4613 607 4686 uuupotuaruntt
624 4628 682 4671 nce
695 4609 835 4688 istijuste
849 4627 954 4679 remn-
1005 4608 1156 4687 pereundi
1183 4607 1338 4686 imponit,
1371 4606 1450 4670 sicut
1475 4623 1533 4669 nec
1560 4605 1772 4671 nenessitatem

187 4704 349 4775 necentur,
364 4699 438 4778 quia
452 4700 536 4764 aliud
549 4701 729 4783 quemjusti
738 4701 957 4781 arsenoquita·
1005 4699 1149 4779 peoeandi
1159 4699 1230 4776 ;sed
1241 4698 1452 4780 necessitatem
1460 4697 1679 4769 tantummodo
1689 4697 1774 4775 justa

185 4795 279 4865 mann
300 4795 336 4851 ut
362 4791 551 4871 inuusque
581 4797 666 4871 parte
692 4798 723 4857 et
750 4793 894 4873 perditio,
925 4799 956 4863 et
1003 4793 1154 4874 supplicia
1176 4792 1336 4872 patiendi:
1352 4797 1387 4859 nt
1404 4790 1630 4870 quiroluntetc
1654 4807 1774 4867 perme-

186 4881 270 4951 sulus
281 4882 396 4951 nonsit
409 4883 573 4962 exJudicio
588 4883 722 4963 propriae
737 4883 876 4961 sotionis,
901 4885 955 4947 ned
1003 4885 1132 4953 nontin
1157 4883 1304 4963 peccetis,
1332 4883 1512 4953 necessitato
1535 4882 1713 4953 saucientur
1738 4882 1773 4953 in

185 4973 418 5053 exprnjudicio
444 4975 559 5039 divine
584 4975 864 5055 preordinationis.
894 4981 952 5045 ete,
1003 4977 1146 5057 pteris.»

185 5066 299 5146 aperte
324 5084 459 5146 nemque
485 5084 577 5129 musa
611 5067 793 5147 perditionis
814 5067 952 5146 illorum,
1044 5070 1151 5148 Neque
1163 5085 1237 5131 vero
1249 5085 1323 5131 vasa
1343 5066 1408 5143 illa,
1423 5084 1494 5145 que
1521 5084 1560 5127 ex
1576 5084 1678 5133 masse
1704 5084 1772 5137 oor-

184 5157 571 5237 animumanimum
597 5159 786 5232 retenensi
809 5160 875 5239 ipse
901 5177 954 5223 ceos
1003 5167 1096 5241 rupte
1121 5159 1283 5237 finguntur
1305 5159 1340 5221 in
1367 5160 1540 5233 interitum,
1563 5178 1626 5239 quo
1644 5160 1772 5223 nomine

185 5249 229 5319 ,iu
242 5250 282 5319 td
296 5250 457 5321 inertum
471 5250 710 5330 pradestinavit,
726 5257 762 5315 ut
788 5251 871 5323 eliud
886 5269 952 5315 esse
1003 5251 1128 5332 reprobi
1137 5250 1176 5313 eb
1199 5251 1383 5330 Angustus,
1399 5256 1431 5314 at
1450 5250 1520 5323 aliis
1533 5251 1647 5332 passim
1661 5250 1773 5321 inteili-

211 5452 286 5508 isop.
300 5462 331 5499 rr.
341 5450 376 5494 so.
386 5473 415 5486 -
426 5451 441 5497 2
451 5453 503 5499 luc.
515 5463 558 5504 nr,
572 5452 607 5499 it.
617 5453 668 5498 -8
681 5453 745 5507 ΡΜ,
760 5465 778 5508 t.
789 5453 824 5505 st.
836 5476 864 5499 .-
876 5455 891 5500 t
904 5453 963 5507 listi·
978 5453 1048 5512 lund.
1065 5462 1117 5503 ton.
1131 5452 1167 5511 ii,
1181 5452 1237 5505 stu.
1251 5453 1293 5503 PP·
