3990 6130
531 282 582 344 DE
600 280 907 359 mathematis,
929 282 1004 342 tte.
1027 281 1080 350 Vl,
1108 280 1192 343 GAP.
1214 280 1313 342 xvn.
1674 283 1715 346 95

127 443 249 507 nendas
266 462 333 507 esee
350 463 456 521 voces,
472 448 602 526 quaeda
616 447 738 511 tibristo
751 447 897 522 diversas,
951 447 1174 508 Deosociatnm
1187 447 1358 523 etunitum,
1374 448 1635 527 quemadmodum
1645 466 1717 509 eum

128 544 160 598 et
181 537 320 618 dispares
337 541 535 618 pronuntiari
562 540 714 615 videmus,
738 558 779 602 ne
800 552 897 621 κρᾶσιν,
951 540 1119 618 Prophetis,
1149 559 1184 601 ae
1205 540 1317 600 sanctis
1341 541 1415 603 viris
1438 543 1518 603 Deus
1535 540 1627 602 fuisse
1641 559 1716 601 con·

128 629 232 693 idest
257 630 473 712 mintionem,
502 638 533 694 et
558 634 776 714 permistionem
804 638 900 693 natu·
946 630 1074 709 junctus
1084 632 1207 707 dicitur,
1219 637 1249 692 et
1261 633 1294 692 in
1309 632 1368 692 illis
1376 633 1543 707 resedisse3
1557 639 1593 694 ut
1605 643 1717 713 θεοφόρα

129 740 238 783 ranam
252 722 504 785 introducamus:
524 725 609 804 quod
632 725 783 806 Cyrillum
801 724 901 786 facere
949 728 1113 803 propterea
1132 724 1286 784 nominati
1304 731 1387 800 sunt,
1409 727 1497 805 quasi
1514 728 1614 787 lteram
1632 727 1666 786 in
1686 744 1719 787 sa

130 815 285 893 queritur.
829 822 832 827 '
951 815 1221 877 eheumterentes:
1239 834 1303 876 non
1322 822 1426 878 autem
1442 835 1542 879 unum
1557 836 1613 898 per
1631 836 1663 879 sc
1680 836 1720 879 ex

168 908 327 969 llocvero
345 908 478 989 Cyrillus
496 909 637 990 impense
656 914 766 986 negat:
789 926 832 982 se,
848 907 903 969 sed
950 906 1102 970 ambobus
1122 926 1186 969 esse
1209 906 1333 970 factum.
1360 909 1481 988 Quippe
1504 910 1598 971 solius
1621 909 1720 990 digni-

131 998 450 1080 ammoneremus,
472 1000 516 1067 ita
531 1002 668 1067 ὤιιιιιι
688 1000 901 1080 proprietates,
950 998 1022 1063 tatis
1040 1000 1261 1063 commuuione
1279 1000 1458 1061 devinctum
1475 1002 1635 1062 hominem
1658 1004 1719 1061 Do·

130 1096 161 1154 et
174 1110 289 1153 earum
307 1092 425 1155 indices
437 1111 528 1154 voces
541 1101 708 1174 agnoscere
722 1093 776 1170 ait,
791 1097 827 1153 ut
845 1090 904 1152 uni
952 1090 1115 1166 minirum,
1127 1096 1158 1152 et
1167 1108 1240 1169 cum
1252 1094 1314 1157 [leo
1323 1092 1502 1171 copulatum
1515 1093 1718 1156 existimabat.

130 1190 261 1262 nmen,
291 1190 322 1246 et
346 1185 450 1249 eidem
475 1204 584 1247 omnes
603 1186 794 1267 imputanda
820 1185 883 1245 sint
893 1203 901 1258 ;
993 1184 1084 1247 Hunc
1098 1185 1256 1245 Nestorius
1273 1203 1423 1246 arcanum
1436 1186 1562 1246 haeresis
1573 1204 1638 1247 sure
1650 1205 1720 1248 sen-

131 1283 224 1356 atque
249 1276 319 1338 aliae
335 1278 508 1340 secundum
530 1278 747 1353 divinitatem3
769 1276 837 1338 aliae
856 1295 903 1337 se·
953 1293 1023 1343 sum
1041 1277 1164 1356 aperuit
1181 1276 1214 1337 in
1235 1277 1501 1352 anathematismo,
1527 1296 1599 1339 cum
1622 1278 1699 1339 dixit
1710 1299 1718 1353 ;

131 1369 274 1430 mudum
286 1368 514 1434 humanitatem
527 1370 724 1445 conveniant,
737 1368 904 1445 cumidem
953 1385 1054 1435 unum
1065 1386 1130 1429 non
1139 1386 1204 1428 esse
1216 1367 1271 1431 Dei
1281 1367 1384 1429 filium
1397 1374 1466 1447 post
1478 1370 1722 1450 assumptionem

130 1460 277 1522 videlicet
304 1461 399 1523 homo
426 1463 467 1531 sit
498 1468 528 1524 et
555 1464 647 1525 Deus.
676 1463 905 1525 Theodoretum
954 1460 1099 1521 hominis.
1109 1457 1220 1520 Procul
1231 1460 1326 1521 dubio
1335 1461 1420 1522 enim
1432 1461 1720 1539 duosessecensuit,

131 1572 226 1635 porro
235 1553 451 1634 reprehendit,
464 1556 547 1635 quod
557 1554 722 1619 duosfilios
731 1552 903 1624 induxerit:
956 1552 1010 1632 qui
1023 1569 1124 1617 unum
1138 1552 1291 1617 inficiatus
1305 1559 1362 1614 est.

132 1651 288 1729 quatenus
311 1646 446 1717 alterum
465 1646 558 1708 fuisse
583 1646 670 1723 dixit,
695 1646 749 1733 qui
772 1650 906 1721 ιιιιιιιιιι
996 1645 1110 1721 Contra
1131 1644 1216 1707 hunc
1239 1644 1533 1710 anathematismum
1557 1646 1620 1707 duo
1646 1664 1724 1723 prae
1748 1672 1877 1721 ,haime

132 1738 320 1820 deprecatus
335 1745 401 1814 est;
418 1738 619 1845 alterumqui
632 1757 702 1813 eam
714 1737 906 1809 tolerandam
955 1736 1060 1799 scribit
1077 1737 1252 1801 Theodorat
1239 1743 1298 1813 tus,
1323 1739 1556 1817 quorumprius
1569 1737 1720 1817 litigandi,
1750 1730 1810 1786 ⁹²⁰!
1812 1727 1857 1773 '¹¹¹1
1864 1726 1896 1770 ⁸¹

133 1848 196 1891 esse
209 1850 280 1892 non
292 1831 468 1911 ignoravit:
480 1850 550 1892 cum
560 1832 627 1911 uni,
641 1831 803 1936 eidemque
811 1829 907 1889 tribui
956 1832 987 1889 et
1000 1827 1241 1891 contradicendi
1237 1829 1350 1907 majus,
1365 1847 1460 1909 quam
1471 1848 1537 1891 verr
1528 1829 1724 1908 inquirendi
1749 1742 1896 1880 ‘affixisti-⁰

134 1928 277 2028 oporteat
301 1930 491 2005 utrumque3
514 1942 550 1986 aa
575 1924 752 1999 Verbum
743 1940 848 2000 ipsum
874 1938 907 1981 se
956 1919 1093 1980 studium
1107 1921 1205 2000 sapit:
1221 1920 1265 1981 alt
1252 1927 1354 1981 terum
1365 1921 1550 1983 nonnullam
1559 1921 1725 2001 probabili
1748 1889 1898 1946 ‘mmm

134 2014 315 2083 exinanisse
339 2016 469 2079 dicatur.
494 2015 588 2100 Atqui
615 2014 704 2079 facile
728 2020 775 2075 est
800 2013 908 2074 ambos
956 2016 1052 2072 tatem
1060 2011 1163 2072 habet
1141 2011 1332 2117 tlmprimis
1348 2031 1421 2091 ergo
1435 2014 1619 2092 participem
1631 2012 1726 2073 fuisse

135 2107 205 2171 illua
231 2108 317 2171 inter
344 2126 376 2169 se
404 2107 580 2184 conciliare,
609 2106 635 2169 si
663 2109 722 2177 hoa
744 2105 906 2179 observes3
957 2104 1059 2164 carnis
1084 2109 1115 2163 et
1134 2104 1292 2182 sanguinis
1315 2123 1380 2165 una
1401 2123 1474 2165 cum
1498 2106 1603 2166 anima
1624 2106 1726 2165 Deum

135 2199 370 2260 Tbeodoretum
392 2201 432 2261 ad
451 2206 634 2273 naturarum
656 2198 822 2267 discrimen
843 2214 908 2261 res·
958 2193 1097 2255 Verbum
1126 2194 1220 2255 fuisse
1244 2195 1394 2257 concedit.
1422 2196 1481 2259 Sed
1509 2214 1635 2257 carnem
1662 2214 1728 2257 esse

136 2296 263 2370 poetum
282 2291 451 2353 habuisse:
477 2292 627 2371 Cyrillum
646 2292 686 2357 ad
704 2307 843 2374 personae
863 2289 909 2350 lo·
958 2286 1075 2347 factum
1094 2286 1295 2349 conversione
1312 2288 1359 2347 sui
1373 2287 1478 2366 aliqua
1491 2287 1575 2349 idem
1589 2286 1728 2348 Verbum

136 2383 272 2461 quentis,
289 2388 322 2445 ιι
329 2384 450 2462 agentis
463 2384 625 2447 unitamm.
959 2384 1062 2456 negat.
1080 2379 1168 2452 Quod
1181 2379 1259 2439 nihil
1273 2397 1396 2441 neceam
1414 2379 1474 2443 tuit
1492 2381 1642 2460 excipere.
1661 2381 1729 2442 Nou

761 2501 766 2509 ⁴
960 2471 1045 2532 enim
1068 2472 1200 2551 Cyrillus
1223 2471 1375 2550 ejusmodi
1398 2472 1558 2551 quippiam
1584 2473 1727 2533 asseruit.

962 2562 1024 2624 Sed
1046 2563 1195 2623 invidiam
1219 2562 1265 2623 illi
1282 2563 1381 2624 iacere
1398 2564 1610 2625 'theodoretus
1629 2563 1731 2623 voluit

241 2690 608 2753 ANATHEMATISMUS
628 2692 799 2767 QUINTUS
960 2655 1086 2715 haeresis
1114 2654 1414 2733 Apollinaristarum
1450 2656 1610 2730 Alterum,
1646 2653 1730 2734 quod

802 2737 811 2753 ”
962 2746 1174 2807 Theodoretus
1188 2745 1328 2826 opponit,
1343 2752 1389 2808 est
1376 2748 1446 2808 tde
1459 2756 1531 2827 ιεοφό
1534 2776 1577 2828 poa
1591 2738 1729 2819 nomine,

963 2839 1047 2916 quod
1060 2838 1193 2917 (tyrillus
1203 2839 1365 2899 damnasse
1373 2839 1516 2900 udatur
1509 2860 1541 2900 ιιι
1556 2843 1734 2901 anathema·

256 2912 384 2972 Cffiffl·
657 2913 810 2974 Nesroau.
964 2931 1077 3005 tism03
1103 2949 1175 2995 oum
1196 2936 1302 2995 tamen
1330 2932 1504 3011 complures
1530 2938 1673 2997 ueterum
1695 2952 1733 2994 eo

966 3020 1027 3081 sint
1054 3020 1127 3097 usi;
1156 3027 1191 3082 ut
1217 3022 1298 3085 iuter
1324 3023 1401 3085 alius
1429 3024 1573 3089 Basilius.
1603 3027 1646 3086 he
1670 3043 1733 3104 quo

966 3118 1036 3192 aget
1037 3132 1075 3173 ur
1024 3113 1122 3174 tin
1136 3113 1216 3174 libro
1231 3115 1370 3194 sequenti
1383 3113 1404 3189 ¹,
1419 3115 1546 3179 Interim
1560 3116 1619 3181 hoc
1633 3135 1733 3178 unum

966 3207 1181 3282 admonemus,
1200 3226 1265 3271 non
1283 3207 1422 3271 absolute
1442 3206 1557 3288 Deiseri
1569 3227 1675 3273 vocem
1694 3210 1735 3271 ab

966 3298 1079 3378 Cyrillo
1103 3300 1270 3377 reiectam
1287 3301 1341 3362 sed
1358 3306 1494 3374 eatenus,
1511 3301 1537 3361 si
1550 3302 1589 3363 ad
1604 3301 1735 3365 Nestorii

967 3395 1105 3454 mentem
1119 3393 1387 3467 cananaeorum
1403 3411 1476 3455 vera
1490 3392 1630 3455 unitione
1644 3399 1736 3454 netu·

967 3500 1074 3549 rarum
1101 3483 1250 3558 abdicate,
1279 3489 1311 3545 et
1335 3484 1400 3546 sola
1428 3497 1538 3564 οχιτιιῇ,
1565 3502 1601 3544 ιι
1625 3484 1737 3545 nauli

968 3576 1144 3641 constituta.
1159 3576 1214 3635 Est
1224 3579 1332 3637 autem
1342 3576 1376 3637 in
1390 3593 1449 3641 usu
1462 3575 1622 3637 commum
1632 3576 1735 3637 homi·

969 3689 1048 3737 num
1062 3688 1117 3741 sua
1130 3668 1274 3748 quedam
1284 3666 1506 3748 tempestivitas
1517 3686 1649 3742 vocumi
1665 3686 1736 3747 quae

969 3782 1026 3844 pro
1040 3769 1230 3842 temporum,
1245 3766 1275 3821 ct
1287 3761 1420 3829 aliarum
1437 3778 1544 3821 rerum
1557 3760 1737 3840 opportuni·

969 3855 1096 3931 tatibus,
1113 3860 1202 3924 ιιιιιι
1220 3871 1256 3913 aa
1277 3853 1447 3930 prudenter
1470 3858 1515 3915 est
1536 3853 1734 3915 moderanda.

970 3946 1049 4011 Ante
1063 3945 1196 4008 Nestorii
1208 3954 1348 4007 exortem
1362 3945 1516 4012 haeresim,
1532 3945 1613 4006 nihil
1626 3951 1693 4006 erat
1704 3944 1738 4004 in

188 3107 205 3135 ι
218 3083 254 3142 Sl
268 3082 337 3160 quis
345 3081 441 3142 audet
454 3080 502 3140 dl·
602 3103 618 3140 «
643 3083 676 3144 si
709 3084 777 3163 quis
812 3099 911 3143 unum

141 3193 215 3236 cere
231 3175 386 3235 Christum
399 3171 504 3233 homi·
560 3192 625 3236 esse
643 3183 712 3254 post
730 3181 868 3254 assumpt
869 3175 913 3234 io-

142 3285 221 3329 nem
234 3276 370 3349 ιιοφιρον,
400 3264 433 3326 id
458 3270 503 3325 est
561 3284 635 3329 nem
661 3268 797 3329 hominis
819 3275 914 3328 natu-

141 3360 311 3421 hominem
340 3360 403 3419 Deo
428 3354 502 3437 (for.
559 3359 731 3420 raliterDci
744 3346 846 3423 filium
860 3379 913 3422 au-

144 3450 269 3532 neum)
304 3457 446 3511 utentem
473 3466 505 3509 se
561 3452 612 3512 det
636 3451 753 3527 dicere,
776 3469 848 3511 oum
875 3451 914 3511 sit

145 3551 374 3625 asportantem,
392 3547 423 3602 et
441 3559 505 3601 non
562 3498 760 3621 Emmanuel,
787 3543 915 3604 anathe-

145 3640 252 3699 Deum
272 3654 338 3697 csse
355 3633 507 3697 veraciter
564 3636 709 3697 masii.»

146 3728 288 3804 dixerit,
352 3732 505 3805 <unquam

145 3822 284 3882 unicum
313 3819 414 3879 fllium
451 3836 508 3897 per

146 3920 309 3979 naturam.
337 3911 507 3971 meandum

147 4005 238 4086 quod
265 4003 404 4063 Verbum
437 4019 508 4063 caro

146 4096 273 4157 iactum
291 4100 347 4164 est,
363 4099 395 4154 et
412 4092 508 4172 parti·

147 4188 303 4269 eipaverit
321 4182 511 4245 nobissimi-

147 4282 226 4343 liter
243 4296 355 4352 carne,
385 4280 416 4337 et
439 4292 510 4336 san·

148 4373 276 4455 guina,
345 4368 513 4429 anathema

149 4468 263 4529 siv.»

971 4039 1145 4103 istiusmodi
1165 4037 1316 4105 vocabulo
1337 4037 1477 4117 periculi
1499 4038 1666 4116 Postquam
1685 4037 1739 4101 illa

972 4137 1018 4195 est
1030 4130 1173 4206 conflata,
1190 4130 1361 4209 praesertim
1374 4129 1431 4191 sub
1446 4128 1513 4207 ejus
1525 4129 1660 4203 initium,
1676 4146 1738 4208 quo

971 4223 1075 4297 latius,
1083 4227 1115 4285 et
1123 4222 1255 4283 validius
1264 4221 1472 4301 grassabatur,
1481 4219 1552 4299 jure
1563 4225 1740 4300 suspectum

972 4315 1041 4390 luit,
1057 4320 1088 4375 et
1101 4314 1140 4375 ab
1149 4301 1373 4385 consuetudine
1382 4314 1461 4379 illud
1470 4330 1630 4377 removere
1643 4312 1739 4377 tutius

972 4405 1098 4479 interitu
1109 4412 1155 4469 ιιι
1167 4406 1280 4473 nsum.

191 4646 394 4713 Manifestum
405 4649 451 4706 est
462 4642 548 4703 hunc
560 4637 852 4702 anathematismum
870 4636 926 4697 ad-

147 4760 265 4807 versas
283 4738 416 4802 Nestorii
434 4735 606 4816 comparari
631 4731 784 4812 putidam,
806 4736 838 4791 et
855 4746 927 4790 exe-

149 4835 307 4902 crandam
317 4829 561 4909 blasphemiam,
577 4843 640 4907 qua
655 4824 813 4886 Christum
829 4820 930 4882 aiebat

148 4931 200 4993 ita
213 4922 453 4991 Emmanuelem
465 4938 543 4995 esse,
557 4918 590 4980 id
604 4923 651 4980 est
672 4915 834 4978 hominem
855 4928 928 4974 cum

191 5155 218 5199 a
234 5139 345 5196 Cirtae.
365 5130 398 5188 El
417 5150 454 5201 τις
469 5129 552 5213 rolpq
535 5126 649 5200 αλέγειν
669 5123 757 5197 dropdp
758 5140 786 5175 οι
801 5119 927 5193 ἅνθρωποι
975 5117 1017 5173 καὶ
1030 5115 1189 5184 κεκοινώνηκε
1197 5111 1372 5189 rependantur
1381 5111 1486 5186 ἥμιν
1458 5130 1572 5185 nepam,
1586 5112 1627 5180 aqi
1643 5111 1720 5186 eapse

150 5226 200 5280 rire
217 5223 256 5295 xp
257 5220 336 5283 turia,
354 5237 387 5271 aa
385 5213 469 5288 ttotq
489 5211 519 5280 δὴ
540 5210 635 5283 μα’)λοι
649 5200 741 5262 tetra
718 5225 779 5259 ruat
793 5203 856 5258 κατὰ
869 5201 930 5269 ἀλή-
978 5198 1170 5276 intimiora.

150 5308 237 5371 θεων,
242 5243 288 5366 piri
301 5300 417 5365 ribeira,
431 5297 473 5351 ael
488 5296 569 5367 pisa,
578 5286 736 5364 mititiam
749 5285 808 5359 σὰρξ
822 5285 930 5357 iiiior,

182 5445 401 5500 alib-Vitam.
