3956 6158
282 260 342 322 θθίί
776 263 1099 327 Theotootoonum
1120 265 1338 328 boematum

136 435 233 481 νιοτωιιι
322 423 375 483 lV.
397 424 581 486 Omittamus
603 425 781 504 origenem,
804 428 894 488 etad
916 427 1049 489 alterum
1097 429 1165 490 loco
1192 436 1339 509 repetere.
1372 430 1615 502 «Detestamum
1640 425 1976 506 imminentioris

139 490 233 535 “mm
280 519 483 593 transeamus,
500 517 677 578 Marcellum
691 518 904 595 Aneyranum,
924 519 974 579 cui
992 519 1050 580 istc
1098 525 1258 599 praeterea,
1274 527 1305 582 et
1321 520 1518 581 anathemate
1531 520 1717 579 damnamus
1734 534 1799 594 eos,
1813 517 1869 596 qui
1910 496 1962 530 ω

282 607 478 685 peculiarisa
500 608 653 688 plerisque
680 628 767 670 error
789 609 980 671 attribuitur.
1005 610 1049 670 De
1098 628 1274 673 sermonem
1301 612 1403 692 ipsum
1432 611 1486 672 Dei
1513 611 1636 671 nudum
1657 610 1824 683 duntaxat,
1839 613 1869 667 et

281 697 341 759 hoe
355 699 426 760 novi
447 700 510 761 iere
530 700 609 761 nihil
628 702 762 762 ocerrrrit
785 702 889 773 modo,
906 702 989 780 quod
1008 702 1049 762 ad
1098 719 1163 762 uon
1182 710 1354 764 exstantem
1374 703 1444 763 ficte
1463 703 1638 776 nominant,
1654 698 1758 780 quiin
1770 699 1868 760 altero

282 789 336 851 illa
358 792 454 870 possit
478 791 580 870 adjici,
595 799 665 872 quae
685 794 723 853 dc
748 811 785 854 eo
812 793 990 871 scripsimus
1015 792 1048 853 iu
1097 794 1192 855 habet
1205 801 1240 854 ut
1255 794 1295 855 sit
1310 813 1317 854 :
1331 812 1416 855 nune
1430 795 1555 871 quidem
1564 793 1650 853 velut
1661 790 1868 872 prolatitium,

282 881 383 961 primo
395 882 476 944 libro
487 883 522 945 de
537 883 692 959 Tricitcte,
707 903 776 964 cap.
790 900 855 944 xru.
872 884 951 944 Fons
964 884 1047 945 enirn
1098 891 1134 945 ut
1146 885 1231 965 loqui
1249 886 1349 947 solent
1365 906 1372 945 :
1389 904 1473 946 nune
1485 903 1560 946 uero
1575 890 1723 964 tanquam
1738 882 1868 943 interio-

281 974 394 1034 erroris
417 975 524 1054 ipsius,
545 994 608 1055 quo
632 976 816 1037 catholicum
840 977 877 1036 de
901 977 1047 1037 lucarna-
1097 983 1220 1053 rem,et
1233 977 1380 1037 inanimo
1393 982 1591 1056 conceptum.
1606 976 1762 1036 Christum
1773 992 1869 1053 porro

280 1065 365 1127 tione
393 1068 508 1147 dogma
533 1069 691 1147 pervertit,
718 1067 893 1147 corruptela
914 1074 960 1128 est
981 1067 1045 1141 illa,
1096 1069 1211 1147 ipsum,
1226 1073 1258 1130 et
1272 1068 1438 1130 Dominum
1451 1074 1482 1129 et
1501 1068 1715 1142 mediatorem,
1737 1071 1771 1127 et
1787 1066 1867 1126 ima-

280 1174 375 1237 quam
409 1161 443 1220 in
463 1161 612 1221 sinceram
641 1159 861 1240 professionem
890 1160 1048 1220 Trinitatis
1096 1161 1203 1238 ginem
1217 1161 1276 1221 Dei
1289 1166 1361 1221 ante
1375 1160 1485 1221 sarcula
1499 1162 1593 1220 fuisse
1607 1166 1736 1237 negant.
1753 1157 1817 1218 Sed
1832 1176 1868 1219 ex

280 1250 409 1311 invexit.
427 1251 549 1311 Etenim
571 1251 695 1313 crimini
720 1251 766 1311 illi
780 1252 888 1312 datum
902 1269 967 1312 esse
987 1250 1047 1310 sei·
1096 1252 1150 1311 illo
1174 1258 1314 1332 tempore
1334 1252 1492 1313 Christum
1512 1252 1617 1332 ipsum
1638 1269 1704 1312 esse
1725 1250 1865 1329 coepisse,

237 1374 242 1384 ·
281 1360 362 1417 mus,
377 1344 461 1422 quod
476 1343 753 1404 Sabelliihreresim
768 1349 936 1416 assecutus,
951 1361 1048 1403 unam
1097 1343 1215 1423 Deique
1231 1344 1342 1416 tilium,
1364 1363 1402 1406 ex
1420 1363 1483 1423 quo
1507 1351 1646 1405 nostram
1671 1343 1712 1403 de
1739 1341 1867 1421 Virgine

281 1434 314 1493 in
329 1435 480 1496 Trinitate
496 1453 661 1514 personam
681 1453 745 1496 esse
769 1435 946 1496 defenderet
962 1454 969 1494 :
986 1442 1048 1494 tres
1097 1453 1223 1496 earnem
1245 1435 1397 1515 suscepit,
1421 1441 1494 1497 ante
1514 1453 1613 1496 annos
1636 1434 1769 1496 omnino
1791 1452 1868 1514 qua-

281 1531 403 1603 autem,
419 1545 495 1606 quas
517 1527 667 1587 catholice
690 1526 766 1587 fides
784 1527 926 1599 adstruit,
951 1544 1048 1586 ernam
1097 1527 1288 1601 drineentos.
1322 1529 1401 1589 Nam
1435 1528 1546 1588 exinde
1574 1527 1735 1588 Christum
1757 1526 1867 1587 solunt

282 1624 313 1679 et
346 1620 487 1680 eamdem
512 1619 614 1699 reipsa
640 1624 763 1699 putaret
789 1637 870 1694 csse,
895 1636 964 1697 cquae
990 1636 1047 1697 pro
1097 1618 1221 1680 initium
1245 1611 1388 1680 habuisse
1410 1620 1507 1698 regni.
1534 1619 1638 1680 Sedet
1661 1618 1740 1679 illud
1764 1619 1866 1698 ipsum

280 1710 408 1772 diversis
438 1711 662 1787 functionibus,
697 1711 790 1770 modo
817 1709 926 1786 Patris,
953 1709 1045 1769 modo
1097 1710 1276 1771 habiturum
1291 1729 1357 1771 esse
1374 1711 1470 1771 finem
1490 1716 1559 1790 post
1582 1710 1694 1771 mundi
1718 1728 1864 1771 consum·

281 1801 359 1875 Filii,
381 1809 437 1864 aut
457 1802 590 1882 Spiritus
611 1803 709 1863 saneti
735 1819 851 1862 nomen
868 1808 1043 1880 usurparet.
1095 1802 1284 1877 mationem,
1321 1807 1352 1862 et
1380 1802 1543 1880 judicium.
1575 1801 1762 1881 Hujusmodi
1795 1808 1866 1862 sunt

281 1894 361 1955 Hinc
371 1904 476 1955 autem
490 1894 630 1974 sequitur
649 1894 868 1955 iucarnationis
885 1893 1046 1954 abeodem
1096 1893 1241 1969 Marcelli,
1257 1900 1289 1954 et
1305 1893 1429 1954 Photini
1448 1893 1751 1972 ancyrogaletarum
1770 1901 1865 1955 sectu-

280 1987 463 2065 mysterium
477 2004 542 2048 esse
560 1987 734 2059 sublatum;
762 1991 797 2045 ut
819 1985 896 2046 duas
921 1989 1047 2045 rraturas
1095 1989 1177 2045 tores
1197 2004 1205 2046 ι
1228 1985 1283 2064 qui
1309 1985 1478 2046 extantium
1504 1990 1576 2047 ante
1602 1985 1716 2046 saccula
1740 1985 1863 2058 Christi,

279 2085 406 2157 negaret
418 2079 452 2140 in
465 2079 606 2141 eamdem
620 2076 821 2158 hypostasim,
841 2076 891 2138 vel
910 2076 1047 2157 supposi-
1097 2076 1224 2156 ejusque
1243 2076 1449 2153 divinitatem,
1469 2096 1504 2138 ae
1524 2077 1752 2157 sempiternum
1773 2077 1867 2157 ipsius

280 2174 348 2230 tum
361 2175 539 2233 convenisse
553 2170 666 2232 Christi
691 2190 698 2230 ε
724 2188 816 2249 quem
837 2169 948 2229 ideirco
971 2170 1045 2229 sim·
1096 2184 1227 2243 regnum
1241 2169 1357 2249 pariter
1370 2169 1555 2246 abnegant&
1570 2191 1581 2225 ι
1601 2169 1671 2229 Haee
1685 2173 1733 2229 est
1744 2185 1866 2230 summa

280 2261 390 2341 plieem
429 2263 629 2324 constitueret
663 2260 843 2333 homiuem,
884 2261 949 2320 solu
988 2260 1048 2321 Dei
1095 2259 1222 2321 haeresis
1235 2260 1380 2334 Marcelli,
1395 2260 1524 2340 ejusque
1537 2259 1709 2340 popularis,
1725 2279 1763 2321 ac
1776 2261 1865 2321 disci-

280 2352 900 2434 operatione,etextraordinariaquadam
910 2350 1046 2427 gestione
1096 2351 1162 2431 puli
1175 2350 1296 2412 Photini
1313 2371 1322 2412 t
1337 2352 1425 2431 cujus
1436 2352 1620 2431 complures,
1636 2357 1672 2411 ut
1687 2351 1767 2427 dixi,
1780 2356 1867 2413 testes

280 2446 458 2526 perfusum3
476 2446 514 2506 de
527 2463 588 2524 qua
604 2444 738 2506 Marcelli
754 2444 898 2523 opinione
914 2441 1046 2503 verbum
1096 2448 1170 2503 sunt
1181 2445 1312 2523 antiqui,
1328 2450 1359 2504 et
1372 2443 1515 2504 catholici
1527 2443 1692 2523 scriptores
1715 2463 1723 2503 :
1746 2445 1867 2523 nequis

279 2538 339 2600 boc
354 2538 422 2599 loeo
436 2537 559 2598 nullum
577 2536 707 2610 feciam3
725 2536 840 2614 quippe
854 2535 934 2595 inter
947 2535 1046 2595 haere·
1095 2539 1258 2614 propterea
1277 2535 1372 2596 fidem
1386 2534 1591 2596 Orientalibus
1614 2534 1678 2595 istis
1695 2553 1867 2615 prorogan-

116 2649 255 2697 ιιοιοιοιια.
281 2648 357 2692 seon
369 2637 532 2711 ἱστορούμενα
545 2629 628 2689 illam
644 2626 711 2687 fuse
725 2625 948 2686 declaravimus
966 2624 1046 2686 libro
1095 2625 1168 2686 dam
1181 2625 1346 2703 existimet,
1361 2625 1445 2705 quod
1458 2625 1602 2705 capitales
1614 2626 1753 2688 Marcelli
1766 2627 1868 2688 hostes

281 2723 395 2801 primo,
411 2721 510 2802 eapite
523 2720 648 2783 tertio'.
784 2766 789 2775 .
1094 2716 1220 2779 fuerint.

320 2815 358 2875 V.
383 2814 530 2892 Superest
556 2812 634 2873 illud
656 2812 778 2892 ipsum,
807 2810 846 2871 de
873 2828 935 2890 quo
962 2829 1047 2871 nrrne
1134 2809 1187 2869 Vl.
1207 2810 1299 2889 Apud
1324 2808 1505 2881 Eusebium,
1532 2809 1587 2889 qui
1601 2810 1687 2870 velut
1710 2810 1867 2872 Retiarius
1887 2830 1955 2875 am
1970 2831 1977 2860 ³

280 2906 412 2985 agimus,
421 2906 459 2967 de
469 2904 556 2983 regni
569 2902 832 2965 etincarnationis
840 2902 1046 2982 perpetuitate
1096 2917 1168 2961 cum
1177 2899 1386 2980 Myrmillone,
1401 2901 1528 2962 itacum
1537 2902 1680 2962 Marcello
1710 2903 1865 2984 composi·
1906 2884 1976 2927 Μ

280 2998 439 3058 decretum
457 3016 464 3056 :
481 2996 564 3075 quod
578 2994 617 3055 ab
631 2995 741 3056 eodem
754 3000 965 3074 oppugnatum
982 3012 1046 3055 esse
1095 2997 1144 3051 tus
1158 2991 1296 3066 videtum
1312 2991 1407 3070 hujus
1420 2998 1519 3052 exstat
1531 2992 1618 3054 loeus
1631 3012 1670 3054 ex
1683 2993 1767 3055 libro
1778 3000 1864 3075 puto,

279 3089 422 3150 illareello
455 3087 595 3167 plerique
634 3087 791 3147 memorias
832 3085 1042 3164 prodiderunt.
1095 3101 1189 3161 quem
1211 3084 1358 3144 adversus
1384 3083 1542 3145 Asterium
1561 3103 1600 3145 ex
1614 3085 1756 3164 sophista
1779 3087 1863 3147 Aria-

279 3179 358 3239 Nam
372 3193 505 3254 regnum
525 3174 637 3236 Christi
663 3179 733 3254 post
752 3173 948 3253 aliquantum
966 3179 1045 3234 tem·
1095 3193 1173 3235 num
1203 3175 1315 3249 edidit,
1345 3193 1385 3236 err
1409 3194 1472 3254 quo
1498 3175 1550 3237 illc
1574 3177 1704 3255 colligit,
1733 3194 1866 3257 regnum

277 3271 361 3351 poris
383 3269 556 3330 desiturum
582 3284 648 3327 esse
662 3265 800 3341 eredidit,
818 3270 854 3325 ut
876 3269 906 3326 et
922 3284 1045 3326 oecono-
1095 3266 1206 3327 Christi
1228 3266 1316 3327 certis
1331 3266 1496 3328 definitum
1519 3267 1558 3328 ab
1572 3286 1609 3329 eo
1643 3269 1721 3348 poni
1742 3275 1864 3349 tempo-

278 3361 374 3422 miam
405 3360 514 3439 ipsius,
550 3359 582 3419 id
615 3363 661 3418 est
695 3355 940 3433 incarcerationes,
977 3375 1046 3436 quea
1095 3375 1168 3418 rum
1187 3357 1303 3435 spatiis.
1323 3359 1512 3438 «Propterea
1534 3360 1631 3435 enim,
1655 3360 1762 3439 inquit
1786 3362 1865 3422 liar·

277 3452 418 3513 videlieet
432 3451 511 3512 nihil
530 3449 576 3511 illi
588 3449 681 3510 fuisse
701 3449 768 3508 uisa
789 3455 835 3509 est
852 3448 949 3524 aliud,
965 3466 1045 3528 prae·
1096 3449 1203 3523 cellus,
1234 3450 1314 3510 Deus
1329 3450 1524 3528 omnipotens
1536 3451 1686 3512 Dominus
1699 3451 1864 3513 illidixisse

278 3550 421 3625 terquam
441 3542 619 3622 temporalis
641 3541 785 3621 quaedum
799 3539 1042 3615 administrati03
1094 3541 1228 3616 videtur,
1257 3539 1372 3602 Sedes
1397 3538 1511 3602 electris
1534 3542 1618 3616 meis,
1645 3540 1735 3604 donec
1757 3562 1864 3623 ponam

277 3655 339 3716 qua
351 3635 540 3715 perfunctus,
551 3634 637 3694 velut
649 3639 735 3694 actor
744 3632 868 3705 fabulae,
880 3650 1044 3711 personam
1096 3631 1227 3693 immicos
1240 3640 1302 3693 teos
1329 3631 1488 3693 scabellum
1504 3632 1614 3714 pedum
1628 3633 1786 3711 tuorum⁸3
1811 3634 1865 3696 nbi

277 3726 426 3807 posuerit.
442 3727 528 3786 ilaue
547 3716 683 3786 Marcelli
700 3724 886 3786 sententiam
904 3730 1045 3784 aestuale
1095 3722 1160 3783 sola
1180 3722 1350 3784 eiiieientIa.
1378 3729 1506 3803 propter
1530 3727 1702 3786 humanam
1727 3745 1862 3803 earnem,

277 3836 419 3898 proceres
439 3817 604 3877 drianismi
623 3816 792 3877 orientales
811 3814 945 3894 episcopi
960 3833 1044 3875 eom·
1094 3814 1184 3875 illum
1206 3832 1349 3894 separare
1374 3815 1516 3876 uidetur:
1543 3822 1584 3885 et,
1601 3822 1637 3877 ut
1661 3818 1783 3879 dictum
1806 3825 1862 3890 est,

277 3910 361 3990 pleri
369 3917 442 3970 sunt
453 3910 487 3969 iu
501 3909 635 3989 quadam
643 3907 716 3969 fidei
727 3908 872 3982 formula,
884 3924 979 3986 quam
991 3925 1047 3985 per
1095 3914 1215 3967 eertum
1249 3907 1277 3967 ei
1306 3912 1429 3987 tempus
1461 3908 1604 3968 sessionis
1631 3908 1670 3969 ad
1704 3909 1864 3971 dexteram

277 3999 727 4062 EudoxiumGermanicensem
737 3999 913 4077 episcopum
922 3997 1047 4059 illarum
1095 3996 1276 4059 definiensl.
1292 4018 1308 4057 r
1325 4000 1370 4060 Ae
1383 3997 1505 4078 subjicit
1517 3999 1576 4060 alia
1589 4000 1760 4080 Scripturas
1772 4002 1838 4061 loca
1853 4046 1862 4076 ,

278 4093 415 4173 partium
429 4093 571 4154 columen
579 4091 617 4152 ad
629 4091 720 4152 italos
731 4090 892 4167 miserunt,
907 4095 942 4149 ut
951 4091 1048 4151 refert
1095 4090 1208 4169 quibus
1222 4090 1331 4151 eadem
1345 4091 1435 4165 regni
1451 4091 1697 4171 circumscriptio
1722 4094 1864 4155 demens

281 4186 421 4246 Socrates
429 4184 450 4245 ².
467 4185 513 4244 Ex
525 4183 734 4263 quablareelli
745 4180 888 4242 haeresim
902 4181 977 4242 libet
988 4182 1046 4244 hoe
1095 4183 1171 4243 trari
1201 4181 1343 4258 videtur,
1381 4187 1418 4242 ut
1449 4184 1589 4245 Actorum
1628 4184 1733 4245 tertio.
1773 4185 1862 4259 onera

315 4400 337 4442 a
355 4383 509 4442 orientales
531 4382 604 4454 apud
628 4384 770 4441 Socrulem
788 4403 794 4439 :
811 4382 999 4455 Βδελνοοόρεθα
1020 4381 1047 4436 δέ
1096 4381 1139 4450 τὴν
1151 4382 1298 4438 συντέλειαν.
1313 4383 1451 4456 καθαρίοιν.
1467 4388 1576 4439 τοιοῦτοι
1587 4382 1613 4438 δέ
1628 4383 1686 4438 είοὶν
1702 4384 1728 4439 oi
1738 4384 1865 4456 tabidas·

279 4469 339 4541 πρὸς
360 4467 464 4531 τούτοις,
478 4466 520 4520 καί
540 4465 748 4538 ἂναθεματιζορεν
768 4467 810 4520 καθ
832 4465 888 4527 robe
911 4466 987 4536 λόγον
1003 4463 1046 4537 μέν
1096 4466 1195 4530 κέλλοο,
1218 4465 1259 4519 καί
1283 4467 1411 4520 detersos
1434 4472 1484 4521 τῶν
1516 4466 1746 4540 ’Λγτορογαλατῶν,
1768 4469 1793 4522 οἳ
1819 4466 1864 4534 τὴν

281 4553 355 4622 μόνον
371 4549 443 4604 αθτδν
455 4556 497 4605 τοῦ
508 4550 563 4603 θεοῦ
576 4549 658 4621 ψιλὸν,
672 4548 713 4601 καί
728 4547 879 4621 ἀνύπαρκτον
893 4544 1048 4609 έιτιπλάοτως
1096 4550 1245 4621 τροαιώνιον
1256 4546 1355 4621 θιταρξίν
1367 4567 1404 4613 τε,
1414 4551 1455 4602 rel
1464 4551 1568 4617 θείτητα
1583 4554 1627 4604 coti
1640 4551 1757 4622 Χριστοῦ,
1765 4550 1806 4604 rai
1819 4548 1863 4617 τίςτ

280 4633 423 4697 καλοῦντας,
440 4631 464 4685 ἐν
487 4631 562 4704 έτέριρ
580 4631 610 4685 ab
633 4625 694 4685 τίνοι
709 4629 809 4703 έχοντα·
834 4634 876 4684 νῦν
899 4628 942 4701 μέν
967 4628 1003 4690 ὡς
1017 4627 1048 4682 τδ
1096 4629 1254 4699 teristratos
1268 4629 1343 4685 αθτοῦ
1355 4631 1479 4702 βασιλείαν
1493 4631 1588 4704 ὁμοίως
1596 4631 1732 4687 ἇθιτοΰσιν.

280 4714 426 4788 προρορικδν
435 4715 569 4786 λεγόμενον
582 4713 630 4768 barb
645 4719 729 4767 τινῶν·
744 4717 786 4765 νῦν
802 4711 839 4776 δέ,
854 4712 889 4773 ὣς
901 4710 931 4765 rb
944 4709 1047 4764 ένδιάθι·
1133 4713 1265 4770 bilustri.
1280 4712 1329 4770 lib.
1346 4714 1383 4770 ίίί
1405 4713 1443 4771 de
1460 4713 1571 4770 Eccles.
1596 4713 1691 4771 Theoi.
1719 4731 1778 4786 top.
1803 4730 1861 4772 xtu.

281 4815 334 4851 τον.
350 4798 456 4869 Χριστδν
471 4796 498 4850 at
512 4797 585 4851 crisos
601 4797 642 4849 καὶ
656 4795 748 4867 κθριον,
764 4798 822 4867 (τοῦ
835 4789 907 4863 θεοῦ)
921 4795 961 4847 arri
976 4793 1045 4865 ριοί-
1097 4794 1143 4848 Διὰ
1155 4800 1229 4850 τοῦτο
1242 4796 1290 4869 γάρ
1304 4815 1346 4868 ριοι
1358 4797 1430 4850 δοιιιῖ
1443 4796 1507 4849 aeli
1519 4798 1696 4870 παντοκράτωρ
1704 4797 1863 4863 hebetent·

281 4898 335 4948 την,
345 4881 386 4933 καθ
401 4878 482 4933 sirice
492 4884 535 4933 τοῦ
548 4881 604 4933 θεοῦ
620 4877 653 4951 μὴ
671 4873 733 4931 εἶναι
746 4878 794 4951 τρδ
809 4877 905 4930 αἰώνων
922 4877 1044 4937 θέλοντας·
1096 4896 1139 4945 της
1152 4878 1212 4949 πρδς
1226 4877 1300 4933 atate
1312 4878 1401 4950 λέγειν·
1412 4878 1485 4932 κάθου
1498 4876 1525 4932 lx
1533 4877 1617 4941 δεξιῶν
1628 4884 1686 4952 poi,
1698 4881 1745 4941 ἕως
1755 4882 1792 4933 θῶ
1805 4882 1863 4940 tois<

282 4962 339 5016 ἀλλ’
352 4962 435 5017 έιιτοτε
444 4963 550 5034 Χριοτδν
561 4960 633 5016 αθτθν
647 4962 783 5034 γεγονέναι,
799 4962 841 5014 sal
854 4960 906 5013 οίδν
923 4964 965 5013 τοῦ
979 4954 1045 5028 θεοῦ,
1095 4957 1196 5032 ἐχθρούς
1218 4981 1263 5014 σου
1280 4960 1414 5015 θποτόδιον
1427 4966 1478 5014 τῶν
1491 4962 1576 5014 ποδῶν
1590 4980 1644 5016 ooo·
1668 4960 1772 5034 ἐνεργείᾳ
1785 4963 1861 5033 μόνῃ,

282 5042 306 5107 έξ
319 5040 349 5100 οὗ
358 5045 401 5114 τὴν
415 5045 533 5118 ἡμετέραν
548 5043 574 5097 έιι
590 5048 633 5110 τῆς
646 5044 763 5115 παρθένον
776 5044 855 5117 οάριιοι
868 5042 981 5113 ἀνείληφε
999 5041 1047 5113 πρὸ
1095 5040 1136 5093 διὰ
1149 5041 1194 5109 τὴν
1211 5041 1363 5115 ἀνθρωπίνην
1379 5043 1468 5114 σάρκα,
1482 5043 1596 5116 χωρίζειν
1609 5042 1682 5098 αθτδν
1698 5046 1788 5108 δοκῶν,
1809 5045 1861 5108 ui,

282 5125 443 5197 τετρακοσίων
457 5125 523 5178 δλων
538 5122 609 5178 έτῶν.
626 5123 710 5177 ἔκτοτε
720 5123 768 5195 γὰρ
787 5123 829 5177 ebs
848 5122 953 5194 Χριοτδν
969 5119 1046 5193 ἀρχὴν
1095 5123 1178 5195 ὥσπερ
1192 5122 1296 5197 εἴρηται,
1311 5123 1366 5179 τινὰ
1387 5125 1478 5199 γρίνον
1496 5124 1586 5197 ὁρίζων
1610 5124 1678 5197 aicit»
1691 5128 1733 5193 τῆς
1754 5124 1780 5178 έν
1795 5126 1862 5192 δεξιᾷ

282 5203 405 5278 βασιλείας
415 5206 542 5280 tepentem
553 5207 660 5272 θέλουσι,
673 5207 715 5258 καί
728 5207 797 5268 τέλος
814 5202 874 5268 έξειν
895 5204 969 5272 αὑτὴν
987 5202 1049 5276 μετὰ
1095 5204 1218 5277 καθέδρας.

311 5391 378 5449 ίςίθ
389 5396 410 5436 τι
421 5401 468 5446 seq.
479 5412 507 5425 -
519 5390 640 5435 tsoerrtes
656 5389 695 5434 lib.
708 5388 728 5433 11
735 5400 784 5445 erp.
795 5400 839 5435 ιιι.
854 5389 899 5435 -8
909 5389 969 5435 Prot.
982 5399 1024 5433 err.
