3990 6130
542 296 596 358 ne
618 296 914 376 tucaauauoun,
937 299 1011 362 ue
1035 301 1102 378 vn,
1124 301 1207 363 aar.
1230 300 1270 360 11.
1638 295 1696 356 nr

109 458 236 540 opinata
263 463 426 541 quemad
453 462 621 527 Paulinum
648 462 879 525 Antiochenam
931 466 1092 529 divinitate
1105 472 1211 528 tamen
1229 465 1345 527 mansit
1360 481 1454 545 super
1472 461 1578 524 omum
1594 461 1698 540 singu·

110 550 292 634 episcopum
315 555 566 618 Thessalonicam
589 556 734 637 scripsit:
761 556 880 617 ohne·
930 557 1015 633 laris,
1030 579 1046 617 n
1063 578 1158 639 quem
1170 560 1277 621 locum
1292 557 1365 619 citat
1379 555 1554 617 Hadrianus
1565 556 1651 634 Papa
1664 553 1697 614 in

111 644 348 708 thematizamus
375 649 469 710 etiam
491 666 556 726 eoa,
584 642 696 729 inquil,
722 648 776 728 qui
803 648 882 709 duas
932 649 1061 731 epistola
1073 651 1115 712 ad
1125 651 1292 732 Episcopus
1304 648 1462 729 Hispania
1474 644 1496 708 ⁸.

111 735 184 798 illios
200 755 274 799 esse
290 740 477 817 profitentur
492 758 500 802 ε
515 758 616 803 unum
629 746 703 802 ante
716 740 836 815 secula,
852 744 883 800 et
972 743 1023 804 Vl.
1049 743 1110 805 Sed
1124 748 1196 804 ante
1207 742 1391 817 Gregorium
1406 758 1496 820 paene
1508 737 1587 800 mihi
1605 737 1700 817 elapsi

112 828 203 890 rhum
211 831 879 915 postumuassumptioaemcxvnginec»
932 834 995 895 duo
1015 834 1279 906 commemorandi
1299 838 1382 909 sunt,
1404 831 1458 912 qui
1482 830 1565 891 idem
1578 830 1616 891 de
1635 848 1699 890 uno

112 921 153 982 lta
165 922 325 985 &marm
334 941 373 985 ex
386 925 550 1006 Epiphanii
563 924 740 986 scholastici
756 922 881 1004 Tripar·
932 926 1008 987 Filio
1027 929 1280 1008 pronuntiarunt.
1302 926 1422 985 Horum
1441 923 1527 1005 prior
1548 928 1593 983 est
1613 922 1700 983 Gela-

113 1015 169 1074 rita
180 1013 269 1076 libro
282 1033 380 1094 nono,
396 1019 495 1099 capite
507 1035 573 1080 xvi.
588 1018 688 1092 Quem
700 1015 882 1077 anathema·
931 1017 1010 1093 sius;
1026 1020 1124 1099 quiin
1138 1019 1217 1081 libra
1231 1017 1265 1079 de
1279 1016 1390 1079 duddan
1400 1015 1530 1091 naturis,
1546 1015 1606 1075 hoc
1619 1032 1700 1076 acer·

112 1106 239 1169 timum
262 1108 389 1171 Damasi
401 1109 496 1172 refert
515 1108 672 1173 Arnohius
684 1109 719 1169 in
732 1106 882 1190 Conflictu
931 1110 1012 1172 nme
1032 1112 1201 1184 contendit,
1221 1109 1328 1172 ambas
1345 1109 1387 1170 sic
1405 1108 1440 1169 iu
1453 1107 1573 1170 Christo
1587 1124 1699 1168 conve·

112 1215 171 1259 run
182 1196 354 1281 saraptana
370 1220 378 1263 ι
393 1206 425 1263 et
436 1202 568 1263 alterum
577 1199 652 1262 huic
661 1199 795 1263 similem
808 1198 883 1261 suh-
933 1202 1014 1264 nisse
1030 1209 1168 1279 naturas,
1190 1209 1225 1264 ut
1238 1220 1296 1263 nea
1315 1202 1397 1262 inter
1412 1218 1445 1260 se
1468 1198 1699 1273 consueuerint,

109 1288 212 1370 jungit
226 1309 271 1354 ex
284 1292 347 1354 alia
359 1293 488 1375 epistola
500 1291 541 1354 ad
560 1291 728 1354 Paulinam
745 1310 753 1354 t
768 1293 822 1372 qui
837 1298 883 1354 est
933 1298 965 1355 et
977 1312 1060 1355 unus
1074 1312 1110 1357 ex
1123 1294 1185 1356 illis
1199 1294 1311 1356 existat
1322 1294 1403 1353 Deus
1416 1291 1532 1372 pariter
1550 1295 1581 1352 et
1592 1290 1699 1366 homo,
1759 1313 1762 1318 ·

112 1380 295 1461 hujusmodi
323 1403 331 1446 :
366 1385 712 1447 ‹Anathematizamus
735 1401 801 1460 eos,
828 1382 885 1464 qui
933 1404 969 1447 aa
1001 1387 1054 1447 llei
1083 1386 1282 1465 hominisque
1315 1384 1422 1445 Filius.
1446 1402 1462 1441 a
1488 1383 1538 1444 Sia
1565 1382 1702 1444 hominis

113 1473 186 1536 dnos
209 1476 248 1536 in
269 1475 429 1538 salvatore
452 1477 533 1538 lilios
552 1475 759 1550 confitentur;
783 1492 884 1536 unum
934 1478 1061 1555 Filium,
1090 1476 1162 1553 aitl,
1185 1498 1203 1539 a
1223 1477 1339 1539 dextris
1366 1481 1499 1538 stantem
1524 1475 1590 1549 Ilei,
1610 1475 1701 1536 heato

113 1572 180 1631 autc
193 1566 457 1644 incarnationem,
477 1573 510 1629 et
529 1568 626 1629 alium
648 1572 717 1647 post
738 1584 881 1647 assump-
936 1571 1093 1652 Stephano
1120 1576 1258 1650 martyre
1278 1568 1462 1631 testificante
1482 1572 1699 1646 conspectum:

113 1664 172 1720 tarn
185 1677 319 1721 carnem
333 1678 372 1721 ex
384 1660 522 1740 Virgine,
544 1665 576 1722 et
589 1676 654 1720 non
667 1658 812 1720 eumdem
826 1657 882 1720 Dei
934 1663 978 1724 sic
999 1662 1033 1723 in
1060 1662 1234 1724 celestibus
1261 1662 1463 1723 constitutum
1487 1658 1577 1719 beato
1607 1658 1702 1719 Paulo

114 1750 223 1828 liliam,
239 1756 391 1825 stantes,
407 1756 570 1833 etpostea,
585 1751 688 1832 ipsum
702 1769 767 1812 esse
779 1749 883 1811 Chris-
934 1754 1121 1834 praedicante
1141 1755 1320 1830 monstrari,
1345 1772 1418 1816 cum
1436 1752 1498 1827 ait;
1529 1749 1568 1813 In
1581 1769 1638 1832 quo
1653 1750 1704 1812 la·

115 1849 177 1904 tum
194 1860 312 1905 rerum
326 1845 380 1906 Dei
390 1844 502 1922 filium,
517 1843 574 1926 qui
591 1847 683 1905 natus
698 1848 794 1905 estex
807 1841 882 1903 Vir·
935 1845 1010 1906 ditat
1023 1846 1116 1907 omnia
1128 1845 1281 1927 plenitudo
1302 1844 1472 1907 diuinitatis
1487 1843 1702 1923 corporaliter:

115 1935 194 2015 gine,
208 1935 412 1998 confitentru.
427 1958 443 1995 u
934 1937 978 1998 sic
991 1939 1065 2000 inde
1082 1939 1232 2000 veraciter
1250 1940 1353 1999 Deum
1371 1936 1507 1999 hominis
1527 1935 1641 1997 Filium
1654 1953 1702 1996 se·

149 2028 216 2090 Lao
229 2029 364 2107 Magnus
375 2028 410 2090 in
423 2027 535 2091 celebri
552 2027 593 2091 od
605 2026 785 2090 Flaccorum
805 2026 884 2107 epis·
935 2030 1061 2091 dentem
1074 2030 1107 2091 iu
1128 2030 1266 2091 nubibus
1280 2029 1361 2105 eceli,
1380 2034 1549 2090 venturum
1562 2028 1602 2088 ad
1620 2026 1704 2106 judi-

116 2118 182 2196 tcla,
211 2121 315 2200 capite
342 2120 462 2201 quinto,
487 2121 558 2183 ideo
581 2121 694 2182 dixisse
715 2118 884 2181 Dominum
935 2122 1049 2184 candos
1071 2123 1168 2200 vivos,
1190 2128 1221 2184 et
1242 2126 1393 2182 mortuos.
1417 2120 1535 2194 Quibus
1558 2119 1705 2180 omnihus

117 2212 166 2287 ait,
198 2211 305 2274 Videte
325 2230 432 2275 manua
454 2211 561 2289 meod,
588 2221 617 2274 et
630 2210 716 2294 pedes
736 2212 809 2292 qaia
833 2229 884 2292 epo
934 2214 1117 2276 testimoniis
1156 2212 1404 2276 manifestissime
1442 2211 1635 2285 declaratur,
1670 2212 1704 2272 in

116 2321 198 2365 aaa:
217 2309 264 2378 et,
282 2303 422 2384 Palpate,
435 2313 464 2367 et
479 2303 586 2380 oidete;
601 2303 810 2386 qumapt'titua
820 2321 885 2364 car-
935 2305 1074 2386 utrisque
1097 2306 1228 2381 naturis,
1256 2324 1294 2368 ex
1318 2305 1442 2385 quibus,
1466 2304 1515 2365 vel
1536 2303 1703 2384 inquibus

117 2414 176 2456 aem
189 2403 220 2457 et
233 2414 300 2457 oasa
312 2415 371 2458 non
384 2395 481 2467 halet,
497 2396 574 2458 n'cut
585 2414 632 2457 me
644 2395 750 2457 uidetis
763 2393 882 2470 laborm
935 2404 1114 2478 conceptus,
1130 2398 1240 2475 editus,
1256 2398 1401 2466 nutritus,
1416 2403 1447 2458 et
1461 2403 1657 2459 conversatus
1669 2397 1704 2459 iu

118 2493 150 2549 nt
161 2494 386 2567 agnosceretur
400 2488 435 2549 in
449 2506 486 2550 eo
508 2488 680 2569 proprietas
701 2487 814 2548 divinae
825 2486 886 2548 hu·
935 2490 1054 2551 mundo
1075 2497 1131 2566 est,
1159 2496 1190 2552 et
1215 2491 1352 2552 elevatus
1375 2490 1415 2551 ad
1440 2489 1566 2567 coelum,
1588 2508 1701 2559 unum,

116 2597 278 2660 mamque
299 2586 421 2643 naturae
443 2579 604 2642 individua
624 2595 826 2660 permanere;
855 2585 886 2641 ct
935 2587 1028 2662 atque
1062 2582 1207 2644 eumdem
1239 2600 1366 2643 manare
1400 2581 1568 2643 Dominum
1594 2582 1704 2644 lesum

117 2672 157 2733 ita
179 2673 345 2750 adrentus,
370 2672 509 2734 Verbum
534 2673 593 2734 hoc
616 2688 681 2732 non
709 2689 785 2745 esse,
801 2672 886 2751 quod
936 2674 1230 2754 christumquia
1250 2679 1382 2754 utroque
1398 2692 1480 2735 unus
1503 2680 1596 2753 atque
1620 2674 1704 2736 idem

118 2782 239 2826 carnem
255 2783 264 2825 t
281 2770 312 2825 et
326 2771 363 2826 ut
376 2783 477 2827 unum
501 2765 556 2826 Dei
576 2764 690 2825 Filium
703 2769 735 2825 et
746 2763 886 2825 Verbum
933 2765 1084 2828 veraciter
1097 2767 1179 2827 Deus
1191 2766 1298 2840 homo,
1317 2771 1348 2826 et
1363 2766 1459 2826 homo
1479 2766 1563 2826 Dans
1576 2783 1704 2827 manere

119 2856 335 2919 confiteremur
349 2863 559 2919 etcarnemm
936 2876 1001 2919 non
1023 2858 1129 2937 possit,
1151 2858 1212 2918 uisi
1230 2863 1361 2937 utraque
1383 2861 1506 2934 natarra,
1531 2857 1565 2917 in
1587 2876 1650 2937 qua
1672 2858 1703 2919 id

154 2949 191 3009 Et
203 2948 307 3028 eapite
321 2955 432 3027 quarto
446 2949 584 3029 ejusdem
600 2946 749 3027 epistole,
768 2969 784 3005 a
799 2948 886 3009 Unus
934 2962 1107 3032 permanet,
1134 2950 1284 3011 veraciter
1306 2953 1521 3030 permaneret:
1545 2954 1582 3009 ut
1594 2948 1703 3013 iisdem

119 3039 211 3114 emm,
227 3041 375 3121 idemque
389 3047 448 3113 ast,
463 3042 517 3115 ait,
533 3040 617 3121 quod
630 3057 711 3120 saepe
721 3039 886 3101 dicandum
936 3043 1056 3104 naturis
1073 3042 1224 3103 veraciter
1236 3039 1509 3122 permanentibus,
1525 3058 1565 3101 er
1578 3040 1702 3120 quihus,

118 3138 170 3210 est,
182 3150 259 3194 vere
278 3134 334 3195 llei
348 3133 459 3210 Filius,
472 3140 503 3195 et
515 3150 587 3194 vera
600 3131 737 3195 hominis
757 3131 882 3193 lilius.»
936 3134 986 3196 vel
1003 3135 1037 3195 in
1057 3134 1169 3212 quihus
1189 3152 1281 3211 unus,
1301 3139 1394 3213 atque
1407 3133 1491 3194 idem
1503 3150 1596 3194 verus
1608 3133 1704 3194 homo

119 3223 175 3284 Sed
199 3231 233 3286 et
257 3225 455 3305 Epmoemius
476 3224 686 3287 hnumhenus
708 3224 887 3285 Patriarcha
937 3227 1028 3297 Dens,
1039 3232 1071 3289 et
1082 3229 1163 3288 Deus
1171 3227 1267 3287 homo
1275 3243 1369 3287 verus
1378 3224 1481 3286 existit
1489 3224 1573 3286 idem
1582 3243 1705 3305 semper

117 3316 199 3377 lesda
209 3323 266 3393 est,
279 3317 420 3379 Leonem
436 3317 470 3377 in
483 3314 619 3397 epistolis
633 3313 674 3376 od
687 3314 884 3392 Flavianum,
935 3317 1031 3380 homo
1053 3319 1133 3380 Deus
1153 3337 1256 3396 verris,
1277 3323 1309 3379 et
1328 3318 1411 3379 Deus
1427 3317 1522 3379 homo
1534 3336 1627 3381 verus
1638 3319 1704 3400 ipse

119 3413 149 3469 ct
159 3407 199 3471 ad
209 3409 334 3472 &mem
346 3408 523 3489 Anpnaum,
537 3406 703 3483 affirmare,
715 3408 886 3469 aeumdem
936 3417 1126 3492 permaneat.
1144 3431 1160 3470 n

120 3516 180 3563 erae
193 3501 308 3563 Filium
326 3501 393 3575 Dei,
409 3516 442 3563 et
458 3500 572 3562 Filium
584 3497 753 3561 hominist.
768 3526 782 3555 ι
977 3503 1064 3564 Alter
1077 3508 1123 3564 est
1135 3503 1278 3582 Pelagius
1291 3501 1411 3582 primus
1428 3499 1462 3562 in
1482 3500 1613 3581 epistola
1635 3520 1702 3579 xvi,

157 3593 322 3669 Gregorius
342 3593 384 3654 M.
412 3592 492 3653 lihro
512 3592 616 3653 XVlIl
640 3589 820 3669 Moralium,
841 3610 888 3654 ca·
939 3591 979 3657 ad
992 3593 1218 3658 Childedrrlum
1241 3592 1430 3654 Francorum
1453 3592 1573 3675 Repcrn,
1594 3594 1627 3655 in
1642 3613 1704 3674 qua

121 3686 181 3765 pite
194 3685 319 3748 xxmr'.
336 3685 505 3761 Christum,
526 3702 589 3764 qua
603 3682 700 3744 hamo
720 3689 778 3757 est,
793 3690 889 3763 negat
938 3685 1011 3748 fidei
1037 3705 1101 3747 sura
1128 3685 1348 3767 professionem
1378 3685 1483 3746 edidit.
1514 3706 1530 3743 a
1557 3686 1611 3746 Est
1630 3704 1705 3766 ergo

122 3778 227 3853 matie,
241 3777 291 3838 rel
305 3776 474 3856 adoptione
487 3793 551 3837 ease
565 3776 620 3837 Dei
634 3775 746 3853 lilium,
761 3781 793 3836 et
805 3776 837 3837 in
850 3794 888 3837 ao
939 3797 1042 3848 unus,
1070 3779 1191 3859 iuquit,
1216 3784 1308 3858 atque
1336 3777 1418 3838 idem
1450 3777 1586 3838 Christus
1613 3797 1705 3840 verus

122 3869 290 3949 plmimam
303 3869 424 3930 caeteris
437 3869 550 3929 distare
569 3867 758 3941 hominihus,
783 3873 815 3930 et
832 3887 887 3929 an-
938 3869 1034 3932 Filius
1047 3870 1113 3945 Dei,
1126 3877 1158 3931 et
1173 3870 1256 3933 idem
1268 3871 1334 3950 ipsc
1350 3887 1443 3933 varus
1459 3869 1543 3930 filins
1556 3870 1704 3948 hominis,

122 3961 258 4023 teoaherc
279 3961 382 4023 docet.
403 3981 419 4019 a
439 3959 531 4021 aliud
554 3964 600 4020 est
621 3960 706 4020 enim
729 3965 819 4021 natas
831 3960 890 4020 ho·
939 3962 1091 4043 perfectus
1104 3962 1138 4023 in
1150 3963 1275 4040 deitate,
1290 3968 1321 4023 et
1333 3963 1417 4023 idem
1431 3962 1495 4040 ipse
1508 3962 1660 4042 perfectus
1673 3965 1706 4024 in

122 4053 220 4114 mines
243 4053 380 4132 gratiam
410 4050 586 4127 adoptionis
613 4051 772 4130 accipere3
805 4050 890 4113 aliud
939 4053 1150 4132 humanitate,
1170 4059 1227 4135 etc.
1255 4059 1297 4116 hc
1319 4059 1493 4135 propterea,
1522 4055 1600 4114 sicut
1624 4071 1707 4135 saepe

123 4161 220 4205 uuum
236 4143 438 4222 singulariter
454 4159 511 4222 per
530 4141 698 4203 divinitatis
719 4142 891 4221 potentiam
939 4145 1087 4223 diximus,
1110 4165 1222 4223 unum,
1243 4147 1449 4226 eumdemque
1469 4145 1624 4207 Christum
1642 4164 1707 4208 esse

124 4235 219 4297 mum
239 4253 279 4297 ex
303 4235 371 4315 ipsa
395 4238 550 4313 conceptu
573 4233 735 4313 prodiisse.
759 4254 775 4293 n
799 4235 838 4295 Et
856 4234 890 4297 in
939 4251 1049 4294 verum
1068 4234 1181 4296 Filium
1196 4236 1260 4309 Dei,
1279 4242 1309 4297 et
1323 4236 1468 4296 eumdem
1481 4235 1584 4315 ipsum
1597 4253 1707 4296 verum

124 4328 221 4406 primo
230 4327 373 4406 ejusdem
383 4324 487 4405 operis
496 4324 593 4404 capite
604 4323 722 4402 sexlo⁸,
739 4326 889 4400 «amnes,
940 4324 1041 4387 filium
1055 4327 1190 4387 hominis
1205 4327 1401 4388 confitemur.
1416 4347 1432 4385 n

125 4420 223 4498 inquit
238 4420 279 4481 de
303 4417 426 4480 Christo
449 4416 591 4496 loquens,
617 4416 671 4496 qui
689 4416 723 4477 in
741 4416 801 4479 ilde
828 4419 891 4479 Deo
981 4418 1037 4478 His
1055 4420 1309 4489 annumerandus
1331 4425 1377 4479 est
1399 4419 1576 4479 Hadrianus
1597 4420 1708 4499 Papa;

126 4518 313 4586 nmcantnr,
341 4515 487 4589 superam
515 4508 588 4587 qiua
614 4525 678 4569 non
705 4513 741 4569 ut
765 4514 892 4571 casuros
942 4512 1029 4588 cujus
1049 4510 1143 4589 legati
1164 4511 1295 4573 concilio
1319 4509 1589 4571 Franccfordiensi
1613 4512 1712 4572 inter·

127 4602 257 4682 adoptio,
273 4600 329 4663 sed
344 4604 457 4660 natura
470 4598 561 4660 illum
575 4598 889 4676 divimtatisexalta13
941 4601 1089 4678 fuerunt3
1105 4609 1266 4684 exsulque
1280 4603 1365 4663 illius
1377 4600 1557 4682 epistolaad
1568 4603 1714 4684 episcopos

127 4695 181 4774 qni
193 4696 246 4758 atsi
257 4693 455 4766 humanitate
477 4691 596 4754 caeteris
613 4692 756 4773 apparuit
773 4693 892 4771 similis,
945 4693 1080 4759 Gallina
1090 4693 1113 4769 ⁸,
1131 4702 1159 4758 et
1173 4694 1389 4776 Hispaniarum
1402 4691 1439 4754 dc
1451 4712 1551 4756 errore
1563 4694 1596 4758 E
1597 4693 1715 4778 lr'pandi

129 4876 291 4952 basupha.
303 4874 334 4931 ol
352 4876 398 4929 clo
410 4875 469 4948 alal,
485 4868 521 4938 εἴς
535 4875 577 4948 μέν
589 4875 686 4948 γνήσιος
698 4874 750 4938 υἱὸς
764 4875 894 4929 ἇναλαὸὼν
944 4879 988 4932 ἕνα
1002 4880 1050 4952 aph
1063 4886 1113 4934 τῶν
1126 4878 1234 4942 αἰώνων,
1248 4877 1289 4932 καὶ
1302 4878 1378 4932 ἄλλον
1393 4876 1456 4951 prr&
1469 4877 1513 4946 τὴν
1527 4883 1571 4948 τῆς
1584 4879 1672 4953 σαρκὸς
1687 4877 1714 4934 ἔκ

130 4960 261 5032 Mpunav.
277 4960 361 5032 ἔτερος
382 4958 409 5012 δὲ
422 4958 509 5027 θνητὸς
533 4958 669 5032 ἅνθρωπος,
689 4957 834 5030 ἀναληφθεὶς
847 4957 894 5013 tat
943 4962 1042 5034 Μαρίας
1055 4961 1184 5034 ἀνάληψιν.

129 5042 258 5099 taanlll’
274 5037 310 5106 εἷς
323 5040 457 5115 μονογενὴς
473 5039 498 5095 ἓν
512 5040 618 5116 alpert),
639 5040 773 5116 μονογενὴς
785 5040 824 5096 lat
838 5046 893 5115 γῆς,
979 5050 993 5101 h
1011 5046 1138 5102 Errare.
1162 5047 1235 5117 apud
1260 5045 1340 5103 Phot.
1364 5044 1426 5103 cod.
1450 5062 1578 5103 ccxrun.
1598 5045 1656 5102 Ὅτι
1669 5049 1712 5102 τόν

4 5152 5 5155 =
130 5125 193 5190 laha
943 5125 1017 5181 αὐτὸν
1026 5128 1078 5182 nihi
1092 5125 1137 5183 τοῖν
1146 5129 1212 5197 θεοῦ,
1226 5130 1267 5183 καὶ
1283 5129 1380 5199 ἀληθῶς
1391 5129 1442 5184 υἱὸν
1457 5128 1586 5203 ἀνθρώπου
1600 5130 1711 5201 γενέσθαι

166 5224 188 5264 a
205 5210 300 5265 Dama.
312 5207 388 5279 apud
403 5207 568 5264 Theodoret.
583 5207 632 5264 lib.
648 5209 682 5273 V,
694 5224 755 5279 cap.
770 5225 798 5265 x.
825 5207 896 5261 Ἀνα-
944 5212 1126 5284 mamedune
1139 5211 1306 5287 ἀνωιηρύττιι.

130 5290 286 5364 θωρήξομεν
304 5290 346 5346 nal
362 5293 419 5356 τὼς
434 5289 478 5345 δύο
499 5285 562 5346 εἶναι
582 5290 650 5353 uiola
669 5291 893 5364 δΐσχνριζομίνονς,

160 5451 171 5496 l
187 5450 349 5497 mma-h
360 5449 407 5498 Col.
419 5449 497 5499 lih-
507 5452 521 5496 8
532 5450 557 5497 ln
570 5450 616 5498 flua
627 5451 698 5498 c.-l
712 5448 772 5497 Tun.
781 5450 810 5497 Vl
822 5450 942 5496 (lone-d
955 5451 1001 5497 Gal.
1017 5459 1033 5496 t.
1043 5451 1071 5496 w
1080 5452 1189 5498 snt-n
1202 5452 1263 5498 Tam.
1276 5451 1304 5495 Vl
1310 5451 1379 5499 Cana.
