3990 6130
503 247 553 311 nn
573 245 887 323 reclamamus,
908 245 983 306 ara.
999 230 1067 323 ur,
1091 243 1177 307 aar.
1199 246 1237 307 x.
1594 252 1650 312 ιιι

117 413 272 493 Gregorius
297 414 455 495 Nyssenus
474 412 701 475 aTheodoreta
723 413 835 473 citatus
885 411 988 473 maula
1007 411 1136 473 indutus
1156 417 1212 489 ast,
1233 412 1300 473 sine
1317 412 1382 474 ullo
1396 413 1510 474 damno
1524 414 1652 494 integri-

85 507 234 586 indialogo
247 506 363 586 primo,
382 523 454 567 arim
469 505 523 566 illa
537 505 711 567 Salomonis
728 505 834 584 rerba,
884 502 955 562 tatis
968 508 1116 563 maternae
1130 502 1298 580 egreditar.
1315 522 1330 558 s

85 598 227 681 Sapientia
246 597 409 675 oedr'ficaar't
433 598 495 659 siti
519 596 650 671 damam,
677 598 716 659 de
728 598 837 658 *earnis
924 593 1064 656 Verbum
1078 595 1182 675 itaque
1200 594 1372 654 humanam
1385 599 1542 672 naturam,
1558 613 1654 675 qaam

87 689 686 769 llominiaaestructuraintelligendaasse
700 688 834 764 dixisset,
886 687 1062 767 assumpsit,
1090 688 1135 748 ita
1158 686 1269 766 templi
1294 686 1362 747 loco
1386 686 1505 758 habuit,
1533 694 1569 748 ut
1596 689 1656 748 hoc

88 780 135 839 ista
146 778 283 857 subjicit:
305 780 403 841 aNon
423 778 508 841 enim
528 778 564 838 in
583 778 684 839 alieno
706 777 836 840 aedificio
885 795 991 840 secum
1005 779 1174 841 arctissime
1188 797 1272 839 nexu
1286 796 1321 838 aa
1337 778 1461 839 vincula
1484 778 1654 858 copularet.

90 870 220 932 habitarit
232 889 307 932 uera
320 871 489 952 sapientia:
505 870 558 931 sed
572 870 631 931 sibi
644 869 837 930 domicilium
886 870 986 943 Quam
998 872 1124 949 quidem
1134 872 1327 950 Augustinus
1340 870 1494 950 appellata
1505 871 1657 932 unitatem

91 980 122 1025 ex
137 963 272 1038 virginali
296 981 425 1043 corpore
444 961 678 1023 fabricavit“.o
706 961 838 1041 (tyrillus
889 962 1034 1024 consortii
1056 985 1068 1022 ι
1096 964 1130 1024 in
1152 962 1348 1024 enarratione
1361 962 1479 1024 Psalmi
1498 963 1658 1024 centesimi

90 1056 152 1116 ilem
175 1054 208 1115 in
226 1055 307 1117 libro
333 1052 374 1116 ad
395 1053 582 1116 Theodosium
605 1051 836 1135 Imperatorem
889 1050 1037 1113 tricesimi
1052 1051 1075 1129 ⁸,
1095 1073 1110 1110 a
1124 1071 1186 1132 qua
1197 1051 1350 1131 templum
1365 1050 1459 1113 Verbi
1473 1052 1598 1112 unitum
1612 1057 1658 1114 est

94 1136 175 1208 «Non
196 1146 395 1227 peregrinum
407 1193 416 1222 ,
430 1145 545 1225 inquit,
560 1145 708 1207 amictum
721 1145 840 1206 habens
890 1162 961 1206 cum
972 1143 1117 1205 Verbas

89 1256 198 1301 carnem
224 1258 241 1301 e
266 1245 351 1300 terra
378 1243 535 1318 sumptam
564 1257 571 1297 :
599 1237 653 1298 sed
677 1238 839 1317 proprium
929 1237 989 1297 Leo
1012 1236 1088 1297 item
1108 1239 1190 1317 Papa
1216 1255 1360 1299 sermone
1379 1236 1470 1298 tertio
1493 1235 1528 1298 cle
1546 1236 1659 1300 Natali

90 1329 577 1412 ipsamiauienstemplum,ntquc
589 1329 710 1408 inipso,
722 1337 754 1391 et
767 1346 840 1391 cum
890 1326 1014 1388 Domini
1023 1348 1034 1396 ;
1053 1348 1069 1387 a
1088 1329 1150 1390 Nac
1172 1329 1215 1390 sia
1229 1335 1352 1404 natura,
1374 1329 1485 1409 inquit,
1505 1330 1539 1389 in
1562 1330 1659 1391 socie-

90 1425 146 1501 ipsa
156 1422 303 1502 cognitus,
316 1428 466 1503 tanquam
481 1424 573 1497 Deus,
589 1427 620 1482 et
630 1420 836 1483 Domiuusl.»
889 1426 985 1481 tatem
999 1419 1046 1481 sui
1061 1421 1216 1482 creatoris
1230 1428 1276 1483 est
1289 1428 1458 1501 assumpta,
1481 1428 1517 1482 ut
1536 1422 1588 1484 ille
1606 1423 1661 1484 ha·

91 1516 123 1576 n
132 1515 163 1576 in
178 1515 256 1577 libro
269 1513 311 1577 ad
331 1514 558 1596 Imperatrices,·
573 1534 588 1571 a
603 1514 769 1575 (tradentes
781 1514 841 1577 ita·
890 1512 1013 1587 bitetor,
1030 1519 1061 1574 et
1075 1513 1127 1574 illa
1145 1513 1361 1575 habitaculum
1381 1518 1471 1588 asset,
1492 1515 1545 1576 sed
1563 1514 1608 1575 ita
1627 1519 1661 1575 ut

92 1626 150 1688 qne,
167 1607 218 1684 ait,
233 1607 374 1669 Verbum
396 1623 523 1668 carnem
542 1623 608 1668 esse
628 1605 756 1683 factum,
776 1610 842 1667 non
890 1609 1010 1665 naturae
1030 1604 1118 1665 alteri
1144 1606 1240 1666 altera
1264 1605 1480 1667 misceretur.»
1498 1606 1661 1686 Eleganter

92 1700 245 1761 mantione
266 1700 384 1780 aliqua,
409 1699 461 1760 rel
482 1697 682 1760 conversione
700 1719 707 1759 ι
728 1699 782 1759 sed
805 1717 842 1760 ca
891 1714 1015 1776 quoque
1035 1698 1202 1777 Gregorius
1215 1698 1323 1759 itidem
1337 1697 1453 1777 Papa⁸;
1472 1719 1488 1755 a
1502 1699 1570 1778 Ipse
1584 1718 1660 1760 con-

91 1793 189 1871 patius,
205 1792 289 1872 quod
301 1790 454 1853 habitavit
466 1789 500 1850 in
513 1789 843 1871 nobis,etp1·oprium
892 1788 1009 1863 ditaris,
1029 1789 1083 1864 ait,
1104 1789 1269 1868 templum,
1292 1790 1357 1870 ipse
1377 1790 1518 1851 conditor
1532 1790 1659 1870 templi:

92 1884 227 1965 templum
253 1883 326 1946 lecit
347 1883 474 1944 unitum
500 1882 558 1962 ipsi
585 1900 694 1943 revera
719 1901 842 1962 carpus,
892 1881 958 1961 ipse
993 1886 1100 1941 assertor
1133 1883 1257 1961 operis,
1292 1881 1359 1962 ipse
1394 1900 1472 1960 opus
1505 1883 1658 1959 auctaris3

92 1976 218 2038 rationali
239 1975 347 2037 anima
366 1974 547 2056 preditum,
561 1974 650 2053 pium
675 1978 722 2035 est
742 1975 844 2036 dicere
893 1989 1024 2034 manens
1037 1990 1120 2034 unius
1137 1973 1171 2032 in
1188 1980 1331 2053 utraque,
1351 1979 1382 2034 et
1405 1992 1443 2035 ex
1456 1981 1589 2053 utraque
1602 1993 1662 2035 na-

93 2067 356 2130 dirinumPaulnm
366 2065 688 2128 Verbihabitationcm
698 2066 846 2129 insaucia
894 2067 986 2140 tara3
1003 2083 1060 2126 nec
1077 2071 1262 2127 namuurum
1286 2066 1482 2145 copulatione
1505 2067 1661 2145 confusus,

94 2162 244 2233 carnahoa
254 2166 416 2222 estveram
427 2157 599 2219 unitionem
608 2158 843 2237 significantem,
895 2174 953 2218 nec
966 2162 1149 2217 naturarum
1164 2157 1364 2218 distinctione
1377 2157 1561 2237 geminatus.
1578 2179 1593 2217 n

95 2250 242 2328 affirmare,
257 2252 292 2313 in
305 2252 375 2331 ipso
389 2267 516 2311 amnem
529 2250 755 2330 plenitudinem
767 2251 846 2311 divi·
936 2249 1116 2327 Fulgentius
1128 2248 1160 2308 in
1174 2248 1253 2310 libro
1267 2247 1304 2309 ale
1325 2248 1546 2326 lacerantium,
1568 2250 1666 2330 capite

96 2344 185 2406 nitatis
194 2344 355 2412 habitasse,
368 2360 433 2403 non
445 2341 747 2422 participatione,vel
761 2342 847 2405 habi·
896 2347 1003 2402 sexto:
1023 2362 1039 2399 a
1061 2342 1131 2401 Non
1148 2345 1255 2403 autem
1273 2340 1317 2402 sia
1336 2343 1418 2402 Deus
1442 2342 1592 2417 Verbum,
1610 2343 1664 2420 ait,

96 2436 206 2513 tadine3
223 2437 286 2498 sive
299 2435 436 2515 gratuita
455 2434 596 2514 largitate
612 2435 684 2495 :sed
698 2453 847 2515 corpora·
896 2452 1022 2495 carnem
1047 2434 1185 2515 accepit,
1210 2441 1246 2495 ut
1272 2452 1344 2495 cara
1372 2453 1437 2495 non
1461 2434 1568 2512 fiaret;
1593 2453 1666 2497 eum

96 2526 165 2601 liter,
177 2529 233 2591 boc
244 2534 290 2590 est
301 2526 493 2589 substantive
514 2545 522 2586 ι
546 2526 809 2605 quemadmodum
823 2526 849 2588 si
897 2525 1091 2606 Evangelista
1110 2526 1211 2602 dicat3
1244 2524 1369 2587 Verbum
1391 2544 1460 2587 cara
1478 2527 1591 2607 sactum
1614 2536 1665 2588 cst.

97 2620 127 2679 in
148 2620 267 2683 homine
289 2620 410 2682 dicatur
433 2617 573 2679 babitare
595 2616 723 2698 spiritus
738 2618 846 2698 ipsius,
898 2620 1004 2699 Neque
1030 2625 1177 2680 naturam
1200 2619 1301 2680 carnis
1325 2619 1369 2679 ita
1395 2621 1478 2681 Deus
1505 2638 1665 2694 summus,

98 2728 229 2774 cumuon
242 2712 333 2774 sitah
348 2730 385 2772 eo
398 2710 598 2771 diversum.»
898 2718 991 2791 atque
1017 2712 1179 2773 universus
1206 2710 1383 2790 assumpsit,
1406 2718 1441 2771 ut
1464 2718 1612 2792 tanquam
1635 2713 1669 2773 in

133 2803 176 2864 Sia
198 2804 273 2866 illud
301 2802 466 2883 Apostoli,
495 2800 708 2881 corporaliter,
736 2804 851 2864 Paulus
899 2822 963 2865 uno
990 2803 1029 2864 de
1057 2802 1254 2877 Petriarnhis,
1284 2810 1339 2863 ant
1366 2803 1537 2883 Prophetis,
1562 2804 1597 2864 in
1614 2804 1669 2865 illo

100 2895 249 2957 Fmesenus
276 2896 310 2956 in
339 2893 474 2974 quadam
500 2893 629 2954 homilia
655 2895 851 2957 Alexandria
900 2897 1026 2976 quidem
1039 2893 1169 2957 homine
1187 2897 1268 2956 [leus
1285 2898 1377 2971 esset,
1397 2896 1452 2956 sed
1472 2895 1555 2957 idem
1574 2896 1669 2956 homa

100 2986 235 3061 dictami
261 2988 497 3067 interpretatus.
524 3007 539 3043 a
566 2985 632 3045 Hoc
655 2992 711 3063 cst,
737 2987 849 3066 iuquit,
885 2989 981 3049 ·Deus
994 3005 1060 3048 non
1074 2993 1195 3049 esset.»

101 3078 173 3140 relut
192 3081 223 3141 in
243 3079 372 3161 propria
400 3096 541 3158 corpora.
562 3077 642 3137 Nom
665 3096 777 3158 corpus
795 3098 853 3140 no·
941 3080 987 3140 Ad
1006 3079 1072 3140 haec
1093 3079 1225 3158 Vigilius
1246 3079 1326 3140 libro
1349 3079 1459 3159 quinto
1479 3087 1580 3141 contra
1601 3078 1669 3143 Eu·

101 3175 185 3231 stram
198 3172 358 3252 proprium
372 3169 430 3231 sibi
443 3169 516 3230 fecit
529 3167 555 3229 ί.
570 3190 585 3227 o
903 3170 1028 3253 syenen·
1045 3197 1058 3227 a
1073 3172 1161 3246 Quod
1174 3177 1280 3232 autem
1294 3172 1430 3233 Christus
1444 3190 1508 3233 non
1520 3180 1671 3252 tanquam

134 3263 209 3324 Idem
221 3264 315 3325 habet
329 3274 361 3325 et
375 3262 408 3322 in
422 3262 525 3341 primo
540 3260 620 3322 libro
635 3270 734 3324 contra
748 3260 853 3323 Nesta—
902 3263 979 3324 alius
1002 3264 1036 3324 in
1060 3264 1121 3325 alio
1143 3263 1307 3339 inhabitat,
1329 3264 1511 3345 Apostolum
1528 3266 1602 3326 audi
1624 3266 1672 3326 di-

101 3353 169 3416 riam
183 3354 340 3437 cyrillus&
355 3354 435 3415 Etin
448 3353 528 3414 libro
540 3353 702 3415 undecimo
714 3354 747 3415 ia
759 3353 854 3416 Jaaa-
903 3362 1025 3418 centem
1048 3356 1086 3416 de
1109 3357 1198 3436 ipso:
1228 3356 1265 3416 la
1288 3375 1345 3437 quo
1366 3355 1523 3432 inhabitat,
1547 3357 1669 3436 inquit,

102 3464 180 3507 rum:
204 3448 257 3508 nbi
271 3454 362 3510 obstas
375 3454 432 3507 asts
446 3451 549 3521 vocnt,
570 3445 629 3506 hac
647 3453 694 3507 est
704 3446 856 3527 peculiare
903 3448 996 3508 amaia
1021 3446 1175 3527 plenitudo
1204 3446 1370 3507 diurnitatis
1396 3446 1605 3527 corporaliter.
1635 3448 1673 3508 Et

103 3537 237 3618 ternplum,
248 3540 327 3600 sicud
335 3540 472 3599 loannes
482 3537 721 3617 Chrysostomas
731 3539 857 3598 aTlrco·
904 3537 1052 3614 iteruml,
1069 3538 1221 3600 Deusarat
1236 3538 1269 3597 ia
1285 3536 1402 3599 caran
1416 3539 1559 3599 mundum
1574 3557 1671 3599 recou-

103 3627 196 3692 doreto
210 3629 387 3703 laudatus',
410 3636 499 3691 elutos
512 3642 608 3705 σκεῦος,
625 3629 779 3710 peculiare
795 3648 854 3693 aas.
904 3631 1010 3693 ailiam
1030 3628 1095 3691 sili.
1116 3631 1153 3691 Et
1176 3630 1307 3691 iterum:
1336 3629 1422 3691 solvit
1444 3630 1616 3692 iuimicitias
1639 3633 1673 3693 ia

138 3720 199 3783 llll.
219 3724 300 3784 Bene
317 3722 379 3782 hoa
399 3721 589 3782 Gaudentius
610 3722 775 3782 Brixianus
800 3740 856 3783 ex·
905 3734 1066 3787 carnesca.
1192 3730 1194 3733 ’

49 3848 53 3856 ·
105 3812 201 3889 pressit
218 3813 250 3874 in
273 3818 410 3874 tractatu
436 3812 555 3873 decima
583 3814 672 3873 tertio
696 3811 731 3873 de
749 3811 858 3875 llatali
947 3814 1176 3895 Hildephonsus
1204 3814 1370 3875 Toletanns
1396 3813 1430 3875 in
1458 3816 1608 3877 Sermone
1638 3813 1674 3876 de

104 3901 232 3966 domim:
245 3905 300 3966 ubi
318 3905 363 3966 ait
388 3903 517 3965 «filiam
538 3905 593 3965 Dei
611 3909 719 3966 sanato
739 3906 858 3985 Spiritu
906 3907 1112 3987 Assumptiarre
1131 3907 1170 3969 B.
1195 3904 1360 3989 Virginis',
1386 3928 1401 3964 a
1421 3908 1536 3983 Lange,
1558 3907 1673 3987 inquit,

105 3993 197 4074 ipsum
215 3997 360 4060 formasse
384 3995 544 4058 hominem
568 4015 672 4058 suum.
701 3997 859 4077 Siquidem
907 4001 997 4060 aliter
1015 3999 1155 4060 Christus
1176 3998 1330 4078 templum
1350 3999 1455 4074 Verbi,
1480 4001 1569 4060 aliter
1585 4000 1677 4060 beata

104 4088 411 4167 sapientiaaedifiaarit
424 4089 631 4150 sibidomum.
642 4088 859 4151 Habitaaulum
908 4093 1022 4168 Virgo:
1040 4091 1113 4171 quia
1126 4097 1233 4152 asterus
1252 4091 1391 4170 Virginis
1410 4110 1446 4152 ae
1463 4092 1489 4152 si
1507 4092 1677 4171 hospitium

105 4180 208 4261 quippe
220 4182 355 4264 corporis
376 4182 476 4243 nostri
493 4181 561 4261 jam
577 4197 681 4261 sunm,
695 4200 757 4262 quo
771 4181 859 4243 habi·
907 4183 977 4260 fuit,
1007 4202 1046 4244 ex
1073 4201 1134 4262 quo
1162 4182 1300 4245 Christus
1325 4185 1406 4244 Deus
1431 4183 1470 4244 aa
1495 4201 1563 4256 nos,
1590 4179 1678 4263 quasi

139 4372 160 4414 a
174 4358 344 4417 tammam.
359 4356 426 4416 dial.
440 4357 462 4415 l.
481 4355 517 4413 θθ
531 4356 578 4431 γὰρ
590 4355 615 4411 ἐν
629 4356 754 4430 ἀλλοτρίῳ
768 4354 864 4411 ababa·
911 4355 1023 4426 ἀλήθειαν
1034 4361 1118 4429 σῶμα,
1132 4354 1211 4429 ψυχὴν
1228 4355 1287 4429 ἔχον
1302 4355 1346 4425 τόν
1361 4353 1474 4428 λογικὴν,
1487 4353 1580 4417 sistite
1593 4354 1678 4420 εἰπεῖν,

107 4442 192 4513 pipin
203 4441 219 4511 ἧ
231 4442 331 4512 ἀληθινὴ
345 4441 420 4514 eopia
432 4442 584 4513 κατῴκησεν,
598 4440 655 4495 ἀλλ’
668 4438 740 4513 ἑαυτῇ
754 4439 784 4494 τί)
797 4439 864 4509 οἰκη-
911 4441 950 4494 θτι
963 4440 1007 4508 τὴν
1023 4438 1047 4494 ἔν
1061 4444 1092 4513 τῇ
1111 4439 1169 4512 ἁγίᾳ
1190 4441 1262 4512 σαρκί
1283 4443 1326 4493 τοῦ
1340 4440 1418 4512 λόγον
1438 4438 1589 4506 κατοίκησιν,
1604 4438 1680 4509 ἤγουν

107 4523 184 4593 κόριον
197 4524 221 4579 le
233 4531 276 4581 τοῦ
289 4526 433 4598 παρθενικοῦ
443 4525 559 4596 σώματος
573 4520 720 4596 ἔδομόσατο.
912 4523 998 4577 ἕνωσιν
1013 4522 1090 4591 ἀληθῆ
1113 4524 1302 4595 κατασημαίνων
1321 4521 1379 4594 ἡμῖν
1400 4522 1414 4575 ό
1435 4522 1559 4583 θεσπέσιος
1573 4521 1680 4584 Παῦλος,

141 4606 278 4665 όθῐιιιιι.
293 4608 343 4664 lib.
364 4608 402 4664 de
419 4610 510 4663 Recta
528 4604 597 4679 fide.
617 4605 668 4659 ota
691 4603 784 4659 όθνεῖον
799 4603 864 4677 ἔχων
913 4604 1016 4679 ἐναθτῷ
1030 4606 1088 4678 φησί
1101 4609 1245 4674 κατοικῆσαι
1258 4608 1306 4661 πᾶν
1320 4607 1350 4659 τό
1365 4606 1487 4677 πλήρωμα
1500 4610 1543 4673 τῆς
1558 4606 1681 4673 θεότητος,

108 4689 236 4764 κιρίόλγγια
248 4691 293 4762 τὴν
307 4691 411 4763 dubria
425 4691 512 4763 σάρκα,
528 4687 585 4741 ἀλλ’
599 4687 662 4742 ἴδιον
677 4687 865 4756 αθτὴνιτοιησά-
913 4687 941 4743 οὗ
965 4690 1085 4762 μεθικτῶς
1111 4690 1216 4762 μᾶλλον,
1238 4690 1254 4757 ἢ
1276 4695 1405 4761 σχιτικῶς,
1419 4689 1495 4760 ἤγουν
1519 4687 1552 4749 ὡς
1573 4686 1683 4742 ἐνδόσει

109 4791 176 4842 μενος
186 4776 252 4841 uos,
262 4775 302 4829 καί
317 4773 342 4828 la
356 4773 427 4848 αὐτῇ,
438 4775 480 4828 καὶ
493 4773 536 4828 abr
551 4772 612 4846 αὐτῇ
626 4774 817 4845 γνωριζόμενος,
832 4771 866 4835 ὡς
913 4773 1024 4847 χάριτος,
1045 4771 1110 4825 ἀλλὰ
1131 4777 1288 4845 σωματικῶς,
1303 4773 1317 4825 θ
1332 4770 1395 4826 ίστιν
1410 4769 1544 4835 οθσιωδῶς,
1562 4771 1596 4833 aba
1609 4773 1639 4825 ἂν
1663 4769 1685 4824 sl

108 4855 167 4921 θεός,
181 4858 217 4910 καί
229 4860 320 4932 κόριος.
859 4917 863 4923 g
913 4857 954 4909 καί
965 4853 989 4908 ir
1002 4854 1123 4928 ἀνθρώπῳ
1137 4856 1236 4927 λέγοιτο
1250 4857 1371 4909 κατοικεῖν
1384 4855 1414 4909 τό
1427 4859 1522 4929 πνεῦμα
1536 4854 1622 4922 abrai,
1638 4854 1687 4927 οθχ

141 4954 156 4994 a
173 4940 255 4998 ldcm.
274 4941 433 5004 Πισττθοντες
447 4938 475 4994 δὲ
486 4940 525 4994 ότι
537 4938 623 5011 γέγονε
636 4936 696 5011 σὰρξ
710 4936 724 4992 θ
736 4937 822 5010 λόγος,
838 4934 866 4990 ol
915 4937 998 5011 θτερον
1013 4939 1041 4991 θν
1053 4936 1113 5010 παρ’
1127 4936 1210 4991 airis.

107 5020 169 5077 md
185 5025 337 5097 perdurasti,
350 5026 366 5093 ἢ
381 5021 554 5096 τροπὴν,ἇλλ’
568 5023 607 5077 ότι
621 5022 716 5094 μᾶλλον
731 5019 867 5088 ίσκήνωσεν
951 5019 972 5076 d
990 5019 1074 5076 Plus.
1090 5021 1177 5077 Euan.
1199 5029 1266 5076 tom.
1289 5018 1314 5076 ll
1341 5021 1425 5077 Canu.
1445 5020 1588 5089 Τοντίστιν,
1609 5021 1642 5082 ὡς
1662 5017 1686 5073 όν

108 5099 208 5176 urps,
219 5108 259 5161 καί
270 5108 330 5161 rubr
348 5106 412 5161 ίδιον
429 5104 563 5175 ἐποιήσατο
576 5104 605 5159 τό
619 5102 706 5158 trabis
720 5102 788 5175 αθτῷ
805 5102 869 5157 κατὰ
918 5101 973 5176 bip
987 5104 1093 5176 σώματι·
1107 5103 1136 5157 τὸ
1149 5101 1197 5176 γὰρ
1206 5102 1336 5175 ἡμέτερον,
1347 5102 1409 5158 ἴδιον
1422 5100 1555 5173 inactuosa
1568 5110 1651 5176 σῶμα.

133 5276 144 5317 1
156 5273 206 5326 err.
217 5273 234 5322 Ι.
245 5285 292 5321 oasa
307 5277 392 5323 Natos.
401 5271 453 5315 -2
474 5272 580 5320 naaotor.
593 5273 651 5319 asar.
664 5285 680 5319 ι.
690 5294 718 5308 -
730 5273 745 5318 t
756 5271 814 5331 Aug.
824 5272 918 5319 lul’rat.
929 5272 976 5320 rso.
985 5271 1034 5317 -l
1048 5269 1172 5319 mantnt
1184 5272 1261 5319 Norat
1272 5284 1321 5331 cap.
1330 5285 1398 5321 ursa.
1411 5273 1460 5318 -5
1473 5273 1521 5331 θὶς.
1536 5277 1590 5319 tom
1603 5271 1629 5316 lt
1641 5271 1688 5316 nti.

20 5388 22 5415 γ
107 5336 626 5385 ·σιοη,ι.-τιιιιο.ιοοιτ.κικοι.

262 5418 338 5482 Tan.
358 5417 415 5480 Vl.
1514 5417 1555 5477 lt
