4076 6180
298 313 358 375 602
814 313 1141 380 annumerarentur
1163 317 1384 383 DOGMATUM

298 478 513 558 destinatione,
548 500 584 542 no
605 483 834 562 reprobatione,
860 502 954 564 qnam
978 502 1067 564 supe
1117 485 1282 564 praescrivit,
1303 487 1416 567 inquit,
1449 493 1481 548 et
1505 487 1649 568 previdit
1667 487 1779 563 malos,
1794 493 1887 566 atque

298 570 395 633 riores
403 572 491 635 iilos:
505 592 541 636 ae
554 575 592 636 de
605 575 754 655 loquendi
768 577 872 649 modo,
890 584 920 638 et
933 576 1067 638 formula
1115 576 1229 657 impios
1241 577 1363 640 futuros
1375 580 1501 660 proprio
1515 580 1604 653 nitio,
1620 579 1685 660 ipse
1698 597 1753 640 eos
1765 579 1886 659 praede-

298 665 413 744 potius,
425 667 566 745 quamde
577 686 622 742 re,
630 686 732 730 aerem
746 668 843 746 illam,
855 674 887 730 et
897 671 1065 731 vehemen-
1113 669 1240 730 stinarit
1250 671 1290 732 ed
1303 676 1453 733 aternam
1467 671 1700 733 damnationem
1709 671 1797 750 justo
1807 670 1888 749 jndi-

298 763 363 818 tem
375 756 457 819 inter
470 765 617 838 utrosque
637 761 877 837 mutronersiqm
899 762 1064 838 exstitisse;
1114 761 1164 822 oio
1181 780 1189 822 z
1205 780 1271 823 non
1284 763 1358 842 quia
1368 763 1532 826 aliudesse
1555 783 1621 825 non
1635 768 1820 842 potnerunt,
1834 763 1887 824 sed

298 849 504 929 quodmerito
530 852 728 931 stupendum,
754 859 785 915 et
811 853 943 933 prodigii
969 854 1066 915 instar
1114 853 1190 932 quie
1202 853 1363 916 aliudesse
1376 855 1557 918 noluerunt.
1575 857 1639 936 Ipsi
1651 857 1750 936 igitur
1760 855 1887 917 sibimet

297 941 477 1004 habendum
490 961 554 1005 esse
564 944 666 1021 duest,
679 945 734 1024 qui
747 945 830 1005 illins
843 946 916 1013 liris.
932 964 968 1006 ae
989 952 1066 1007 tem·
1125 945 1188 1024 peis
1198 945 1482 1009 exstiterunteansa
1488 948 1679 1028 perditionis.
1687 949 1773 1009 Dens
1782 953 1885 1009 autem

297 1033 382 1113 poris
394 1032 555 1095 historiam
568 1037 769 1113 reeordetur;
784 1056 820 1098 ae
833 1043 951 1116 quanto
974 1055 1066 1117 appa-
1111 1036 1208 1114 judex
1217 1037 1332 1115 justus,
1348 1045 1380 1100 et
1397 1040 1557 1101 ordinator
1574 1040 1678 1118 iustus
1689 1040 1790 1119 ipsias
1803 1040 1887 1100 dam-

297 1130 379 1202 ratu,
395 1133 575 1207 quantoque
586 1129 698 1203 studio,
711 1128 750 1189 ab
761 1129 873 1208 quibus
887 1130 963 1191 viris
977 1147 1067 1207 paene
1115 1129 1287 1190 nationis.»
1305 1131 1385 1192 Item
1405 1131 1582 1211 paulopost
1598 1151 1605 1193 :
1621 1133 1691 1192 ant
1703 1131 1779 1211 quia
1793 1131 1886 1193 modo

298 1216 338 1284 ad
361 1218 532 1287 schismatis
547 1219 720 1298 perieulum
734 1220 891 1281 altercatio
905 1221 964 1283 ista
990 1239 1065 1299 pro·
1115 1221 1261 1283 omnibns
1273 1224 1630 1303 praerogatpatientiam,
1651 1230 1688 1284 nt
1700 1229 1885 1284 eonvertan·

297 1308 500 1375 vestafuerit.
526 1310 587 1374 Sed
612 1311 656 1375 sie
678 1313 814 1392 protento
840 1330 890 1373 res
902 1312 1007 1389 habet,
1031 1317 1067 1373 ut
1114 1318 1168 1376 tur
1194 1314 1234 1373 ad
1261 1314 1475 1393 prenitentiam
1493 1335 1501 1377 r
1517 1320 1549 1377 et
1572 1315 1627 1395 qni
1653 1321 1809 1396 pereunt,
1831 1332 1885 1376 sno

298 1400 412 1477 dixi3et
421 1420 460 1463 ex
473 1403 672 1482 sequentibus
684 1405 882 1484 perspicuum
896 1405 928 1464 id
944 1404 1066 1469 eorrfido
1115 1412 1309 1486 contemptu,
1337 1412 1369 1469 et
1394 1406 1509 1469 dmitia
1522 1413 1664 1486 pereunt,
1679 1408 1756 1487 quia
1768 1412 1885 1468 mntem

296 1492 379 1568 tore,
410 1493 465 1561 ubi
494 1494 686 1572 singulorum
712 1497 833 1558 deereta
858 1497 892 1556 in
928 1498 1067 1561 medium
1115 1494 1285 1559 honitatem
1297 1499 1354 1561 Dei
1365 1505 1659 1579 contempserunt,

298 1584 467 1663 adduxero,
504 1606 571 1666 qun
602 1588 662 1649 hoe
675 1594 781 1667 aperte
795 1589 998 1669 profitentur:
1032 1589 1067 1649 in
1155 1589 1356 1651 Manifestum
1379 1595 1434 1665 est,
1462 1591 1588 1653 Florum
1615 1591 1660 1651 ihi
1683 1591 1723 1651 de
1746 1591 1886 1670 reprobis

298 1682 447 1756 potestate
461 1696 526 1739 esse
544 1680 679 1758 cujusvis
705 1680 851 1758 hominis,
881 1686 917 1742 nt
936 1680 1067 1743 satutem
1115 1678 1273 1743 voluntate
1288 1700 1343 1743 sua
1357 1682 1527 1755 utentibus,
1548 1689 1578 1744 et
1590 1683 1704 1744 adultis
1713 1682 1814 1761 loqui,
1825 1701 1887 1743 non

298 1768 501 1848 adipiscatur:
514 1770 597 1849 quod
607 1776 712 1833 autem
725 1772 764 1832 ab
778 1772 977 1852 eaqnispiam
989 1772 1068 1834 exei-
1116 1771 1154 1832 de
1164 1773 1312 1851 parvulis,
1330 1773 1386 1853 qui
1408 1774 1475 1836 siue
1496 1774 1650 1855 baptismo
1658 1780 1804 1854 pereant,
1817 1774 1888 1835 nul-

299 1861 363 1938 dat,
378 1880 442 1933 non
456 1862 579 1940 eofieri,
594 1865 759 1943 quodsum
773 1882 838 1927 non
850 1863 998 1945 potuerit,
1013 1865 1067 1926 sed
1116 1863 1176 1929 lius
1188 1864 1301 1945 privati
1315 1866 1453 1929 oriminis
1474 1865 1532 1934 rei.
1547 1867 1602 1928 sed
1615 1867 1793 1929 eommunis
1803 1871 1837 1926 et
1850 1865 1888 1927 eb

298 1954 383 2035 quod
409 1955 544 2027 noluerit
570 1957 709 2036 assequi3
725 1974 796 2018 eum
818 1957 903 2018 aliud
925 1957 1065 2033 omnino,
1116 1955 1236 2035 origine
1262 1957 1423 2023 manaen.
1449 1958 1559 2038 Itaque
1572 1959 1693 2040 pergit,
1707 1965 1758 2032 et,
1791 1959 1887 2020 «Non

299 2065 395 2127 quam
417 2047 502 2127 quod
521 2053 578 2125 est,
607 2050 633 2109 si
647 2050 751 2120 vellet,
766 2067 831 2111 esse
854 2057 965 2130 posset.
992 2051 1066 2124 Quae
1117 2066 1191 2127 ergo
1215 2049 1413 2128 omnipotens
1439 2050 1537 2125 Deus,
1561 2051 1615 2126 eit,
1646 2050 1703 2111 ulli
1721 2050 1889 2112 hominnm

299 2139 437 2219 quidem,
452 2146 482 2201 et
495 2140 544 2212 his
553 2141 1066 2221 similiaconsequenshoohabent,
1116 2158 1208 2203 eausa
1232 2141 1352 2216 mortis,
1389 2140 1441 2205 vel
1463 2141 1646 2221 perditionis
1671 2141 1777 2206 existit
1804 2162 1813 2202 r
1836 2141 1889 2203 sed

300 2232 1068 2313 quoddemonstrandumsumpsimus,roluntatem
1116 2232 1216 2311 ipsam
1243 2238 1443 2306 mentemst
1468 2233 1674 2313 perditionem
1699 2232 1891 2295 manibnset

300 2324 366 2399 Dei,
382 2324 554 2404 Christique
564 2325 689 2391 Domini
701 2326 735 2385 in
747 2325 890 2389 omniurn
902 2344 1070 2405 proeuran-
1116 2324 1218 2387 verbis
1225 2326 1281 2403 ipsi
1287 2324 1376 2404 impii
1387 2324 1447 2389 sihi
1455 2324 1643 2403 serenans,
1654 2325 1731 2389 dum
1745 2326 1892 2404 nequiter

300 2415 373 2476 dam
382 2415 525 2493 salntem,
540 2417 737 2495 quantumin
751 2432 783 2477 se
797 2424 854 2492 est,
874 2417 1066 2485 incumbere.
1117 2417 1286 2495 operando,
1317 2422 1348 2477 et
1369 2416 1502 2495 nequius
1525 2416 1593 2479 aliis
1617 2416 1848 2496 pererradendo,
1863 2424 1893 2479 et

211 2543 224 2573 0
342 2509 385 2571 11.
402 2507 485 2568 Inter
499 2526 561 2579 eos,
578 2509 632 2588 qui
650 2508 689 2568 ab
703 2508 916 2584 Lugdunensis
935 2510 1069 2577 ecelesiae
1118 2508 1187 2585 sibi,
1218 2513 1250 2575 et
1270 2508 1332 2571 illis
1357 2508 1590 2573 damnationem
1614 2510 1776 2573 sddnnnnt
1791 2528 1800 2573 z
1816 2509 1892 2573 dnm

301 2599 560 2681 partibuseontra
574 2600 789 2675 Hinemarum,
804 2607 836 2662 et
849 2600 1070 2662 Garisiaoemes
1119 2600 1202 2664 viam
1228 2600 1412 2679 iniquitatis,
1439 2606 1470 2663 st
1489 2601 1672 2681 perditionis
1700 2607 1893 2673 amantem

301 2696 465 2767 stetenrnt,
502 2691 698 2757 doctissimus
718 2692 844 2761 habitus
871 2698 917 2753 est
938 2694 1066 2757 Florus:
1118 2698 1202 2757 resto
1226 2693 1337 2760 itinere
1350 2692 1568 2767 defleatuntnr,
1583 2699 1616 2754 et
1638 2692 1679 2757 ad
1707 2697 1892 2773 perpetuam

301 2784 391 2863 enjus
405 2803 484 2867 opus
504 2785 582 2845 iilud
600 2802 665 2846 esse
692 2785 828 2849 ereditur
851 2786 1070 2864 Lugdunensis
1120 2784 1362 2853 damnationem,
1389 2789 1540 2864 tanquam
1566 2784 1647 2849 dada
1660 2785 1743 2847 inter
1767 2784 1893 2847 seder·

301 2875 436 2943 eeclesiae
447 2877 575 2940 nomine
589 2877 739 2956 seriptum
754 2877 901 2941 adversus
913 2879 1069 2945 ioannem
1119 2876 1188 2951 tris,
1207 2876 1274 2953 pari
1287 2893 1441 2945 eonsensu
1467 2876 1794 2956 nandriensem
1807 2882 1892 2952 roto,

302 2968 430 3041 Scotum
451 2969 629 3047 Erigonam.
646 2969 740 3030 Illum
761 2969 845 3031 enim
865 2988 930 3050 pras
952 2971 1070 3031 caeteris
1120 2973 1151 3030 et
1164 2968 1329 3047 sponsione
1342 2967 1533 3033 festinant.»

300 3060 457 3140 praedicat,
470 3066 501 3125 et
513 3060 829 3141 honorifieeappellat
840 3061 1070 3135 Hiuemarusin
1160 3061 1218 3131 ΙΙΙ,
1242 3060 1390 3135 Quernas
1415 3060 1539 3137 reprobi
1554 3059 1600 3125 ilii
1613 3065 1723 3140 suapte
1745 3059 1851 3140 eulpa,
1864 3066 1895 3121 et

300 3150 480 3235 pretatione
513 3150 583 3220 libri
620 3153 655 3215 de
677 3151 954 3227 Praedertinatione,
983 3159 1015 3214 et
1036 3157 1070 3217 in
1118 3152 1279 3217 voluntate
1304 3152 1338 3212 in
1366 3152 1598 3221 damnatIQnern
1622 3152 1792 3221 insidunt:
1822 3152 1895 3231 quia

301 3243 401 3323 capite
427 3248 511 3305 sexto
537 3243 609 3307 libri
624 3243 773 3323 eJ'usdem.
800 3245 900 3324 Hujus
921 3251 1072 3324 preterea
1119 3262 1190 3307 enm
1205 3261 1402 3324 perseverare
1415 3250 1543 3323 possent
1564 3244 1598 3304 in
1625 3243 1893 3323 aoesptajnstitia,

301 3351 477 3397 sermonem
499 3333 535 3399 de
547 3333 820 3411 Proedestinutr'one,
850 3337 954 3416 operis
980 3337 1069 3401 initio
1119 3336 1225 3396 veleb
1244 3353 1291 3407 ea,
1308 3353 1403 3414 qnam
1418 3335 1589 3396 asciverant
1608 3335 1679 3410 sihi,
1692 3334 1895 3414 improbitate

299 3426 505 3513 suiprrefisit.
523 3427 592 3495 Qun
617 3428 652 3491 in
675 3434 876 3506 sermone,ut
892 3435 923 3492 et
936 3429 969 3493 in
991 3428 1071 3495 libro
1121 3428 1277 3505 desistere,
1305 3433 1454 3488 nentrum
1479 3427 1581 3489 faeere
1606 3428 1785 3489 voluerunt.
1806 3427 1895 3501 Quod

301 3526 401 3581 nemra
412 3517 556 3587 loannem
572 3517 702 3588 Scotum,
712 3519 841 3600 pulchre
854 3519 907 3583 illa
917 3519 1066 3598 defendit,
1120 3526 1225 3582 antem
1249 3519 1315 3580 dixi
1338 3519 1467 3599 saepius,
1490 3525 1521 3581 et
1543 3520 1577 3580 in
1600 3519 1660 3581 hae
1684 3519 1894 3599 disputatione

300 3610 414 3693 qnibns
427 3610 543 3689 positis,
560 3611 599 3671 de
608 3611 810 3679 antecedente
834 3631 907 3693 erga
937 3612 1070 3679 salutem
1120 3631 1214 3691 sogor
1228 3617 1378 3692 repetere,
1394 3629 1460 3672 non
1484 3617 1587 3675 essent
1607 3610 1773 3673 recusandi
1789 3611 1896 3671 volun·

300 3701 444 3777 omnium
457 3701 513 3763 Dei
535 3701 694 3771 voluntate
708 3704 844 3767 recusari
868 3722 933 3769 non
959 3710 1071 3788 potest.
1122 3705 1219 3778 tariae,
1238 3705 1268 3765 id
1292 3710 1337 3764 est
1351 3702 1456 3765 liberae
1469 3703 1693 3783 permansionis
1707 3703 1741 3763 in
1757 3702 1853 3781 malo,
1869 3704 1895 3763 si

302 3793 462 3873 Siquidem
470 3793 748 3875 praescientiamao
768 3795 1072 3875 predestinationem
1121 3796 1242 3857 nullam
1255 3797 1336 3857 Deus
1349 3795 1542 3856 voluntatem
1566 3795 1695 3856 heberet
1717 3793 1894 3856 minuenda

300 3884 434 3955 linitam
449 3885 529 3947 eires
548 3885 657 3960 bonos,
684 3892 715 3957 et
724 3887 848 3963 eleetos,
872 3905 967 3971 quam
992 3889 1072 3960 eirea
1120 3882 1310 3965 illissalutis,
1335 3894 1376 3964 et,
1393 3887 1477 3966 quod
1503 3887 1587 3949 idem
1612 3893 1671 3965 est,
1691 3904 1894 3966 perseveran-

300 3976 449 4056 reprohos
459 3976 576 4041 versari
590 3978 708 4041 asserit.
718 3980 761 4041 lie
774 3978 881 4063 priori,
896 3979 1073 4058 qusehonos
1122 3979 1173 4041 tiae
1187 4000 1195 4041 ε
1211 3998 1268 4040 neo
1281 3978 1401 4059 privata
1416 3978 1516 4059 ordpn,
1531 3984 1563 4040 et
1573 3978 1648 4039 vitio
1670 3977 1781 4038 salutis
1791 3978 1893 4057 jaeta-

300 4068 434 4146 respieit,
451 4075 557 4147 postea
571 4069 692 4139 dicant:
709 4089 779 4150 qum
794 4071 949 4141 autemad
962 4071 1072 4149 melos,
1122 4089 1190 4132 ram
1213 4071 1313 4132 farere
1330 4071 1518 4145 dicerentur,
1542 4070 1569 4131 si
1595 4070 1682 4130 nullo
1703 4069 1800 4130 modo
1827 4088 1895 4131 eam

300 4159 510 4249 reprobosque
536 4162 695 4245 pertinet,
736 4162 779 4235 sie
811 4163 850 4231 ab
877 4162 931 4233 illo
959 4161 1073 4227 eonsti-
1124 4164 1271 4243 consequi
1304 4169 1438 4242 possent.
1483 4162 1558 4236 Quis
1590 4162 1675 4222 enim
1702 4162 1843 4241 prudens
1865 4167 1896 4222 et
1966 4161 1972 4173 “

299 4251 408 4319 initur.
450 4254 641 4329 nPraeseisse
668 4254 712 4316 ait
744 4254 826 4329 mala
859 4257 970 4332 Deum,
1001 4274 1071 4343 qnae
1124 4255 1244 4317 sobrius
1257 4255 1428 4334 inquirenti
1437 4272 1494 4315 eur
1503 4254 1645 4315 diabolus
1659 4271 1745 4314 nune
1763 4253 1893 4314 salutem

301 4344 375 4409 mati
388 4351 478 4418 erant
490 4346 623 4424 gesturi3
638 4365 704 4417 non
719 4346 823 4426 ipsum
838 4353 942 4417 tamen
965 4348 1070 4411 fecisse
1123 4348 1249 4427 adipisei
1264 4353 1409 4426 nequeat,
1424 4351 1478 4407 aut
1494 4365 1514 4405 a
1532 4346 1730 4406 damnatione
1755 4345 1892 4416 liberari,

301 4443 337 4498 ut
349 4444 451 4498 essent
467 4426 561 4514 mali3
589 4439 639 4501 sed
651 4443 777 4509 tantum
798 4440 987 4521 praescivisse
1019 4459 1071 4504 eos
1124 4439 1375 4520 respondendum
1389 4442 1487 4517 putet,
1504 4438 1588 4498 ideo
1609 4436 1688 4509 fieri,
1703 4436 1780 4516 quia
1798 4436 1894 4499 nolit?

301 4529 427 4608 proprio
439 4529 514 4599 vitio
528 4530 606 4599 tales
618 4531 749 4593 tuturos.
766 4532 873 4617 Neque
888 4533 1072 4613 enimpraes-
1124 4533 1202 4593 Nam
1218 4531 1272 4610 qni
1285 4531 1328 4591 ita
1341 4529 1495 4609 loquitur;
1510 4529 1625 4590 ideireo
1645 4546 1773 4607 compos
1785 4547 1850 4590 non
1862 4547 1893 4590 es

301 4621 410 4689 rientia
426 4621 633 4702 Deiimposuit
646 4623 926 4699 eisneeessitatom,
940 4624 1068 4689 utatiud
1124 4623 1206 4684 iltius
1233 4622 1291 4697 rei,
1314 4621 1400 4682 velut
1421 4620 1568 4693 scientie,
1598 4625 1653 4680 ant
1678 4620 1816 4697 virtutis,
1841 4626 1893 4681 aut

302 4729 367 4775 esse
381 4719 596 4799 nonpossent;
612 4714 665 4775 sed
679 4720 801 4787 tantum
816 4716 899 4795 quod
913 4716 958 4776 ilti
971 4715 1068 4776 futuri
1125 4732 1233 4795 opum,
1257 4732 1293 4775 ne
1315 4713 1512 4792 dignitatum,
1542 4712 1616 4792 quia
1646 4729 1711 4772 non
1742 4712 1807 4785 vis3
1832 4711 1890 4783 vel,

302 4808 438 4865 erentes
450 4806 576 4884 propria
589 4806 761 4884 voluntate,
777 4806 828 4867 ille
842 4813 877 4868 ut
893 4809 976 4868 Deus
991 4826 1070 4886 prae·
1124 4807 1215 4886 eulpa
1221 4812 1324 4880 tumet
1334 4805 1409 4866 vitio
1422 4822 1507 4865 eures
1520 4802 1699 4884 expetendis
1711 4802 1772 4863 illis
1785 4803 1891 4877 henim

303 4894 380 4963 vidit
408 4913 446 4971 err
475 4913 532 4956 sua
566 4898 771 4985 omnipotenti
796 4899 975 4979 majestate,
1010 4905 1067 4961 eto.
1125 4898 1296 4960 neeessario
1310 4896 1392 4956 istud
1408 4896 1501 4957 etiam
1521 4896 1633 4956 tacims
1646 4893 1815 4973 signifieat,
1830 4912 1892 4956 esse

303 4986 875 5070 Praesrivitauremiaemomnipotens
889 4990 1073 5057 Densetiam
1125 4990 1159 5051 in
1187 4994 1217 5052 to
1245 4988 1448 5071 comparandi
1474 4990 1670 5067 potestatem,
1694 5002 1756 5064 qua
1782 4986 1840 5061 nn',
1865 4985 1891 5045 si

302 5082 450 5147 aeternam
458 5078 581 5147 illorum
594 5080 948 5157 damnationemsedan
963 5083 1072 5147 merito
1124 5081 1232 5155 velles,
1247 5097 1362 5159 posses.
1379 5078 1414 5143 Si
1427 5080 1513 5149 enim
1535 5096 1601 5143 non
1627 5095 1732 5157 posses
1751 5077 1890 5141 omnino.

302 5166 454 5247 ipsorum,
470 5190 549 5250 qnos
562 5172 596 5231 in
618 5174 746 5252 propria
766 5173 884 5235 malitia
897 5191 1073 5254 persevera·
1124 5172 1324 5253 responderet
1346 5171 1399 5235 ille
1425 5189 1489 5233 non
1517 5169 1630 5233 stultus
1655 5169 1752 5235 homo
1779 5167 1889 5248 potins,

303 5265 391 5320 turos
403 5262 556 5340 prsevidit.
567 5265 631 5325 »Aa
643 5267 749 5344 paneis
761 5265 958 5345 interpositis,
967 5287 982 5324 «
992 5267 1073 5341 Quos
1124 5266 1239 5326 ideireo
1252 5269 1284 5324 te
1306 5263 1359 5323 ilia
1381 5281 1447 5323 non
1459 5261 1586 5337 habere,
1606 5260 1683 5340 qnia
1698 5277 1764 5321 non
1778 5277 1888 5340 posses

330 5461 430 5525 ¹⁸⁰2&
