<?xml version="1.0" encoding="UTF-8"?>
<!DOCTYPE html PUBLIC "-//W3C//DTD XHTML 1.0 Transitional//EN"
    "http://www.w3.org/TR/xhtml1/DTD/xhtml1-transitional.dtd">
<html xmlns="http://www.w3.org/1999/xhtml" xml:lang="en" lang="en">
 <head>
  <title>
</title>
<meta http-equiv="Content-Type" content="text/html;charset=utf-8" />
  <meta name='ocr-system' content='tesseract 3.04.00' />
  <meta name='ocr-capabilities' content='ocr_page ocr_carea ocr_par ocr_line ocrx_word'/>
</head>
<body>
  <div class='ocr_page' id='page_1' title='image "./dogmatatheologi00zaccgoog_0581.png"; bbox 0 0 3956 6158; ppageno 0'>
   <div class='ocr_carea' id='block_1_1' title="bbox 309 212 1394 280">
    <p class='ocr_par' dir='ltr' id='par_1_1' title="bbox 309 212 1394 280">
     <span class='ocr_line' id='line_1_1' title="bbox 309 212 1394 280; baseline 0.008 -10"><span class='ocrx_word' id='word_1_1' title='bbox 309 212 368 271; x_wconf 83' lang='lat' dir='ltr'><strong>too</strong></span> <span class='ocrx_word' id='word_1_2' title='bbox 830 215 1155 280; x_wconf 77' lang='lat' dir='ltr'><strong>rflaotoetccuoot</strong></span> <span class='ocrx_word' id='word_1_3' title='bbox 1176 214 1394 279; x_wconf 74' lang='lat' dir='ltr'><strong>DOGMATUM</strong></span> 
     </span>
    </p>
   </div>
   <div class='ocr_carea' id='block_1_2' title="bbox 147 376 1964 1846">
    <p class='ocr_par' dir='ltr' id='par_1_2' title="bbox 147 376 1964 1846">
     <span class='ocr_line' id='line_1_2' title="bbox 309 376 1880 462; baseline 0.005 -27"><span class='ocrx_word' id='word_1_4' title='bbox 309 376 474 437; x_wconf 82' lang='lat' dir='ltr'>Philonem</span> <span class='ocrx_word' id='word_1_5' title='bbox 490 377 590 440; x_wconf 90' lang='lat' dir='ltr'><strong>eidem</strong></span> <span class='ocrx_word' id='word_1_6' title='bbox 601 378 646 439; x_wconf 91' lang='lat' dir='ltr'><strong>illi</strong></span> <span class='ocrx_word' id='word_1_7' title='bbox 660 378 770 441; x_wconf 75' lang='lat' dir='ltr'><strong>haeresi</strong></span> <span class='ocrx_word' id='word_1_8' title='bbox 784 382 957 457; x_wconf 73' lang='lat' dir='ltr'><strong>docuimus,</strong></span> <span class='ocrx_word' id='word_1_9' title='bbox 968 388 1076 462; x_wconf 89' lang='lat' dir='ltr'><strong>quate-</strong></span> <span class='ocrx_word' id='word_1_10' title='bbox 1127 403 1192 444; x_wconf 93' lang='lat' dir='ltr'><strong>non</strong></span> <span class='ocrx_word' id='word_1_11' title='bbox 1206 384 1492 447; x_wconf 87' lang='lat' dir='ltr'><strong>tomensecundum</strong></span> <span class='ocrx_word' id='word_1_12' title='bbox 1504 381 1717 457; x_wconf 84' lang='lat' dir='ltr'><strong>divinam,scd</strong></span> <span class='ocrx_word' id='word_1_13' title='bbox 1727 383 1880 443; x_wconf 67' lang='lat' dir='ltr'><strong>meandum</strong></span> 
     </span>
     <span class='ocr_line' id='line_1_3' title="bbox 170 470 1880 554; baseline 0.008 -32"><span class='ocrx_word' id='word_1_14' title='bbox 170 478 260 523; x_wconf 71' lang='lat' dir='ltr'><strong>rcum</strong></span> <span class='ocrx_word' id='word_1_15' title='bbox 310 479 457 550; x_wconf 73' lang='grc' dir='ltr'><strong>ιιιιολόγοι</strong></span> <span class='ocrx_word' id='word_1_16' title='bbox 482 470 639 531; x_wconf 80' lang='lat' dir='ltr'><strong>secundom</strong></span> <span class='ocrx_word' id='word_1_17' title='bbox 655 471 759 547; x_wconf 83' lang='lat' dir='ltr'><strong>Deum,</strong></span> <span class='ocrx_word' id='word_1_18' title='bbox 776 480 808 535; x_wconf 89' lang='lat' dir='ltr'><strong>et</strong></span> <span class='ocrx_word' id='word_1_19' title='bbox 827 493 901 535; x_wconf 87' lang='lat' dir='ltr'><strong>vero</strong></span> <span class='ocrx_word' id='word_1_20' title='bbox 920 477 984 535; x_wconf 85' lang='lat' dir='ltr'><strong>Deo</strong></span> <span class='ocrx_word' id='word_1_21' title='bbox 999 475 1078 536; x_wconf 88' lang='lat' dir='ltr'><strong>infe·</strong></span> <span class='ocrx_word' id='word_1_22' title='bbox 1128 476 1300 537; x_wconf 83' lang='lat' dir='ltr'><strong>humanam</strong></span> <span class='ocrx_word' id='word_1_23' title='bbox 1314 476 1528 537; x_wconf 77' lang='lat' dir='ltr'><strong>substantiam.</strong></span> <span class='ocrx_word' id='word_1_24' title='bbox 1541 477 1650 554; x_wconf 85' lang='lat' dir='ltr'><strong>Itaque</strong></span> <span class='ocrx_word' id='word_1_25' title='bbox 1662 475 1815 534; x_wconf 78' lang='lat' dir='ltr'><strong>vesaniam</strong></span> <span class='ocrx_word' id='word_1_26' title='bbox 1828 494 1880 535; x_wconf 86' lang='lat' dir='ltr'><strong>cas·</strong></span> 
     </span>
     <span class='ocr_line' id='line_1_4' title="bbox 311 562 1880 648; baseline 0.006 -29"><span class='ocrx_word' id='word_1_27' title='bbox 311 562 425 623; x_wconf 91' lang='lat' dir='ltr'><strong>riorem</strong></span> <span class='ocrx_word' id='word_1_28' title='bbox 448 564 617 626; x_wconf 88' lang='lat' dir='ltr'><strong>constituit.</strong></span> <span class='ocrx_word' id='word_1_29' title='bbox 645 566 733 627; x_wconf 88' lang='lat' dir='ltr'><strong>Nunc</strong></span> <span class='ocrx_word' id='word_1_30' title='bbox 748 566 786 627; x_wconf 90' lang='lat' dir='ltr'><strong>de</strong></span> <span class='ocrx_word' id='word_1_31' title='bbox 812 568 920 628; x_wconf 88' lang='lat' dir='ltr'><strong>eodem</strong></span> <span class='ocrx_word' id='word_1_32' title='bbox 935 577 1004 647; x_wconf 67' lang='grc' dir='ltr'>λόγῳ</span> <span class='ocrx_word' id='word_1_33' title='bbox 1017 586 1079 648; x_wconf 93' lang='lat' dir='ltr'><strong>qua</strong></span> <span class='ocrx_word' id='word_1_34' title='bbox 1128 570 1206 646; x_wconf 89' lang='lat' dir='ltr'><strong>tigat</strong></span> <span class='ocrx_word' id='word_1_35' title='bbox 1218 570 1367 639; x_wconf 80' lang='lat' dir='ltr'><strong>haeretici,</strong></span> <span class='ocrx_word' id='word_1_36' title='bbox 1384 575 1415 629; x_wconf 90' lang='lat' dir='ltr'><strong>et</strong></span> <span class='ocrx_word' id='word_1_37' title='bbox 1428 585 1688 647; x_wconf 71' lang='lat' dir='ltr'><strong>supervacaneam</strong></span> <span class='ocrx_word' id='word_1_38' title='bbox 1711 567 1880 643; x_wconf 81' lang='lat' dir='ltr'><strong>cautionem,</strong></span> 
     </span>
     <span class='ocr_line' id='line_1_5' title="bbox 163 657 1882 740; baseline 0.004 -27"><span class='ocrx_word' id='word_1_39' title='bbox 163 660 274 714; x_wconf 69' lang='lat' dir='ltr'><strong>Pontifex·</strong></span> <span class='ocrx_word' id='word_1_40' title='bbox 312 661 436 737; x_wconf 75' lang='grc' dir='ltr'>ἀρχιερεύς</span> <span class='ocrx_word' id='word_1_41' title='bbox 458 657 580 733; x_wconf 91' lang='lat' dir='ltr'><strong>dicitur,</strong></span> <span class='ocrx_word' id='word_1_42' title='bbox 599 658 675 737; x_wconf 88' lang='lat' dir='ltr'><strong>quid</strong></span> <span class='ocrx_word' id='word_1_43' title='bbox 703 659 816 719; x_wconf 89' lang='lat' dir='ltr'><strong>sentiat</strong></span> <span class='ocrx_word' id='word_1_44' title='bbox 843 661 1016 722; x_wconf 90' lang='lat' dir='ltr'><strong>audiemus.</strong></span> <span class='ocrx_word' id='word_1_45' title='bbox 1042 662 1080 721; x_wconf 93' lang='lat' dir='ltr'><strong>In</strong></span> <span class='ocrx_word' id='word_1_46' title='bbox 1129 662 1183 740; x_wconf 89' lang='lat' dir='ltr'><strong>qui</strong></span> <span class='ocrx_word' id='word_1_47' title='bbox 1196 661 1236 721; x_wconf 89' lang='lat' dir='ltr'><strong>od</strong></span> <span class='ocrx_word' id='word_1_48' title='bbox 1249 661 1325 721; x_wconf 88' lang='lat' dir='ltr'><strong>illud</strong></span> <span class='ocrx_word' id='word_1_49' title='bbox 1336 660 1597 740; x_wconf 87' lang='lat' dir='ltr'><strong>impugnandum,</strong></span> <span class='ocrx_word' id='word_1_50' title='bbox 1607 666 1638 721; x_wconf 91' lang='lat' dir='ltr'><strong>ct</strong></span> <span class='ocrx_word' id='word_1_51' title='bbox 1649 659 1882 720; x_wconf 86' lang='lat' dir='ltr'><strong>labefactandum</strong></span> 
     </span>
     <span class='ocr_line' id='line_1_6' title="bbox 312 747 1964 833; baseline 0.004 -26"><span class='ocrx_word' id='word_1_52' title='bbox 312 747 391 808; x_wconf 90' lang='lat' dir='ltr'><strong>libro</strong></span> <span class='ocrx_word' id='word_1_53' title='bbox 404 747 439 809; x_wconf 87' lang='lat' dir='ltr'><strong>de</strong></span> <span class='ocrx_word' id='word_1_54' title='bbox 451 750 578 823; x_wconf 78' lang='lat' dir='ltr'><strong>somniis,</strong></span> <span class='ocrx_word' id='word_1_55' title='bbox 601 772 616 808; x_wconf 83' lang='lat' dir='ltr'><strong>c</strong></span> <span class='ocrx_word' id='word_1_56' title='bbox 628 752 690 812; x_wconf 91' lang='lat' dir='ltr'><strong>duo</strong></span> <span class='ocrx_word' id='word_1_57' title='bbox 703 770 769 813; x_wconf 89' lang='lat' dir='ltr'><strong>esse</strong></span> <span class='ocrx_word' id='word_1_58' title='bbox 793 753 848 812; x_wconf 79' lang='lat' dir='ltr'><strong>liei</strong></span> <span class='ocrx_word' id='word_1_59' title='bbox 869 754 986 833; x_wconf 86' lang='lat' dir='ltr'><strong>templa</strong></span> <span class='ocrx_word' id='word_1_60' title='bbox 1008 753 1080 813; x_wconf 90' lang='lat' dir='ltr'><strong>scri·</strong></span> <span class='ocrx_word' id='word_1_61' title='bbox 1131 752 1202 832; x_wconf 84' lang='lat' dir='ltr'><strong>styli</strong></span> <span class='ocrx_word' id='word_1_62' title='bbox 1215 753 1263 812; x_wconf 90' lang='lat' dir='ltr'><strong>sui</strong></span> <span class='ocrx_word' id='word_1_63' title='bbox 1276 753 1427 813; x_wconf 89' lang='lat' dir='ltr'><strong>convertit</strong></span> <span class='ocrx_word' id='word_1_64' title='bbox 1445 752 1555 821; x_wconf 84' lang='lat' dir='ltr'><strong>aciem,</strong></span> <span class='ocrx_word' id='word_1_65' title='bbox 1572 753 1656 831; x_wconf 91' lang='lat' dir='ltr'><strong>quod</strong></span> <span class='ocrx_word' id='word_1_66' title='bbox 1676 752 1781 812; x_wconf 90' lang='lat' dir='ltr'><strong>nullus</strong></span> <span class='ocrx_word' id='word_1_67' title='bbox 1794 772 1830 813; x_wconf 87' lang='lat' dir='ltr'><strong>ex</strong></span> <span class='ocrx_word' id='word_1_68' title='bbox 1842 753 1883 812; x_wconf 89' lang='lat' dir='ltr'><strong>ad·</strong></span> <span class='ocrx_word' id='word_1_69' title='bbox 1963 811 1964 814; x_wconf 74' lang='grc'>,</span> 
     </span>
     <span class='ocr_line' id='line_1_7' title="bbox 311 840 1884 925; baseline 0.004 -26"><span class='ocrx_word' id='word_1_70' title='bbox 311 840 357 900; x_wconf 90' lang='lat' dir='ltr'><strong>hit</strong></span> <span class='ocrx_word' id='word_1_71' title='bbox 372 859 381 900; x_wconf 89' lang='lat'><strong>.·</strong></span> <span class='ocrx_word' id='word_1_72' title='bbox 396 860 496 903; x_wconf 83' lang='lat' dir='ltr'><strong>rmrrm</strong></span> <span class='ocrx_word' id='word_1_73' title='bbox 512 844 650 922; x_wconf 92' lang='lat' dir='ltr'><strong>quidem,</strong></span> <span class='ocrx_word' id='word_1_74' title='bbox 662 845 746 906; x_wconf 91' lang='lat' dir='ltr'><strong>lumc</strong></span> <span class='ocrx_word' id='word_1_75' title='bbox 758 844 860 925; x_wconf 87' lang='lat' dir='ltr'><strong>ipsum</strong></span> <span class='ocrx_word' id='word_1_76' title='bbox 871 847 1037 920; x_wconf 90' lang='lat' dir='ltr'><strong>mundum,</strong></span> <span class='ocrx_word' id='word_1_77' title='bbox 1047 846 1081 906; x_wconf 91' lang='lat' dir='ltr'><strong>in</strong></span> <span class='ocrx_word' id='word_1_78' title='bbox 1130 863 1220 905; x_wconf 84' lang='lat' dir='ltr'><strong>verso</strong></span> <span class='ocrx_word' id='word_1_79' title='bbox 1246 845 1393 905; x_wconf 80' lang='lat' dir='ltr'><strong>defendit.</strong></span> <span class='ocrx_word' id='word_1_80' title='bbox 1424 845 1499 911; x_wconf 87' lang='lat' dir='ltr'><strong>Quis</strong></span> <span class='ocrx_word' id='word_1_81' title='bbox 1525 844 1610 905; x_wconf 90' lang='lat' dir='ltr'><strong>euim</strong></span> <span class='ocrx_word' id='word_1_82' title='bbox 1634 844 1811 923; x_wconf 88' lang='lat' dir='ltr'><strong>pontificem</strong></span> <span class='ocrx_word' id='word_1_83' title='bbox 1823 845 1884 906; x_wconf 88' lang='lat' dir='ltr'><strong>dicit</strong></span> 
     </span>
     <span class='ocr_line' id='line_1_8' title="bbox 312 935 1885 1017; baseline 0.003 -25"><span class='ocrx_word' id='word_1_84' title='bbox 312 950 375 1013; x_wconf 90' lang='lat' dir='ltr'><strong>quo</strong></span> <span class='ocrx_word' id='word_1_85' title='bbox 402 935 540 1012; x_wconf 77' lang='lat' dir='ltr'><strong>pontifex</strong></span> <span class='ocrx_word' id='word_1_86' title='bbox 556 943 602 996; x_wconf 90' lang='lat' dir='ltr'><strong>cst</strong></span> <span class='ocrx_word' id='word_1_87' title='bbox 625 937 869 1016; x_wconf 88' lang='lat' dir='ltr'><strong>primogenitum</strong></span> <span class='ocrx_word' id='word_1_88' title='bbox 892 938 989 1017; x_wconf 90' lang='lat' dir='ltr'><strong>ipsius</strong></span> <span class='ocrx_word' id='word_1_89' title='bbox 1007 938 1083 998; x_wconf 87' lang='lat' dir='ltr'><strong>divi·</strong></span> <span class='ocrx_word' id='word_1_90' title='bbox 1132 954 1196 997; x_wconf 90' lang='lat' dir='ltr'><strong>esse</strong></span> <span class='ocrx_word' id='word_1_91' title='bbox 1224 936 1443 997; x_wconf 85' lang='lat' dir='ltr'><strong>divinitatem?</strong></span> <span class='ocrx_word' id='word_1_92' title='bbox 1472 939 1572 997; x_wconf 89' lang='lat' dir='ltr'><strong>Deum</strong></span> <span class='ocrx_word' id='word_1_93' title='bbox 1600 936 1726 1016; x_wconf 88' lang='lat' dir='ltr'><strong>quidem</strong></span> <span class='ocrx_word' id='word_1_94' title='bbox 1744 937 1885 998; x_wconf 89' lang='lat' dir='ltr'><strong>affirmant</strong></span> 
     </span>
     <span class='ocr_line' id='line_1_9' title="bbox 312 1026 1881 1105; baseline 0.006 -23"><span class='ocrx_word' id='word_1_95' title='bbox 312 1041 391 1084; x_wconf 91' lang='lat' dir='ltr'><strong>num</strong></span> <span class='ocrx_word' id='word_1_96' title='bbox 403 1026 542 1087; x_wconf 84' lang='lat' dir='ltr'><strong>Verbum</strong></span> <span class='ocrx_word' id='word_1_97' title='bbox 557 1047 564 1088; x_wconf 75' lang='grc' dir='ltr'><strong>ε</strong></span> <span class='ocrx_word' id='word_1_98' title='bbox 581 1028 726 1105; x_wconf 85' lang='lat' dir='ltr'><strong>alterum,</strong></span> <span class='ocrx_word' id='word_1_99' title='bbox 737 1029 921 1090; x_wconf 88' lang='lat' dir='ltr'><strong>rationalem</strong></span> <span class='ocrx_word' id='word_1_100' title='bbox 929 1030 1079 1101; x_wconf 88' lang='lat' dir='ltr'><strong>animam,</strong></span> <span class='ocrx_word' id='word_1_101' title='bbox 1132 1029 1280 1090; x_wconf 82' lang='lat' dir='ltr'><strong>Catholici</strong></span> <span class='ocrx_word' id='word_1_102' title='bbox 1295 1047 1457 1090; x_wconf 90' lang='lat' dir='ltr'><strong>summum</strong></span> <span class='ocrx_word' id='word_1_103' title='bbox 1471 1047 1536 1090; x_wconf 91' lang='lat' dir='ltr'><strong>esse</strong></span> <span class='ocrx_word' id='word_1_104' title='bbox 1564 1030 1681 1089; x_wconf 88' lang='lat' dir='ltr'><strong>factum</strong></span> <span class='ocrx_word' id='word_1_105' title='bbox 1696 1031 1881 1101; x_wconf 86' lang='lat' dir='ltr'><strong>sacerdotem,</strong></span> 
     </span>
     <span class='ocr_line' id='line_1_10' title="bbox 313 1117 1884 1200; baseline 0.003 -23"><span class='ocrx_word' id='word_1_106' title='bbox 313 1117 401 1195; x_wconf 87' lang='lat' dir='ltr'><strong>cujus</strong></span> <span class='ocrx_word' id='word_1_107' title='bbox 418 1120 613 1181; x_wconf 87' lang='lat' dir='ltr'><strong>sacerdcsest</strong></span> <span class='ocrx_word' id='word_1_108' title='bbox 627 1140 719 1182; x_wconf 77' lang='lat' dir='ltr'><strong>reuss</strong></span> <span class='ocrx_word' id='word_1_109' title='bbox 732 1123 827 1183; x_wconf 92' lang='lat' dir='ltr'><strong>homo</strong></span> <span class='ocrx_word' id='word_1_110' title='bbox 837 1129 891 1183; x_wconf 65' lang='lat' dir='ltr'><strong>‘to</strong></span> <span class='ocrx_word' id='word_1_111' title='bbox 910 1123 991 1200; x_wconf 89' lang='lat' dir='ltr'><strong>Ergo</strong></span> <span class='ocrx_word' id='word_1_112' title='bbox 1005 1122 1081 1181; x_wconf 87' lang='lat' dir='ltr'><strong>Ver·</strong></span> <span class='ocrx_word' id='word_1_113' title='bbox 1131 1119 1256 1200; x_wconf 85' lang='lat' dir='ltr'><strong>quando</strong></span> <span class='ocrx_word' id='word_1_114' title='bbox 1267 1139 1393 1182; x_wconf 88' lang='lat' dir='ltr'><strong>caruem</strong></span> <span class='ocrx_word' id='word_1_115' title='bbox 1408 1122 1558 1199; x_wconf 87' lang='lat' dir='ltr'><strong>suscepit;</strong></span> <span class='ocrx_word' id='word_1_116' title='bbox 1585 1121 1640 1182; x_wconf 83' lang='lat' dir='ltr'><strong>sed</strong></span> <span class='ocrx_word' id='word_1_117' title='bbox 1663 1139 1728 1181; x_wconf 91' lang='lat' dir='ltr'><strong>nou</strong></span> <span class='ocrx_word' id='word_1_118' title='bbox 1749 1129 1884 1200; x_wconf 72' lang='lat' dir='ltr'><strong>quaterue</strong></span> 
     </span>
     <span class='ocr_line' id='line_1_11' title="bbox 315 1208 1884 1293; baseline 0.004 -25"><span class='ocrx_word' id='word_1_119' title='bbox 315 1208 390 1269; x_wconf 91' lang='lat' dir='ltr'><strong>hum</strong></span> <span class='ocrx_word' id='word_1_120' title='bbox 416 1229 559 1291; x_wconf 80' lang='lat' dir='ltr'><strong>peraeae,</strong></span> <span class='ocrx_word' id='word_1_121' title='bbox 574 1213 620 1272; x_wconf 90' lang='lat' dir='ltr'><strong>uti</strong></span> <span class='ocrx_word' id='word_1_122' title='bbox 648 1215 737 1275; x_wconf 90' lang='lat' dir='ltr'><strong>Patre</strong></span> <span class='ocrx_word' id='word_1_123' title='bbox 765 1213 944 1275; x_wconf 90' lang='lat' dir='ltr'><strong>inferiorem</strong></span> <span class='ocrx_word' id='word_1_124' title='bbox 959 1214 1024 1290; x_wconf 79' lang='lat' dir='ltr'><strong>lici,</strong></span> <span class='ocrx_word' id='word_1_125' title='bbox 1038 1214 1083 1273; x_wconf 93' lang='lat' dir='ltr'><strong>ita</strong></span> <span class='ocrx_word' id='word_1_126' title='bbox 1133 1214 1213 1274; x_wconf 81' lang='lat' dir='ltr'><strong>Deris</strong></span> <span class='ocrx_word' id='word_1_127' title='bbox 1236 1219 1292 1289; x_wconf 90' lang='lat' dir='ltr'><strong>est,</strong></span> <span class='ocrx_word' id='word_1_128' title='bbox 1309 1218 1346 1274; x_wconf 92' lang='lat' dir='ltr'><strong>ut</strong></span> <span class='ocrx_word' id='word_1_129' title='bbox 1373 1219 1493 1273; x_wconf 87' lang='lat' dir='ltr'><strong>mutata</strong></span> <span class='ocrx_word' id='word_1_130' title='bbox 1519 1212 1663 1273; x_wconf 87' lang='lat' dir='ltr'><strong>diviuitas</strong></span> <span class='ocrx_word' id='word_1_131' title='bbox 1687 1214 1765 1293; x_wconf 89' lang='lat' dir='ltr'><strong>ipsa,</strong></span> <span class='ocrx_word' id='word_1_132' title='bbox 1780 1222 1810 1275; x_wconf 88' lang='lat' dir='ltr'><strong>ct</strong></span> <span class='ocrx_word' id='word_1_133' title='bbox 1825 1214 1884 1275; x_wconf 87' lang='lat' dir='ltr'><strong>nori</strong></span> 
     </span>
     <span class='ocr_line' id='line_1_12' title="bbox 314 1303 1884 1385; baseline 0.004 -24"><span class='ocrx_word' id='word_1_134' title='bbox 314 1303 504 1364; x_wconf 77' lang='lat' dir='ltr'><strong>sacerdotem</strong></span> <span class='ocrx_word' id='word_1_135' title='bbox 518 1323 582 1366; x_wconf 90' lang='lat' dir='ltr'><strong>esse</strong></span> <span class='ocrx_word' id='word_1_136' title='bbox 594 1308 711 1368; x_wconf 88' lang='lat' dir='ltr'><strong>statuit.</strong></span> <span class='ocrx_word' id='word_1_137' title='bbox 1133 1305 1248 1385; x_wconf 90' lang='lat' dir='ltr'><strong>aliquid</strong></span> <span class='ocrx_word' id='word_1_138' title='bbox 1261 1306 1340 1366; x_wconf 88' lang='lat' dir='ltr'><strong>facta</strong></span> <span class='ocrx_word' id='word_1_139' title='bbox 1360 1307 1491 1367; x_wconf 87' lang='lat' dir='ltr'><strong>dicatur.</strong></span> <span class='ocrx_word' id='word_1_140' title='bbox 1510 1306 1598 1365; x_wconf 85' lang='lat' dir='ltr'><strong>Hanc</strong></span> <span class='ocrx_word' id='word_1_141' title='bbox 1625 1325 1713 1365; x_wconf 88' lang='lat' dir='ltr'><strong>suam</strong></span> <span class='ocrx_word' id='word_1_142' title='bbox 1729 1307 1769 1368; x_wconf 91' lang='lat' dir='ltr'><strong>de</strong></span> <span class='ocrx_word' id='word_1_143' title='bbox 1784 1307 1884 1367; x_wconf 83' lang='lat' dir='ltr'><strong>Christo</strong></span> 
     </span>
     <span class='ocr_line' id='line_1_13' title="bbox 356 1396 1886 1479; baseline 0.003 -24"><span class='ocrx_word' id='word_1_144' title='bbox 356 1396 412 1455; x_wconf 90' lang='lat' dir='ltr'><strong>ili.</strong></span> <span class='ocrx_word' id='word_1_145' title='bbox 437 1399 475 1457; x_wconf 79' lang='lat' dir='ltr'><strong>lt</strong></span> <span class='ocrx_word' id='word_1_146' title='bbox 489 1398 657 1475; x_wconf 84' lang='lat' dir='ltr'><strong>Nestorius,</strong></span> <span class='ocrx_word' id='word_1_147' title='bbox 672 1399 726 1478; x_wconf 92' lang='lat' dir='ltr'><strong>qui</strong></span> <span class='ocrx_word' id='word_1_148' title='bbox 744 1399 803 1461; x_wconf 91' lang='lat' dir='ltr'><strong>hoc</strong></span> <span class='ocrx_word' id='word_1_149' title='bbox 816 1400 938 1479; x_wconf 87' lang='lat' dir='ltr'><strong>penitus</strong></span> <span class='ocrx_word' id='word_1_150' title='bbox 951 1399 1083 1461; x_wconf 92' lang='lat' dir='ltr'><strong>imbihe-</strong></span> <span class='ocrx_word' id='word_1_151' title='bbox 1133 1400 1289 1459; x_wconf 82' lang='lat' dir='ltr'><strong>sacerdote</strong></span> <span class='ocrx_word' id='word_1_152' title='bbox 1310 1398 1496 1459; x_wconf 88' lang='lat' dir='ltr'><strong>sententiam</strong></span> <span class='ocrx_word' id='word_1_153' title='bbox 1519 1397 1653 1477; x_wconf 83' lang='lat' dir='ltr'><strong>Cyrilius</strong></span> <span class='ocrx_word' id='word_1_154' title='bbox 1665 1399 1700 1458; x_wconf 90' lang='lat' dir='ltr'><strong>in</strong></span> <span class='ocrx_word' id='word_1_155' title='bbox 1722 1401 1886 1460; x_wconf 87' lang='lat' dir='ltr'><strong>anathema·</strong></span> 
     </span>
     <span class='ocr_line' id='line_1_14' title="bbox 316 1488 1886 1572; baseline 0.002 -23"><span class='ocrx_word' id='word_1_156' title='bbox 316 1493 375 1563; x_wconf 85' lang='lat' dir='ltr'><strong>rat,</strong></span> <span class='ocrx_word' id='word_1_157' title='bbox 391 1488 582 1550; x_wconf 88' lang='lat' dir='ltr'><strong>homincma</strong></span> <span class='ocrx_word' id='word_1_158' title='bbox 601 1492 661 1551; x_wconf 86' lang='lat' dir='ltr'><strong>Deo</strong></span> <span class='ocrx_word' id='word_1_159' title='bbox 684 1492 785 1572; x_wconf 89' lang='lat' dir='ltr'><strong>reipsa</strong></span> <span class='ocrx_word' id='word_1_160' title='bbox 808 1511 873 1553; x_wconf 89' lang='lat' dir='ltr'><strong>esse</strong></span> <span class='ocrx_word' id='word_1_161' title='bbox 888 1493 1032 1568; x_wconf 86' lang='lat' dir='ltr'><strong>divisum,</strong></span> <span class='ocrx_word' id='word_1_162' title='bbox 1050 1498 1080 1553; x_wconf 91' lang='lat' dir='ltr'><strong>et</strong></span> <span class='ocrx_word' id='word_1_163' title='bbox 1136 1491 1226 1551; x_wconf 90' lang='lat' dir='ltr'><strong>tismo</strong></span> <span class='ocrx_word' id='word_1_164' title='bbox 1241 1491 1360 1552; x_wconf 89' lang='lat' dir='ltr'><strong>decimo</strong></span> <span class='ocrx_word' id='word_1_165' title='bbox 1376 1490 1516 1570; x_wconf 89' lang='lat' dir='ltr'><strong>concepit</strong></span> <span class='ocrx_word' id='word_1_166' title='bbox 1525 1509 1534 1565; x_wconf 91' lang='lat'>;</span> <span class='ocrx_word' id='word_1_167' title='bbox 1561 1496 1592 1550; x_wconf 90' lang='lat' dir='ltr'><strong>et</strong></span> <span class='ocrx_word' id='word_1_168' title='bbox 1604 1492 1753 1551; x_wconf 82' lang='lat' dir='ltr'><strong>adversus</strong></span> <span class='ocrx_word' id='word_1_169' title='bbox 1767 1492 1886 1552; x_wconf 72' lang='lat' dir='ltr'><strong>Odeum·</strong></span> 
     </span>
     <span class='ocr_line' id='line_1_15' title="bbox 317 1580 1886 1664; baseline 0.001 -22"><span class='ocrx_word' id='word_1_170' title='bbox 317 1580 382 1642; x_wconf 88' lang='lat' dir='ltr'><strong>sola</strong></span> <span class='ocrx_word' id='word_1_171' title='bbox 395 1594 495 1663; x_wconf 64' lang='grc' dir='ltr'>σχετικῇ</span> <span class='ocrx_word' id='word_1_172' title='bbox 519 1582 680 1661; x_wconf 87' lang='lat' dir='ltr'><strong>junctione</strong></span> <span class='ocrx_word' id='word_1_173' title='bbox 706 1585 873 1659; x_wconf 86' lang='lat' dir='ltr'><strong>sociatum;</strong></span> <span class='ocrx_word' id='word_1_174' title='bbox 895 1585 1083 1646; x_wconf 83' lang='lat' dir='ltr'><strong>sacerdotem</strong></span> <span class='ocrx_word' id='word_1_175' title='bbox 1137 1583 1476 1658; x_wconf 87' lang='lat' dir='ltr'><strong>les,acTheodoretum</strong></span> <span class='ocrx_word' id='word_1_176' title='bbox 1504 1583 1670 1662; x_wconf 89' lang='lat' dir='ltr'><strong>imprimis,</strong></span> <span class='ocrx_word' id='word_1_177' title='bbox 1682 1589 1807 1645; x_wconf 88' lang='lat' dir='ltr'><strong>strenue</strong></span> <span class='ocrx_word' id='word_1_178' title='bbox 1830 1603 1886 1664; x_wconf 86' lang='lat' dir='ltr'><strong>pro</strong></span> 
     </span>
     <span class='ocr_line' id='line_1_16' title="bbox 317 1674 1885 1756; baseline 0.001 -22"><span class='ocrx_word' id='word_1_179' title='bbox 317 1692 382 1735; x_wconf 90' lang='lat' dir='ltr'><strong>esse</strong></span> <span class='ocrx_word' id='word_1_180' title='bbox 398 1674 555 1735; x_wconf 86' lang='lat' dir='ltr'><strong>Christum</strong></span> <span class='ocrx_word' id='word_1_181' title='bbox 566 1676 692 1755; x_wconf 76' lang='lat' dir='ltr'><strong>praecise</strong></span> <span class='ocrx_word' id='word_1_182' title='bbox 706 1696 767 1756; x_wconf 91' lang='lat' dir='ltr'><strong>qua</strong></span> <span class='ocrx_word' id='word_1_183' title='bbox 786 1678 958 1751; x_wconf 89' lang='lat' dir='ltr'><strong>homiuem,</strong></span> <span class='ocrx_word' id='word_1_184' title='bbox 979 1676 1083 1737; x_wconf 85' lang='lat' dir='ltr'><strong>existi·</strong></span> <span class='ocrx_word' id='word_1_185' title='bbox 1136 1677 1285 1755; x_wconf 81' lang='lat' dir='ltr'><strong>pugnavit</strong></span> <span class='ocrx_word' id='word_1_186' title='bbox 1298 1692 1310 1734; x_wconf 93' lang='lat'><strong>.·</strong></span> <span class='ocrx_word' id='word_1_187' title='bbox 1324 1683 1360 1736; x_wconf 94' lang='lat' dir='ltr'><strong>ut</strong></span> <span class='ocrx_word' id='word_1_188' title='bbox 1374 1675 1407 1735; x_wconf 92' lang='lat' dir='ltr'><strong>iu</strong></span> <span class='ocrx_word' id='word_1_189' title='bbox 1420 1675 1500 1735; x_wconf 89' lang='lat' dir='ltr'><strong>libro</strong></span> <span class='ocrx_word' id='word_1_190' title='bbox 1528 1680 1615 1735; x_wconf 88' lang='lat' dir='ltr'><strong>sexto</strong></span> <span class='ocrx_word' id='word_1_191' title='bbox 1634 1674 1885 1737; x_wconf 79' lang='lat' dir='ltr'><strong>declaravimus¹z</strong></span> 
     </span>
     <span class='ocr_line' id='line_1_17' title="bbox 147 1759 1887 1846; baseline 0.001 -19"><span class='ocrx_word' id='word_1_192' title='bbox 147 1759 280 1803; x_wconf 69' lang='lat'><strong>¹¹¹¹¹⁰⁸¹¹⁰⁵⁰</strong></span> <span class='ocrx_word' id='word_1_193' title='bbox 318 1766 444 1828; x_wconf 87' lang='lat' dir='ltr'><strong>mahat:</strong></span> <span class='ocrx_word' id='word_1_194' title='bbox 462 1785 518 1827; x_wconf 91' lang='lat' dir='ltr'><strong>neo</strong></span> <span class='ocrx_word' id='word_1_195' title='bbox 537 1767 596 1827; x_wconf 88' lang='lat' dir='ltr'><strong>dici</strong></span> <span class='ocrx_word' id='word_1_196' title='bbox 623 1768 799 1846; x_wconf 88' lang='lat' dir='ltr'><strong>patiebatur</strong></span> <span class='ocrx_word' id='word_1_197' title='bbox 826 1769 926 1829; x_wconf 88' lang='lat' dir='ltr'><strong>filium</strong></span> <span class='ocrx_word' id='word_1_198' title='bbox 952 1770 1019 1843; x_wconf 90' lang='lat' dir='ltr'><strong>Dei,</strong></span> <span class='ocrx_word' id='word_1_199' title='bbox 1036 1767 1085 1828; x_wconf 86' lang='lat' dir='ltr'><strong>vel</strong></span> <span class='ocrx_word' id='word_1_200' title='bbox 1135 1767 1191 1827; x_wconf 90' lang='lat' dir='ltr'><strong>abi</strong></span> <span class='ocrx_word' id='word_1_201' title='bbox 1217 1769 1389 1828; x_wconf 87' lang='lat' dir='ltr'><strong>contrarios</strong></span> <span class='ocrx_word' id='word_1_202' title='bbox 1416 1768 1535 1846; x_wconf 86' lang='lat' dir='ltr'><strong>Gyrilli,</strong></span> <span class='ocrx_word' id='word_1_203' title='bbox 1551 1787 1587 1829; x_wconf 90' lang='lat' dir='ltr'><strong>ac</strong></span> <span class='ocrx_word' id='word_1_204' title='bbox 1612 1769 1746 1829; x_wconf 89' lang='lat' dir='ltr'><strong>Nestorii</strong></span> <span class='ocrx_word' id='word_1_205' title='bbox 1772 1787 1887 1830; x_wconf 86' lang='lat' dir='ltr'><strong>canones</strong></span> 
     </span>
    </p>
   </div>
   <div class='ocr_carea' id='block_1_3' title="bbox 147 1812 1888 2219">
    <p class='ocr_par' dir='ltr' id='par_1_3' title="bbox 147 1812 1888 2219">
     <span class='ocr_line' id='line_1_18' title="bbox 147 1812 1888 1961; baseline 0.001 -41"><span class='ocrx_word' id='word_1_206' title='bbox 147 1812 292 1961; x_wconf 38' lang='lat'><strong>⁰3:⁰23&amp;-</strong></span> <span class='ocrx_word' id='word_1_207' title='bbox 318 1861 416 1920; x_wconf 86' lang='lat' dir='ltr'><strong>Deum</strong></span> <span class='ocrx_word' id='word_1_208' title='bbox 443 1877 509 1920; x_wconf 87' lang='lat' dir='ltr'><strong>esse</strong></span> <span class='ocrx_word' id='word_1_209' title='bbox 535 1859 745 1936; x_wconf 90' lang='lat' dir='ltr'><strong>sacerdotem,</strong></span> <span class='ocrx_word' id='word_1_210' title='bbox 773 1862 830 1922; x_wconf 89' lang='lat' dir='ltr'><strong>etsi</strong></span> <span class='ocrx_word' id='word_1_211' title='bbox 856 1862 915 1922; x_wconf 89' lang='lat' dir='ltr'><strong>hoc</strong></span> <span class='ocrx_word' id='word_1_212' title='bbox 945 1861 1083 1937; x_wconf 65' lang='lat' dir='ltr'><strong>adderes</strong></span> <span class='ocrx_word' id='word_1_213' title='bbox 1135 1860 1212 1920; x_wconf 90' lang='lat' dir='ltr'><strong>duos</strong></span> <span class='ocrx_word' id='word_1_214' title='bbox 1223 1860 1280 1920; x_wconf 91' lang='lat' dir='ltr'><strong>sibi</strong></span> <span class='ocrx_word' id='word_1_215' title='bbox 1303 1859 1436 1921; x_wconf 87' lang='lat' dir='ltr'><strong>invicem</strong></span> <span class='ocrx_word' id='word_1_216' title='bbox 1447 1860 1660 1939; x_wconf 91' lang='lat' dir='ltr'><strong>opposuimus,</strong></span> <span class='ocrx_word' id='word_1_217' title='bbox 1669 1866 1701 1921; x_wconf 89' lang='lat' dir='ltr'><strong>et</strong></span> <span class='ocrx_word' id='word_1_218' title='bbox 1712 1881 1784 1941; x_wconf 80' lang='lat' dir='ltr'><strong>qnae</strong></span> <span class='ocrx_word' id='word_1_219' title='bbox 1808 1862 1888 1921; x_wconf 81' lang='lat' dir='ltr'><strong>uum-</strong></span> 
     </span>
     <span class='ocr_line' id='line_1_19' title="bbox 161 1929 1886 2034; baseline 0 -19"><span class='ocrx_word' id='word_1_220' title='bbox 161 1929 279 2016; x_wconf 64' lang='lat' dir='ltr'><strong>co&#39;iifi&#39;usu.</strong></span> <span class='ocrx_word' id='word_1_221' title='bbox 318 1951 472 2013; x_wconf 67' lang='lat' dir='ltr'><strong>serrandum</strong></span> <span class='ocrx_word' id='word_1_222' title='bbox 501 1971 630 2031; x_wconf 84' lang='lat' dir='ltr'><strong>caruem,</strong></span> <span class='ocrx_word' id='word_1_223' title='bbox 654 1954 714 2026; x_wconf 89' lang='lat' dir='ltr'><strong>vel,</strong></span> <span class='ocrx_word' id='word_1_224' title='bbox 740 1960 773 2013; x_wconf 86' lang='lat' dir='ltr'><strong>ot</strong></span> <span class='ocrx_word' id='word_1_225' title='bbox 798 1953 880 2015; x_wconf 79' lang='lat' dir='ltr'><strong>homo</strong></span> <span class='ocrx_word' id='word_1_226' title='bbox 903 1961 956 2031; x_wconf 87' lang='lat' dir='ltr'><strong>est,</strong></span> <span class='ocrx_word' id='word_1_227' title='bbox 971 1954 1086 2033; x_wconf 90' lang='lat' dir='ltr'><strong>quippe</strong></span> <span class='ocrx_word' id='word_1_228' title='bbox 1137 1970 1197 2030; x_wconf 89' lang='lat' dir='ltr'><strong>que</strong></span> <span class='ocrx_word' id='word_1_229' title='bbox 1211 1951 1249 2012; x_wconf 92' lang='lat' dir='ltr'><strong>ab</strong></span> <span class='ocrx_word' id='word_1_230' title='bbox 1263 1952 1323 2012; x_wconf 89' lang='lat' dir='ltr'><strong>illis</strong></span> <span class='ocrx_word' id='word_1_231' title='bbox 1342 1951 1497 2031; x_wconf 88' lang='lat' dir='ltr'><strong>disputata</strong></span> <span class='ocrx_word' id='word_1_232' title='bbox 1511 1957 1595 2027; x_wconf 91' lang='lat' dir='ltr'><strong>sunt,</strong></span> <span class='ocrx_word' id='word_1_233' title='bbox 1615 1960 1760 2015; x_wconf 87' lang='lat' dir='ltr'><strong>accurate</strong></span> <span class='ocrx_word' id='word_1_234' title='bbox 1775 1972 1886 2034; x_wconf 82' lang='lat' dir='ltr'><strong>perpau-</strong></span> 
     </span>
     <span class='ocr_line' id='line_1_20' title="bbox 319 2042 1888 2125; baseline -0.003 -18"><span class='ocrx_word' id='word_1_235' title='bbox 319 2053 431 2124; x_wconf 75' lang='grc' dir='ltr'>ρυσικὴν,</span> <span class='ocrx_word' id='word_1_236' title='bbox 446 2045 547 2122; x_wconf 88' lang='lat' dir='ltr'><strong>idest,</strong></span> <span class='ocrx_word' id='word_1_237' title='bbox 564 2064 660 2107; x_wconf 86' lang='lat' dir='ltr'><strong>veram</strong></span> <span class='ocrx_word' id='word_1_238' title='bbox 674 2047 849 2108; x_wconf 89' lang='lat' dir='ltr'><strong>unitionem</strong></span> <span class='ocrx_word' id='word_1_239' title='bbox 860 2046 1084 2125; x_wconf 84' lang='lat' dir='ltr'><strong>negabat,quae</strong></span> <span class='ocrx_word' id='word_1_240' title='bbox 1137 2042 1249 2102; x_wconf 89' lang='lat' dir='ltr'><strong>dimus.</strong></span> <span class='ocrx_word' id='word_1_241' title='bbox 1288 2042 1418 2102; x_wconf 86' lang='lat' dir='ltr'><strong>Summa</strong></span> <span class='ocrx_word' id='word_1_242' title='bbox 1452 2060 1545 2121; x_wconf 89' lang='lat' dir='ltr'><strong>porro</strong></span> <span class='ocrx_word' id='word_1_243' title='bbox 1580 2043 1736 2104; x_wconf 90' lang='lat' dir='ltr'><strong>dictorum</strong></span> <span class='ocrx_word' id='word_1_244' title='bbox 1772 2044 1813 2104; x_wconf 90' lang='lat' dir='ltr'><strong>ibi</strong></span> <span class='ocrx_word' id='word_1_245' title='bbox 1843 2043 1888 2102; x_wconf 82' lang='lat' dir='ltr'><strong>ists</strong></span> 
     </span>
     <span class='ocr_line' id='line_1_21' title="bbox 320 2134 1888 2219; baseline -0.001 -22"><span class='ocrx_word' id='word_1_246' title='bbox 320 2138 385 2197; x_wconf 92' lang='lat' dir='ltr'><strong>sola</strong></span> <span class='ocrx_word' id='word_1_247' title='bbox 402 2138 484 2214; x_wconf 88' lang='lat' dir='ltr'><strong>facit,</strong></span> <span class='ocrx_word' id='word_1_248' title='bbox 498 2146 534 2198; x_wconf 90' lang='lat' dir='ltr'><strong>ut</strong></span> <span class='ocrx_word' id='word_1_249' title='bbox 548 2157 595 2211; x_wconf 90' lang='lat' dir='ltr'><strong>ea,</strong></span> <span class='ocrx_word' id='word_1_250' title='bbox 612 2157 682 2218; x_wconf 85' lang='lat' dir='ltr'><strong>quae</strong></span> <span class='ocrx_word' id='word_1_251' title='bbox 711 2139 845 2200; x_wconf 91' lang='lat' dir='ltr'><strong>hominis</strong></span> <span class='ocrx_word' id='word_1_252' title='bbox 859 2139 985 2219; x_wconf 88' lang='lat' dir='ltr'><strong>propria</strong></span> <span class='ocrx_word' id='word_1_253' title='bbox 999 2144 1082 2215; x_wconf 87' lang='lat' dir='ltr'><strong>sunt,</strong></span> <span class='ocrx_word' id='word_1_254' title='bbox 1138 2135 1300 2195; x_wconf 88' lang='lat' dir='ltr'><strong>conficitur</strong></span> <span class='ocrx_word' id='word_1_255' title='bbox 1317 2154 1324 2194; x_wconf 92' lang='lat'>:</span> <span class='ocrx_word' id='word_1_256' title='bbox 1341 2134 1479 2195; x_wconf 88' lang='lat' dir='ltr'><strong>Verbum</strong></span> <span class='ocrx_word' id='word_1_257' title='bbox 1502 2134 1606 2214; x_wconf 87' lang='lat' dir='ltr'><strong>ipsum</strong></span> <span class='ocrx_word' id='word_1_258' title='bbox 1630 2147 1790 2216; x_wconf 86' lang='lat' dir='ltr'><strong>assumpta</strong></span> <span class='ocrx_word' id='word_1_259' title='bbox 1814 2153 1888 2196; x_wconf 89' lang='lat' dir='ltr'><strong>carne</strong></span> 
     </span>
    </p>
   </div>
   <div class='ocr_carea' id='block_1_4' title="bbox 320 2226 1890 2309">
    <p class='ocr_par' dir='ltr' id='par_1_4' title="bbox 320 2226 1890 2309">
     <span class='ocr_line' id='line_1_22' title="bbox 320 2226 1890 2309; baseline -0.002 -20"><span class='ocrx_word' id='word_1_260' title='bbox 320 2230 382 2289; x_wconf 89' lang='lat' dir='ltr'><strong>Deo</strong></span> <span class='ocrx_word' id='word_1_261' title='bbox 408 2235 641 2309; x_wconf 77' lang='lat' dir='ltr'><strong>nuncupentur.</strong></span> <span class='ocrx_word' id='word_1_262' title='bbox 676 2231 823 2305; x_wconf 81' lang='lat' dir='ltr'><strong>Quocirca</strong></span> <span class='ocrx_word' id='word_1_263' title='bbox 857 2231 1026 2305; x_wconf 85' lang='lat' dir='ltr'><strong>Nestorius,</strong></span> <span class='ocrx_word' id='word_1_264' title='bbox 1051 2235 1086 2291; x_wconf 90' lang='lat' dir='ltr'><strong>ut</strong></span> <span class='ocrx_word' id='word_1_265' title='bbox 1138 2228 1328 2287; x_wconf 83' lang='lat' dir='ltr'><strong>sacerdotem</strong></span> <span class='ocrx_word' id='word_1_266' title='bbox 1341 2245 1406 2287; x_wconf 89' lang='lat' dir='ltr'><strong>esse</strong></span> <span class='ocrx_word' id='word_1_267' title='bbox 1432 2226 1546 2287; x_wconf 89' lang='lat' dir='ltr'><strong>factum</strong></span> <span class='ocrx_word' id='word_1_268' title='bbox 1559 2244 1567 2301; x_wconf 93' lang='lat'>;</span> <span class='ocrx_word' id='word_1_269' title='bbox 1582 2228 1668 2306; x_wconf 93' lang='lat' dir='ltr'><strong>quod</strong></span> <span class='ocrx_word' id='word_1_270' title='bbox 1687 2245 1738 2289; x_wconf 92' lang='lat' dir='ltr'><strong>eos</strong></span> <span class='ocrx_word' id='word_1_271' title='bbox 1763 2229 1890 2289; x_wconf 88' lang='lat' dir='ltr'><strong>solosue·</strong></span> 
     </span>
    </p>
   </div>
   <div class='ocr_carea' id='block_1_5' title="bbox 178 1571 264 1615">
    <p class='ocr_par' dir='ltr' id='par_1_5' title="bbox 178 1571 264 1615">
     <span class='ocr_line' id='line_1_23' title="bbox 178 1571 264 1615; baseline 0 0"><span class='ocrx_word' id='word_1_272' title='bbox 178 1571 264 1615; x_wconf 71' lang='lat' dir='ltr'><strong>limati.</strong></span> 
     </span>
    </p>
   </div>
   <div class='ocr_carea' id='block_1_6' title="bbox 320 2319 1950 4707">
    <p class='ocr_par' dir='ltr' id='par_1_6' title="bbox 320 2319 1950 4707">
     <span class='ocr_line' id='line_1_24' title="bbox 322 2319 1889 2398; baseline -0.001 -16"><span class='ocrx_word' id='word_1_273' title='bbox 322 2322 494 2383; x_wconf 87' lang='lat' dir='ltr'><strong>Catholieos</strong></span> <span class='ocrx_word' id='word_1_274' title='bbox 520 2323 554 2382; x_wconf 90' lang='lat' dir='ltr'><strong>iu</strong></span> <span class='ocrx_word' id='word_1_275' title='bbox 568 2322 718 2383; x_wconf 88' lang='lat' dir='ltr'><strong>invidiam</strong></span> <span class='ocrx_word' id='word_1_276' title='bbox 744 2329 879 2396; x_wconf 88' lang='lat' dir='ltr'><strong>vocaret,</strong></span> <span class='ocrx_word' id='word_1_277' title='bbox 907 2323 1085 2384; x_wconf 83' lang='lat' dir='ltr'><strong>siccorum</strong></span> <span class='ocrx_word' id='word_1_278' title='bbox 1138 2338 1212 2398; x_wconf 89' lang='lat' dir='ltr'><strong>gare</strong></span> <span class='ocrx_word' id='word_1_279' title='bbox 1226 2320 1393 2393; x_wconf 80' lang='lat' dir='ltr'><strong>contendit,</strong></span> <span class='ocrx_word' id='word_1_280' title='bbox 1408 2319 1463 2397; x_wconf 92' lang='lat' dir='ltr'><strong>qui</strong></span> <span class='ocrx_word' id='word_1_281' title='bbox 1489 2337 1597 2380; x_wconf 88' lang='lat' dir='ltr'><strong>revera</strong></span> <span class='ocrx_word' id='word_1_282' title='bbox 1625 2319 1822 2382; x_wconf 86' lang='lat' dir='ltr'><strong>incarnatum</strong></span> <span class='ocrx_word' id='word_1_283' title='bbox 1837 2336 1889 2380; x_wconf 81' lang='lat' dir='ltr'><strong>csso</strong></span> 
     </span>
     <span class='ocr_line' id='line_1_25' title="bbox 321 2410 1889 2495; baseline -0.003 -22"><span class='ocrx_word' id='word_1_284' title='bbox 321 2412 541 2492; x_wconf 82' lang='lat' dir='ltr'><strong>professionem</strong></span> <span class='ocrx_word' id='word_1_285' title='bbox 559 2414 791 2493; x_wconf 89' lang='lat' dir='ltr'><strong>interpretatur,</strong></span> <span class='ocrx_word' id='word_1_286' title='bbox 806 2422 954 2495; x_wconf 87' lang='lat' dir='ltr'><strong>tanquam</strong></span> <span class='ocrx_word' id='word_1_287' title='bbox 973 2416 1083 2475; x_wconf 83' lang='lat' dir='ltr'><strong>divini·</strong></span> <span class='ocrx_word' id='word_1_288' title='bbox 1139 2430 1203 2472; x_wconf 89' lang='lat' dir='ltr'><strong>non</strong></span> <span class='ocrx_word' id='word_1_289' title='bbox 1231 2412 1371 2472; x_wconf 88' lang='lat' dir='ltr'><strong>eredunt.</strong></span> <span class='ocrx_word' id='word_1_290' title='bbox 1397 2414 1463 2485; x_wconf 83' lang='lat' dir='ltr'><strong>Quo</strong></span> <span class='ocrx_word' id='word_1_291' title='bbox 1485 2411 1640 2472; x_wconf 90' lang='lat' dir='ltr'><strong>nefarium</strong></span> <span class='ocrx_word' id='word_1_292' title='bbox 1666 2413 1744 2473; x_wconf 91' lang='lat' dir='ltr'><strong>illud</strong></span> <span class='ocrx_word' id='word_1_293' title='bbox 1778 2410 1889 2473; x_wconf 79' lang='lat' dir='ltr'><strong>Nestorii</strong></span> 
     </span>
     <span class='ocr_line' id='line_1_26' title="bbox 320 2502 1890 2586; baseline -0.002 -20"><span class='ocrx_word' id='word_1_294' title='bbox 320 2513 417 2566; x_wconf 90' lang='lat' dir='ltr'><strong>tatem</strong></span> <span class='ocrx_word' id='word_1_295' title='bbox 428 2506 538 2585; x_wconf 88' lang='lat' dir='ltr'><strong>ipsum,</strong></span> <span class='ocrx_word' id='word_1_296' title='bbox 554 2506 734 2586; x_wconf 82' lang='lat' dir='ltr'><strong>pontificem</strong></span> <span class='ocrx_word' id='word_1_297' title='bbox 748 2525 812 2567; x_wconf 90' lang='lat' dir='ltr'><strong>esse</strong></span> <span class='ocrx_word' id='word_1_298' title='bbox 823 2507 971 2568; x_wconf 89' lang='lat' dir='ltr'><strong>dicerent.</strong></span> <span class='ocrx_word' id='word_1_299' title='bbox 980 2508 1089 2567; x_wconf 81' lang='lat' dir='ltr'><strong>Exstat</strong></span> <span class='ocrx_word' id='word_1_300' title='bbox 1139 2505 1256 2565; x_wconf 89' lang='lat' dir='ltr'><strong>dictum</strong></span> <span class='ocrx_word' id='word_1_301' title='bbox 1270 2502 1403 2583; x_wconf 86' lang='lat' dir='ltr'><strong>pertinet</strong></span> <span class='ocrx_word' id='word_1_302' title='bbox 1416 2524 1423 2563; x_wconf 92' lang='lat'>:</span> <span class='ocrx_word' id='word_1_303' title='bbox 1436 2503 1490 2583; x_wconf 90' lang='lat' dir='ltr'><strong>qui</strong></span> <span class='ocrx_word' id='word_1_304' title='bbox 1505 2505 1663 2565; x_wconf 88' lang='lat' dir='ltr'><strong>Christum</strong></span> <span class='ocrx_word' id='word_1_305' title='bbox 1677 2519 1800 2585; x_wconf 69' lang='grc' dir='ltr'><strong>προκοπῇ,</strong></span> <span class='ocrx_word' id='word_1_306' title='bbox 1815 2504 1890 2565; x_wconf 90' lang='lat' dir='ltr'><strong>idest</strong></span> 
     </span>
     <span class='ocr_line' id='line_1_27' title="bbox 321 2596 1890 2678; baseline -0.003 -19"><span class='ocrx_word' id='word_1_307' title='bbox 321 2598 404 2659; x_wconf 88' lang='lat' dir='ltr'><strong>illius</strong></span> <span class='ocrx_word' id='word_1_308' title='bbox 415 2598 568 2658; x_wconf 86' lang='lat' dir='ltr'><strong>cavillatio</strong></span> <span class='ocrx_word' id='word_1_309' title='bbox 582 2599 664 2677; x_wconf 91' lang='lat' dir='ltr'><strong>apud</strong></span> <span class='ocrx_word' id='word_1_310' title='bbox 678 2599 827 2678; x_wconf 90' lang='lat' dir='ltr'><strong>Cyrillum</strong></span> <span class='ocrx_word' id='word_1_311' title='bbox 836 2599 916 2660; x_wconf 87' lang='lat' dir='ltr'><strong>libro</strong></span> <span class='ocrx_word' id='word_1_312' title='bbox 929 2599 1018 2660; x_wconf 91' lang='lat' dir='ltr'><strong>tertio</strong></span> <span class='ocrx_word' id='word_1_313' title='bbox 1032 2599 1087 2659; x_wconf 89' lang='lat' dir='ltr'><strong>ad·</strong></span> <span class='ocrx_word' id='word_1_314' title='bbox 1137 2596 1283 2677; x_wconf 69' lang='lat' dir='ltr'><strong>prostrato,</strong></span> <span class='ocrx_word' id='word_1_315' title='bbox 1310 2601 1340 2657; x_wconf 88' lang='lat' dir='ltr'><strong>et</strong></span> <span class='ocrx_word' id='word_1_316' title='bbox 1366 2597 1559 2657; x_wconf 89' lang='lat' dir='ltr'><strong>incremento</strong></span> <span class='ocrx_word' id='word_1_317' title='bbox 1568 2598 1748 2670; x_wconf 81' lang='lat' dir='ltr'><strong>sanctitatis,</strong></span> <span class='ocrx_word' id='word_1_318' title='bbox 1765 2598 1890 2658; x_wconf 87' lang='lat' dir='ltr'><strong>adsaeer·</strong></span> 
     </span>
     <span class='ocr_line' id='line_1_28' title="bbox 322 2688 1889 2768; baseline -0.001 -18"><span class='ocrx_word' id='word_1_319' title='bbox 322 2708 428 2751; x_wconf 88' lang='lat' dir='ltr'><strong>versus</strong></span> <span class='ocrx_word' id='word_1_320' title='bbox 454 2689 563 2765; x_wconf 91' lang='lat' dir='ltr'><strong>illum,</strong></span> <span class='ocrx_word' id='word_1_321' title='bbox 590 2690 645 2750; x_wconf 93' lang='lat' dir='ltr'><strong>ubi</strong></span> <span class='ocrx_word' id='word_1_322' title='bbox 673 2690 715 2751; x_wconf 92' lang='lat' dir='ltr'><strong>ita</strong></span> <span class='ocrx_word' id='word_1_323' title='bbox 750 2691 920 2751; x_wconf 85' lang='lat' dir='ltr'><strong>Catholicos</strong></span> <span class='ocrx_word' id='word_1_324' title='bbox 952 2690 1085 2751; x_wconf 86' lang='lat' dir='ltr'><strong>incessit.</strong></span> <span class='ocrx_word' id='word_1_325' title='bbox 1139 2688 1259 2748; x_wconf 90' lang='lat' dir='ltr'><strong>dotium</strong></span> <span class='ocrx_word' id='word_1_326' title='bbox 1272 2688 1577 2768; x_wconf 83' lang='lat' dir='ltr'><strong>pervenissedioehat</strong></span> <span class='ocrx_word' id='word_1_327' title='bbox 1593 2708 1601 2748; x_wconf 76' lang='grc' dir='ltr'>ε</span> <span class='ocrx_word' id='word_1_328' title='bbox 1617 2694 1652 2750; x_wconf 93' lang='lat' dir='ltr'><strong>ut</strong></span> <span class='ocrx_word' id='word_1_329' title='bbox 1674 2689 1791 2750; x_wconf 89' lang='lat' dir='ltr'><strong>ibidem</strong></span> <span class='ocrx_word' id='word_1_330' title='bbox 1810 2689 1889 2750; x_wconf 82' lang='lat' dir='ltr'><strong>adro</strong></span> 
     </span>
     <span class='ocr_line' id='line_1_29' title="bbox 327 2781 1284 2863; baseline -0.003 -21"><span class='ocrx_word' id='word_1_331' title='bbox 327 2783 502 2863; x_wconf 69' lang='lat' dir='ltr'><strong>«Apostoli,</strong></span> <span class='ocrx_word' id='word_1_332' title='bbox 518 2783 629 2861; x_wconf 88' lang='lat' dir='ltr'><strong>inquit,</strong></span> <span class='ocrx_word' id='word_1_333' title='bbox 653 2801 769 2844; x_wconf 88' lang='lat' dir='ltr'><strong>nomeu</strong></span> <span class='ocrx_word' id='word_1_334' title='bbox 796 2783 965 2857; x_wconf 87' lang='lat' dir='ltr'><strong>audientes,</strong></span> <span class='ocrx_word' id='word_1_335' title='bbox 990 2784 1089 2844; x_wconf 89' lang='lat' dir='ltr'><strong>Deum</strong></span> <span class='ocrx_word' id='word_1_336' title='bbox 1140 2781 1284 2840; x_wconf 87' lang='lat' dir='ltr'><strong>favimus.</strong></span> 
     </span>
     <span class='ocr_line' id='line_1_30' title="bbox 323 2870 1949 2955; baseline -0.002 -19"><span class='ocrx_word' id='word_1_337' title='bbox 323 2876 463 2936; x_wconf 87' lang='lat' dir='ltr'><strong>Verbum</strong></span> <span class='ocrx_word' id='word_1_338' title='bbox 496 2875 674 2952; x_wconf 88' lang='lat' dir='ltr'><strong>intelligunt</strong></span> <span class='ocrx_word' id='word_1_339' title='bbox 708 2877 904 2955; x_wconf 86' lang='lat' dir='ltr'><strong>Apostolum.</strong></span> <span class='ocrx_word' id='word_1_340' title='bbox 931 2876 1090 2936; x_wconf 86' lang='lat' dir='ltr'><strong>Pontifiois</strong></span> <span class='ocrx_word' id='word_1_341' title='bbox 1181 2873 1235 2933; x_wconf 91' lang='lat' dir='ltr'><strong>IV.</strong></span> <span class='ocrx_word' id='word_1_342' title='bbox 1260 2870 1355 2950; x_wconf 87' lang='lat' dir='ltr'><strong>lgitur</strong></span> <span class='ocrx_word' id='word_1_343' title='bbox 1369 2872 1453 2933; x_wconf 89' lang='lat' dir='ltr'><strong>Deus</strong></span> <span class='ocrx_word' id='word_1_344' title='bbox 1465 2872 1603 2933; x_wconf 89' lang='lat' dir='ltr'><strong>Verbum</strong></span> <span class='ocrx_word' id='word_1_345' title='bbox 1626 2881 1792 2954; x_wconf 86' lang='lat' dir='ltr'><strong>postquam</strong></span> <span class='ocrx_word' id='word_1_346' title='bbox 1815 2874 1890 2935; x_wconf 88' lang='lat' dir='ltr'><strong>homo</strong></span> <span class='ocrx_word' id='word_1_347' title='bbox 1925 2888 1949 2929; x_wconf 78' lang='lat' dir='ltr'><strong>u</strong></span> 
     </span>
     <span class='ocr_line' id='line_1_31' title="bbox 323 2952 1950 3048; baseline -0.002 -19"><span class='ocrx_word' id='word_1_348' title='bbox 323 2968 562 3048; x_wconf 86' lang='lat' dir='ltr'><strong>appeliationem</strong></span> <span class='ocrx_word' id='word_1_349' title='bbox 582 2968 730 3046; x_wconf 87' lang='lat' dir='ltr'><strong>legentes,</strong></span> <span class='ocrx_word' id='word_1_350' title='bbox 745 2968 938 3029; x_wconf 85' lang='lat' dir='ltr'><strong>divinitatem</strong></span> <span class='ocrx_word' id='word_1_351' title='bbox 958 2968 1016 3027; x_wconf 89' lang='lat' dir='ltr'><strong>sibi</strong></span> <span class='ocrx_word' id='word_1_352' title='bbox 1030 2968 1089 3028; x_wconf 88' lang='lat' dir='ltr'><strong>iin-</strong></span> <span class='ocrx_word' id='word_1_353' title='bbox 1140 2964 1237 3025; x_wconf 90' lang='lat' dir='ltr'><strong>factus</strong></span> <span class='ocrx_word' id='word_1_354' title='bbox 1251 2970 1306 3036; x_wconf 86' lang='lat' dir='ltr'><strong>est,</strong></span> <span class='ocrx_word' id='word_1_355' title='bbox 1322 2965 1462 3025; x_wconf 87' lang='lat' dir='ltr'><strong>sacerdos</strong></span> <span class='ocrx_word' id='word_1_356' title='bbox 1477 2965 1570 3025; x_wconf 87' lang='lat' dir='ltr'><strong>etiam</strong></span> <span class='ocrx_word' id='word_1_357' title='bbox 1584 2971 1615 3025; x_wconf 89' lang='lat' dir='ltr'><strong>et</strong></span> <span class='ocrx_word' id='word_1_358' title='bbox 1636 2967 1777 3046; x_wconf 83' lang='lat' dir='ltr'><strong>pontifex</strong></span> <span class='ocrx_word' id='word_1_359' title='bbox 1797 2967 1891 3028; x_wconf 85' lang='lat' dir='ltr'><strong>dicitm</strong></span> <span class='ocrx_word' id='word_1_360' title='bbox 1908 2952 1950 3026; x_wconf 71' lang='lat'><strong>⁰,</strong></span> 
     </span>
     <span class='ocr_line' id='line_1_32' title="bbox 325 3057 1891 3139; baseline -0.002 -19"><span class='ocrx_word' id='word_1_361' title='bbox 325 3067 402 3136; x_wconf 79' lang='lat' dir='ltr'><strong>grint</strong></span> <span class='ocrx_word' id='word_1_362' title='bbox 416 3059 605 3139; x_wconf 88' lang='lat' dir='ltr'><strong>pontificem,</strong></span> <span class='ocrx_word' id='word_1_363' title='bbox 621 3060 798 3121; x_wconf 85' lang='lat' dir='ltr'><strong>admirabili</strong></span> <span class='ocrx_word' id='word_1_364' title='bbox 813 3061 948 3139; x_wconf 89' lang='lat' dir='ltr'><strong>quadam</strong></span> <span class='ocrx_word' id='word_1_365' title='bbox 961 3061 1092 3120; x_wconf 88' lang='lat' dir='ltr'><strong>insaniae</strong></span> <span class='ocrx_word' id='word_1_366' title='bbox 1142 3075 1206 3118; x_wconf 88' lang='lat' dir='ltr'><strong>csse</strong></span> <span class='ocrx_word' id='word_1_367' title='bbox 1220 3057 1327 3130; x_wconf 88' lang='lat' dir='ltr'><strong>factus,</strong></span> <span class='ocrx_word' id='word_1_368' title='bbox 1344 3075 1408 3117; x_wconf 90' lang='lat' dir='ltr'><strong>non</strong></span> <span class='ocrx_word' id='word_1_369' title='bbox 1423 3059 1547 3117; x_wconf 88' lang='lat' dir='ltr'><strong>utDeus</strong></span> <span class='ocrx_word' id='word_1_370' title='bbox 1561 3058 1684 3129; x_wconf 86' lang='lat' dir='ltr'><strong>est,sed</strong></span> <span class='ocrx_word' id='word_1_371' title='bbox 1697 3059 1891 3119; x_wconf 81' lang='lat' dir='ltr'><strong>uthomore-</strong></span> 
     </span>
     <span class='ocr_line' id='line_1_33' title="bbox 324 3149 1945 3231; baseline -0.002 -21"><span class='ocrx_word' id='word_1_372' title='bbox 324 3150 452 3230; x_wconf 49' lang='lat' dir='ltr'><strong>specie&amp;</strong></span> <span class='ocrx_word' id='word_1_373' title='bbox 466 3169 480 3205; x_wconf 82' lang='lat' dir='ltr'><strong>o</strong></span> <span class='ocrx_word' id='word_1_374' title='bbox 507 3152 588 3210; x_wconf 81' lang='lat' dir='ltr'><strong>&#39;l‘um</strong></span> <span class='ocrx_word' id='word_1_375' title='bbox 615 3155 798 3227; x_wconf 88' lang='lat' dir='ltr'><strong>argumenta</strong></span> <span class='ocrx_word' id='word_1_376' title='bbox 821 3149 954 3227; x_wconf 84' lang='lat' dir='ltr'><strong>subjicit,</strong></span> <span class='ocrx_word' id='word_1_377' title='bbox 978 3149 1092 3228; x_wconf 90' lang='lat' dir='ltr'><strong>quihus</strong></span> <span class='ocrx_word' id='word_1_378' title='bbox 1142 3169 1205 3211; x_wconf 91' lang='lat' dir='ltr'><strong>rus.</strong></span> <span class='ocrx_word' id='word_1_379' title='bbox 1225 3149 1313 3224; x_wconf 84' lang='lat' dir='ltr'><strong>Quod</strong></span> <span class='ocrx_word' id='word_1_380' title='bbox 1329 3150 1451 3229; x_wconf 78' lang='lat' dir='ltr'><strong>egregie</strong></span> <span class='ocrx_word' id='word_1_381' title='bbox 1474 3156 1586 3230; x_wconf 75' lang='lat' dir='ltr'><strong>preter</strong></span> <span class='ocrx_word' id='word_1_382' title='bbox 1614 3151 1768 3230; x_wconf 75' lang='lat' dir='ltr'><strong>cyrillum</strong></span> <span class='ocrx_word' id='word_1_383' title='bbox 1782 3150 1892 3231; x_wconf 79' lang='lat' dir='ltr'><strong>Epipha·</strong></span> <span class='ocrx_word' id='word_1_384' title='bbox 1915 3162 1945 3206; x_wconf 80' lang='lat' dir='ltr'><strong>s·</strong></span> 
     </span>
     <span class='ocr_line' id='line_1_34' title="bbox 324 3241 1890 3322; baseline 0 -20"><span class='ocrx_word' id='word_1_385' title='bbox 324 3242 570 3322; x_wconf 89' lang='lat' dir='ltr'><strong>hocportentum</strong></span> <span class='ocrx_word' id='word_1_386' title='bbox 585 3242 735 3303; x_wconf 88' lang='lat' dir='ltr'><strong>conficiat.</strong></span> <span class='ocrx_word' id='word_1_387' title='bbox 753 3242 871 3322; x_wconf 79' lang='lat' dir='ltr'><strong>Quippe</strong></span> <span class='ocrx_word' id='word_1_388' title='bbox 887 3260 980 3302; x_wconf 89' lang='lat' dir='ltr'><strong>nemo</strong></span> <span class='ocrx_word' id='word_1_389' title='bbox 994 3246 1093 3320; x_wconf 81' lang='lat' dir='ltr'><strong>Apos-</strong></span> <span class='ocrx_word' id='word_1_390' title='bbox 1144 3242 1214 3303; x_wconf 89' lang='lat' dir='ltr'><strong>nius</strong></span> <span class='ocrx_word' id='word_1_391' title='bbox 1228 3241 1360 3321; x_wconf 89' lang='lat' dir='ltr'><strong>explicat</strong></span> <span class='ocrx_word' id='word_1_392' title='bbox 1379 3243 1525 3302; x_wconf 84' lang='lat' dir='ltr'><strong>aduersus</strong></span> <span class='ocrx_word' id='word_1_393' title='bbox 1545 3242 1686 3319; x_wconf 80' lang='lat' dir='ltr'><strong>Arianos,</strong></span> <span class='ocrx_word' id='word_1_394' title='bbox 1702 3244 1738 3304; x_wconf 89' lang='lat' dir='ltr'><strong>in</strong></span> <span class='ocrx_word' id='word_1_395' title='bbox 1758 3244 1808 3304; x_wconf 94' lang='lat' dir='ltr'><strong>illo</strong></span> <span class='ocrx_word' id='word_1_396' title='bbox 1826 3243 1890 3309; x_wconf 80' lang='lat' dir='ltr'><strong>loeo.</strong></span> 
     </span>
     <span class='ocr_line' id='line_1_35' title="bbox 324 3334 1891 3413; baseline -0.001 -19"><span class='ocrx_word' id='word_1_397' title='bbox 324 3336 423 3396; x_wconf 90' lang='lat' dir='ltr'><strong>tolum</strong></span> <span class='ocrx_word' id='word_1_398' title='bbox 438 3334 590 3396; x_wconf 89' lang='lat' dir='ltr'><strong>nominari</strong></span> <span class='ocrx_word' id='word_1_399' title='bbox 604 3334 809 3395; x_wconf 88' lang='lat' dir='ltr'><strong>audieusuon</strong></span> <span class='ocrx_word' id='word_1_400' title='bbox 822 3335 982 3394; x_wconf 91' lang='lat' dir='ltr'><strong>hominem</strong></span> <span class='ocrx_word' id='word_1_401' title='bbox 996 3334 1092 3394; x_wconf 89' lang='lat' dir='ltr'><strong>iuter·</strong></span> <span class='ocrx_word' id='word_1_402' title='bbox 1144 3352 1239 3413; x_wconf 89' lang='lat' dir='ltr'><strong>quem</strong></span> <span class='ocrx_word' id='word_1_403' title='bbox 1259 3334 1352 3412; x_wconf 89' lang='lat' dir='ltr'><strong>paulo</strong></span> <span class='ocrx_word' id='word_1_404' title='bbox 1384 3339 1457 3394; x_wconf 86' lang='lat' dir='ltr'><strong>ante</strong></span> <span class='ocrx_word' id='word_1_405' title='bbox 1483 3334 1517 3393; x_wconf 91' lang='lat' dir='ltr'><strong>in</strong></span> <span class='ocrx_word' id='word_1_406' title='bbox 1549 3334 1689 3396; x_wconf 89' lang='lat' dir='ltr'><strong>medium</strong></span> <span class='ocrx_word' id='word_1_407' title='bbox 1716 3336 1891 3397; x_wconf 79' lang='lat' dir='ltr'><strong>adduximus.</strong></span> 
     </span>
     <span class='ocr_line' id='line_1_36' title="bbox 325 3426 1893 3508; baseline -0.001 -20"><span class='ocrx_word' id='word_1_408' title='bbox 325 3433 464 3508; x_wconf 88' lang='lat' dir='ltr'><strong>pretatur</strong></span> <span class='ocrx_word' id='word_1_409' title='bbox 482 3444 595 3488; x_wconf 90' lang='lat' dir='ltr'><strong>:nemo</strong></span> <span class='ocrx_word' id='word_1_410' title='bbox 610 3428 685 3487; x_wconf 91' lang='lat' dir='ltr'><strong>item</strong></span> <span class='ocrx_word' id='word_1_411' title='bbox 697 3427 878 3508; x_wconf 90' lang='lat' dir='ltr'><strong>pontificem</strong></span> <span class='ocrx_word' id='word_1_412' title='bbox 892 3426 978 3486; x_wconf 89' lang='lat' dir='ltr'><strong>aliud</strong></span> <span class='ocrx_word' id='word_1_413' title='bbox 998 3443 1094 3505; x_wconf 89' lang='lat' dir='ltr'><strong>quam</strong></span> <span class='ocrx_word' id='word_1_414' title='bbox 1145 3428 1223 3487; x_wconf 89' lang='lat' dir='ltr'><strong>Nam</strong></span> <span class='ocrx_word' id='word_1_415' title='bbox 1236 3426 1640 3506; x_wconf 87' lang='lat' dir='ltr'><strong>pontificisappellationem</strong></span> <span class='ocrx_word' id='word_1_416' title='bbox 1659 3446 1725 3488; x_wconf 89' lang='lat' dir='ltr'><strong>uon</strong></span> <span class='ocrx_word' id='word_1_417' title='bbox 1746 3436 1893 3507; x_wconf 87' lang='lat' dir='ltr'><strong>autequam</strong></span> 
     </span>
     <span class='ocr_line' id='line_1_37' title="bbox 325 3517 1895 3597; baseline -0.002 -18"><span class='ocrx_word' id='word_1_418' title='bbox 325 3519 485 3581; x_wconf 90' lang='lat' dir='ltr'><strong>hominem</strong></span> <span class='ocrx_word' id='word_1_419' title='bbox 498 3518 651 3597; x_wconf 85' lang='lat' dir='ltr'><strong>iutelligit.</strong></span> <span class='ocrx_word' id='word_1_420' title='bbox 669 3519 711 3580; x_wconf 79' lang='lat' dir='ltr'><strong>Ac</strong></span> <span class='ocrx_word' id='word_1_421' title='bbox 732 3519 758 3579; x_wconf 90' lang='lat' dir='ltr'><strong>si</strong></span> <span class='ocrx_word' id='word_1_422' title='bbox 772 3518 917 3578; x_wconf 81' lang='lat' dir='ltr'><strong>divinitas</strong></span> <span class='ocrx_word' id='word_1_423' title='bbox 931 3524 976 3579; x_wconf 86' lang='lat' dir='ltr'><strong>cst</strong></span> <span class='ocrx_word' id='word_1_424' title='bbox 994 3518 1094 3597; x_wconf 86' lang='lat' dir='ltr'><strong>ponti·</strong></span> <span class='ocrx_word' id='word_1_425' title='bbox 1146 3520 1239 3579; x_wconf 88' lang='lat' dir='ltr'><strong>homo</strong></span> <span class='ocrx_word' id='word_1_426' title='bbox 1252 3519 1350 3586; x_wconf 85' lang='lat' dir='ltr'><strong>fieret,</strong></span> <span class='ocrx_word' id='word_1_427' title='bbox 1364 3518 1652 3579; x_wconf 86' lang='lat' dir='ltr'><strong>ascivisseVerbum</strong></span> <span class='ocrx_word' id='word_1_428' title='bbox 1666 3519 1831 3581; x_wconf 68' lang='lat' dir='ltr'><strong>existimat³</strong></span> <span class='ocrx_word' id='word_1_429' title='bbox 1841 3540 1848 3579; x_wconf 93' lang='lat'>:</span> <span class='ocrx_word' id='word_1_430' title='bbox 1860 3517 1895 3577; x_wconf 91' lang='lat' dir='ltr'><strong>id-</strong></span> 
     </span>
     <span class='ocr_line' id='line_1_38' title="bbox 325 3608 1895 3692; baseline -0.002 -21"><span class='ocrx_word' id='word_1_431' title='bbox 325 3610 836 3692; x_wconf 86' lang='lat' dir='ltr'><strong>fex,quisoritille,quipontificali</strong></span> <span class='ocrx_word' id='word_1_432' title='bbox 847 3611 948 3671; x_wconf 90' lang='lat' dir='ltr'><strong>officio</strong></span> <span class='ocrx_word' id='word_1_433' title='bbox 960 3608 1095 3671; x_wconf 81' lang='lat' dir='ltr'><strong>colitur?</strong></span> <span class='ocrx_word' id='word_1_434' title='bbox 1146 3630 1206 3691; x_wconf 89' lang='lat' dir='ltr'><strong>que</strong></span> <span class='ocrx_word' id='word_1_435' title='bbox 1221 3629 1259 3672; x_wconf 88' lang='lat' dir='ltr'><strong>ex</strong></span> <span class='ocrx_word' id='word_1_436' title='bbox 1277 3611 1415 3691; x_wconf 83' lang='lat' dir='ltr'><strong>Apostoli</strong></span> <span class='ocrx_word' id='word_1_437' title='bbox 1439 3610 1538 3671; x_wconf 81' lang='lat' dir='ltr'><strong>verbis</strong></span> <span class='ocrx_word' id='word_1_438' title='bbox 1550 3610 1614 3671; x_wconf 91' lang='lat' dir='ltr'><strong>istis</strong></span> <span class='ocrx_word' id='word_1_439' title='bbox 1636 3610 1895 3675; x_wconf 59' lang='lat' dir='ltr'><strong>adstruentium</strong></span> 
     </span>
     <span class='ocr_line' id='line_1_39' title="bbox 328 3700 1894 3785; baseline -0.003 -20"><span class='ocrx_word' id='word_1_440' title='bbox 328 3703 360 3765; x_wconf 88' lang='lat' dir='ltr'><strong>Si</strong></span> <span class='ocrx_word' id='word_1_441' title='bbox 376 3704 456 3764; x_wconf 87' lang='lat' dir='ltr'><strong>Deus</strong></span> <span class='ocrx_word' id='word_1_442' title='bbox 473 3704 563 3763; x_wconf 81' lang='lat' dir='ltr'><strong>offert</strong></span> <span class='ocrx_word' id='word_1_443' title='bbox 577 3703 773 3777; x_wconf 83' lang='lat' dir='ltr'><strong>sacrificium,</strong></span> <span class='ocrx_word' id='word_1_444' title='bbox 790 3720 894 3777; x_wconf 81' lang='lat' dir='ltr'><strong>neure,</strong></span> <span class='ocrx_word' id='word_1_445' title='bbox 912 3703 961 3764; x_wconf 89' lang='lat' dir='ltr'><strong>cui</strong></span> <span class='ocrx_word' id='word_1_446' title='bbox 985 3702 1095 3763; x_wconf 87' lang='lat' dir='ltr'><strong>offera-</strong></span> <span class='ocrx_word' id='word_1_447' title='bbox 1145 3703 1281 3784; x_wconf 73' lang='lat' dir='ltr'><strong>pontifex</strong></span> <span class='ocrx_word' id='word_1_448' title='bbox 1295 3722 1332 3763; x_wconf 79' lang='lat' dir='ltr'><strong>ec</strong></span> <span class='ocrx_word' id='word_1_449' title='bbox 1351 3700 1513 3762; x_wconf 81' lang='lat' dir='ltr'><strong>bominibus</strong></span> <span class='ocrx_word' id='word_1_450' title='bbox 1526 3711 1700 3784; x_wconf 72' lang='lat' dir='ltr'><strong>mscrrrptus.</strong></span> <span class='ocrx_word' id='word_1_451' title='bbox 1715 3724 1774 3785; x_wconf 80' lang='lat' dir='ltr'><strong>pro</strong></span> <span class='ocrx_word' id='word_1_452' title='bbox 1787 3702 1894 3765; x_wconf 78' lang='lat' dir='ltr'><strong>forcim&#39;·</strong></span> 
     </span>
     <span class='ocr_line' id='line_1_40' title="bbox 327 3794 1895 3876; baseline -0.003 -20"><span class='ocrx_word' id='word_1_453' title='bbox 327 3802 391 3873; x_wconf 91' lang='lat' dir='ltr'><strong>tur,</strong></span> <span class='ocrx_word' id='word_1_454' title='bbox 405 3795 544 3876; x_wconf 89' lang='lat' dir='ltr'><strong>reliquus</strong></span> <span class='ocrx_word' id='word_1_455' title='bbox 554 3796 622 3856; x_wconf 89' lang='lat' dir='ltr'><strong>erit.</strong></span> <span class='ocrx_word' id='word_1_456' title='bbox 1149 3794 1199 3855; x_wconf 83' lang='lat' dir='ltr'><strong>bus</strong></span> <span class='ocrx_word' id='word_1_457' title='bbox 1211 3794 1403 3856; x_wconf 77' lang='lat' dir='ltr'><strong>constituitur</strong></span> <span class='ocrx_word' id='word_1_458' title='bbox 1430 3794 1463 3853; x_wconf 84' lang='lat' dir='ltr'><strong>io</strong></span> <span class='ocrx_word' id='word_1_459' title='bbox 1478 3794 1596 3874; x_wconf 77' lang='lat' dir='ltr'><strong>iisque</strong></span> <span class='ocrx_word' id='word_1_460' title='bbox 1621 3804 1689 3855; x_wconf 83' lang='lat' dir='ltr'><strong>saut</strong></span> <span class='ocrx_word' id='word_1_461' title='bbox 1712 3795 1753 3856; x_wconf 86' lang='lat' dir='ltr'><strong>ad</strong></span> <span class='ocrx_word' id='word_1_462' title='bbox 1775 3795 1895 3857; x_wconf 68' lang='lat' dir='ltr'><strong>baua</strong></span> 
     </span>
     <span class='ocr_line' id='line_1_41' title="bbox 368 3884 1896 3968; baseline -0.001 -22"><span class='ocrx_word' id='word_1_463' title='bbox 368 3890 485 3949; x_wconf 87' lang='lat' dir='ltr'><strong>Verum</strong></span> <span class='ocrx_word' id='word_1_464' title='bbox 506 3888 638 3967; x_wconf 83' lang='lat' dir='ltr'><strong>Cyriilus</strong></span> <span class='ocrx_word' id='word_1_465' title='bbox 662 3888 877 3968; x_wconf 88' lang='lat' dir='ltr'><strong>importunum</strong></span> <span class='ocrx_word' id='word_1_466' title='bbox 898 3887 1097 3948; x_wconf 81' lang='lat' dir='ltr'><strong>mlumniato·</strong></span> <span class='ocrx_word' id='word_1_467' title='bbox 1148 3886 1255 3966; x_wconf 75' lang='lat' dir='ltr'><strong>offerat</strong></span> <span class='ocrx_word' id='word_1_468' title='bbox 1272 3885 1358 3961; x_wconf 82' lang='lat' dir='ltr'><strong>dono,</strong></span> <span class='ocrx_word' id='word_1_469' title='bbox 1379 3893 1407 3946; x_wconf 88' lang='lat' dir='ltr'><strong>ct</strong></span> <span class='ocrx_word' id='word_1_470' title='bbox 1423 3884 1573 3966; x_wconf 75' lang='lat' dir='ltr'><strong>sacrificia</strong></span> <span class='ocrx_word' id='word_1_471' title='bbox 1598 3906 1655 3967; x_wconf 80' lang='lat' dir='ltr'><strong>pro</strong></span> <span class='ocrx_word' id='word_1_472' title='bbox 1680 3887 1896 3968; x_wconf 71' lang='lat' dir='ltr'><strong>percutiebam</strong></span> 
     </span>
     <span class='ocr_line' id='line_1_42' title="bbox 329 3978 1895 4059; baseline -0.003 -18"><span class='ocrx_word' id='word_1_473' title='bbox 329 3999 396 4042; x_wconf 89' lang='lat' dir='ltr'><strong>rem</strong></span> <span class='ocrx_word' id='word_1_474' title='bbox 424 3981 522 4041; x_wconf 90' lang='lat' dir='ltr'><strong>solida</strong></span> <span class='ocrx_word' id='word_1_475' title='bbox 554 3981 705 4059; x_wconf 83' lang='lat' dir='ltr'><strong>dogmatis</strong></span> <span class='ocrx_word' id='word_1_476' title='bbox 737 3980 880 4040; x_wconf 88' lang='lat' dir='ltr'><strong>catholici</strong></span> <span class='ocrx_word' id='word_1_477' title='bbox 908 3978 1098 4040; x_wconf 89' lang='lat' dir='ltr'><strong>confessione</strong></span> <span class='ocrx_word' id='word_1_478' title='bbox 1149 3980 1232 4058; x_wconf 88' lang='lat' dir='ltr'><strong>quod</strong></span> <span class='ocrx_word' id='word_1_479' title='bbox 1251 4000 1266 4036; x_wconf 84' lang='lat' dir='ltr'><strong>c</strong></span> <span class='ocrx_word' id='word_1_480' title='bbox 1280 3999 1319 4040; x_wconf 84' lang='lat' dir='ltr'><strong>ex</strong></span> <span class='ocrx_word' id='word_1_481' title='bbox 1332 3978 1603 4053; x_wconf 90' lang='lat' dir='ltr'><strong>hominihusdicit,</strong></span> <span class='ocrx_word' id='word_1_482' title='bbox 1617 3980 1655 4039; x_wconf 89' lang='lat' dir='ltr'><strong>ad</strong></span> <span class='ocrx_word' id='word_1_483' title='bbox 1671 3980 1895 4041; x_wconf 83' lang='lat' dir='ltr'><strong>iucamationom</strong></span> 
     </span>
     <span class='ocr_line' id='line_1_43' title="bbox 329 4069 1896 4153; baseline -0.003 -20"><span class='ocrx_word' id='word_1_484' title='bbox 329 4072 478 4153; x_wconf 86' lang='lat' dir='ltr'><strong>repellit¹.</strong></span> <span class='ocrx_word' id='word_1_485' title='bbox 488 4075 567 4133; x_wconf 88' lang='lat' dir='ltr'><strong>Nam</strong></span> <span class='ocrx_word' id='word_1_486' title='bbox 579 4074 611 4133; x_wconf 91' lang='lat' dir='ltr'><strong>in</strong></span> <span class='ocrx_word' id='word_1_487' title='bbox 625 4072 746 4133; x_wconf 84' lang='lat' dir='ltr'><strong>Christo</strong></span> <span class='ocrx_word' id='word_1_488' title='bbox 757 4071 1000 4132; x_wconf 86' lang='lat' dir='ltr'><strong>naturasaitesse</strong></span> <span class='ocrx_word' id='word_1_489' title='bbox 1010 4071 1098 4147; x_wconf 91' lang='lat' dir='ltr'><strong>duas,</strong></span> <span class='ocrx_word' id='word_1_490' title='bbox 1149 4071 1311 4145; x_wconf 62' lang='lat' dir='ltr'><strong>refertum,</strong></span> <span class='ocrx_word' id='word_1_491' title='bbox 1325 4093 1340 4128; x_wconf 84' lang='lat' dir='ltr'><strong>o</strong></span> <span class='ocrx_word' id='word_1_492' title='bbox 1354 4071 1398 4131; x_wconf 88' lang='lat' dir='ltr'><strong>ait</strong></span> <span class='ocrx_word' id='word_1_493' title='bbox 1412 4071 1613 4149; x_wconf 89' lang='lat' dir='ltr'><strong>Epiphanius.</strong></span> <span class='ocrx_word' id='word_1_494' title='bbox 1631 4070 1738 4152; x_wconf 84' lang='lat' dir='ltr'><strong>Neque</strong></span> <span class='ocrx_word' id='word_1_495' title='bbox 1752 4069 1896 4149; x_wconf 79' lang='lat' dir='ltr'><strong>veroquod</strong></span> 
     </span>
     <span class='ocr_line' id='line_1_44' title="bbox 331 4156 1898 4245; baseline -0.003 -19"><span class='ocrx_word' id='word_1_496' title='bbox 331 4174 360 4226; x_wconf 90' lang='lat' dir='ltr'><strong>et</strong></span> <span class='ocrx_word' id='word_1_497' title='bbox 372 4185 472 4229; x_wconf 90' lang='lat' dir='ltr'><strong>unum</strong></span> <span class='ocrx_word' id='word_1_498' title='bbox 496 4172 603 4227; x_wconf 86' lang='lat' dir='ltr'><strong>tamen</strong></span> <span class='ocrx_word' id='word_1_499' title='bbox 616 4184 654 4225; x_wconf 89' lang='lat' dir='ltr'><strong>ex</strong></span> <span class='ocrx_word' id='word_1_500' title='bbox 668 4165 818 4225; x_wconf 88' lang='lat' dir='ltr'><strong>ambabus</strong></span> <span class='ocrx_word' id='word_1_501' title='bbox 833 4170 982 4237; x_wconf 87' lang='lat' dir='ltr'><strong>constare,</strong></span> <span class='ocrx_word' id='word_1_502' title='bbox 1001 4164 1100 4224; x_wconf 86' lang='lat' dir='ltr'><strong>Deum</strong></span> <span class='ocrx_word' id='word_1_503' title='bbox 1150 4164 1248 4244; x_wconf 82' lang='lat' dir='ltr'><strong>scetus</strong></span> <span class='ocrx_word' id='word_1_504' title='bbox 1263 4163 1375 4225; x_wconf 91' lang='lat' dir='ltr'><strong>dicitur</strong></span> <span class='ocrx_word' id='word_1_505' title='bbox 1389 4163 1535 4242; x_wconf 90' lang='lat' dir='ltr'><strong>incapite</strong></span> <span class='ocrx_word' id='word_1_506' title='bbox 1557 4163 1610 4224; x_wconf 91' lang='lat' dir='ltr'><strong>illo</strong></span> <span class='ocrx_word' id='word_1_507' title='bbox 1625 4166 1718 4225; x_wconf 89' lang='lat' dir='ltr'><strong>tertio</strong></span> <span class='ocrx_word' id='word_1_508' title='bbox 1731 4156 1898 4245; x_wconf 78' lang='lat' dir='ltr'><strong>epistolaod</strong></span> 
     </span>
     <span class='ocr_line' id='line_1_45' title="bbox 332 4253 1898 4337; baseline -0.006 -17"><span class='ocrx_word' id='word_1_509' title='bbox 332 4266 363 4320; x_wconf 91' lang='lat' dir='ltr'><strong>et</strong></span> <span class='ocrx_word' id='word_1_510' title='bbox 374 4260 545 4330; x_wconf 89' lang='lat' dir='ltr'><strong>homiuem,</strong></span> <span class='ocrx_word' id='word_1_511' title='bbox 561 4255 1100 4337; x_wconf 85' lang='lat' dir='ltr'><strong>ouisingularumpropriatribuun-</strong></span> <span class='ocrx_word' id='word_1_512' title='bbox 1151 4254 1302 4329; x_wconf 82' lang='lat' dir='ltr'><strong>Hefrreos,</strong></span> <span class='ocrx_word' id='word_1_513' title='bbox 1320 4256 1389 4317; x_wconf 91' lang='lat' dir='ltr'><strong>ideo</strong></span> <span class='ocrx_word' id='word_1_514' title='bbox 1411 4261 1541 4327; x_wconf 89' lang='lat' dir='ltr'><strong>oreatus,</strong></span> <span class='ocrx_word' id='word_1_515' title='bbox 1556 4260 1587 4316; x_wconf 89' lang='lat' dir='ltr'><strong>et</strong></span> <span class='ocrx_word' id='word_1_516' title='bbox 1601 4255 1737 4317; x_wconf 87' lang='lat' dir='ltr'><strong>factitius</strong></span> <span class='ocrx_word' id='word_1_517' title='bbox 1765 4253 1898 4334; x_wconf 84' lang='lat' dir='ltr'><strong>putandus</strong></span> 
     </span>
     <span class='ocr_line' id='line_1_46' title="bbox 332 4343 1898 4427; baseline -0.008 -14"><span class='ocrx_word' id='word_1_518' title='bbox 332 4358 385 4413; x_wconf 89' lang='lat' dir='ltr'><strong>tur</strong></span> <span class='ocrx_word' id='word_1_519' title='bbox 401 4373 408 4413; x_wconf 91' lang='lat'>:</span> <span class='ocrx_word' id='word_1_520' title='bbox 425 4352 512 4412; x_wconf 87' lang='lat' dir='ltr'><strong>itaut</strong></span> <span class='ocrx_word' id='word_1_521' title='bbox 527 4357 557 4411; x_wconf 89' lang='lat' dir='ltr'><strong>et</strong></span> <span class='ocrx_word' id='word_1_522' title='bbox 575 4352 666 4427; x_wconf 87' lang='lat' dir='ltr'><strong>Deus,</strong></span> <span class='ocrx_word' id='word_1_523' title='bbox 690 4350 856 4424; x_wconf 70' lang='lat' dir='ltr'><strong>humanae,</strong></span> <span class='ocrx_word' id='word_1_524' title='bbox 873 4355 903 4409; x_wconf 88' lang='lat' dir='ltr'><strong>et</strong></span> <span class='ocrx_word' id='word_1_525' title='bbox 916 4349 1022 4421; x_wconf 88' lang='lat' dir='ltr'><strong>horno,</strong></span> <span class='ocrx_word' id='word_1_526' title='bbox 1050 4347 1101 4408; x_wconf 88' lang='lat' dir='ltr'><strong>di·</strong></span> <span class='ocrx_word' id='word_1_527' title='bbox 1152 4355 1198 4408; x_wconf 91' lang='lat' dir='ltr'><strong>est</strong></span> <span class='ocrx_word' id='word_1_528' title='bbox 1226 4350 1277 4409; x_wconf 85' lang='lat' dir='ltr'><strong>Dei</strong></span> <span class='ocrx_word' id='word_1_529' title='bbox 1297 4348 1391 4409; x_wconf 85' lang='lat' dir='ltr'><strong>filius.</strong></span> <span class='ocrx_word' id='word_1_530' title='bbox 1422 4347 1593 4426; x_wconf 86' lang='lat' dir='ltr'><strong>Siquidem,</strong></span> <span class='ocrx_word' id='word_1_531' title='bbox 1617 4354 1655 4410; x_wconf 88' lang='lat' dir='ltr'><strong>ut</strong></span> <span class='ocrx_word' id='word_1_532' title='bbox 1678 4349 1793 4410; x_wconf 88' lang='lat' dir='ltr'><strong>ibidem</strong></span> <span class='ocrx_word' id='word_1_533' title='bbox 1812 4343 1898 4408; x_wconf 86' lang='lat' dir='ltr'><strong>scribit</strong></span> 
     </span>
     <span class='ocr_line' id='line_1_47' title="bbox 332 4439 1898 4523; baseline -0.004 -19"><span class='ocrx_word' id='word_1_534' title='bbox 332 4445 414 4504; x_wconf 83' lang='lat' dir='ltr'><strong>vinae</strong></span> <span class='ocrx_word' id='word_1_535' title='bbox 429 4443 553 4523; x_wconf 91' lang='lat' dir='ltr'><strong>propria</strong></span> <span class='ocrx_word' id='word_1_536' title='bbox 568 4449 688 4503; x_wconf 75' lang='lat' dir='ltr'><strong>naturae</strong></span> <span class='ocrx_word' id='word_1_537' title='bbox 712 4444 747 4502; x_wconf 89' lang='lat' dir='ltr'><strong>in</strong></span> <span class='ocrx_word' id='word_1_538' title='bbox 771 4460 837 4503; x_wconf 90' lang='lat' dir='ltr'><strong>sese</strong></span> <span class='ocrx_word' id='word_1_539' title='bbox 868 4441 979 4519; x_wconf 91' lang='lat' dir='ltr'><strong>cupiat.</strong></span> <span class='ocrx_word' id='word_1_540' title='bbox 996 4440 1103 4519; x_wconf 89' lang='lat' dir='ltr'><strong>ltaque</strong></span> <span class='ocrx_word' id='word_1_541' title='bbox 1154 4440 1353 4520; x_wconf 84' lang='lat' dir='ltr'><strong>Epiphanius,</strong></span> <span class='ocrx_word' id='word_1_542' title='bbox 1369 4440 1428 4499; x_wconf 91' lang='lat' dir='ltr'><strong>hoo</strong></span> <span class='ocrx_word' id='word_1_543' title='bbox 1441 4458 1542 4499; x_wconf 91' lang='lat' dir='ltr'><strong>unum</strong></span> <span class='ocrx_word' id='word_1_544' title='bbox 1556 4439 1713 4502; x_wconf 88' lang='lat' dir='ltr'><strong>declarare</strong></span> <span class='ocrx_word' id='word_1_545' title='bbox 1725 4442 1898 4516; x_wconf 76' lang='lat' dir='ltr'><strong>volarithpe·</strong></span> 
     </span>
     <span class='ocr_line' id='line_1_48' title="bbox 335 4532 1895 4614; baseline -0.003 -18"><span class='ocrx_word' id='word_1_546' title='bbox 335 4538 416 4597; x_wconf 85' lang='lat' dir='ltr'><strong>Deus</strong></span> <span class='ocrx_word' id='word_1_547' title='bbox 429 4536 578 4610; x_wconf 90' lang='lat' dir='ltr'><strong>Verbum,</strong></span> <span class='ocrx_word' id='word_1_548' title='bbox 594 4539 751 4614; x_wconf 89' lang='lat' dir='ltr'><strong>assumpta</strong></span> <span class='ocrx_word' id='word_1_549' title='bbox 768 4534 904 4596; x_wconf 90' lang='lat' dir='ltr'><strong>hominis</strong></span> <span class='ocrx_word' id='word_1_550' title='bbox 917 4538 1039 4610; x_wconf 90' lang='lat' dir='ltr'><strong>natura,</strong></span> <span class='ocrx_word' id='word_1_551' title='bbox 1056 4532 1103 4593; x_wconf 87' lang='lat' dir='ltr'><strong>uti</strong></span> <span class='ocrx_word' id='word_1_552' title='bbox 1151 4532 1259 4607; x_wconf 90' lang='lat' dir='ltr'><strong>stolus,</strong></span> <span class='ocrx_word' id='word_1_553' title='bbox 1279 4555 1294 4590; x_wconf 86' lang='grc' dir='ltr'><strong>ιι</strong></span> <span class='ocrx_word' id='word_1_554' title='bbox 1317 4537 1387 4613; x_wconf 89' lang='lat' dir='ltr'><strong>post</strong></span> <span class='ocrx_word' id='word_1_555' title='bbox 1404 4538 1579 4612; x_wconf 87' lang='lat' dir='ltr'><strong>susceptam</strong></span> <span class='ocrx_word' id='word_1_556' title='bbox 1600 4532 1737 4594; x_wconf 89' lang='lat' dir='ltr'><strong>hominis</strong></span> <span class='ocrx_word' id='word_1_557' title='bbox 1763 4538 1895 4601; x_wconf 77' lang='lat' dir='ltr'><strong>natum,</strong></span> 
     </span>
     <span class='ocr_line' id='line_1_49' title="bbox 335 4620 1895 4707; baseline -0.003 -19"><span class='ocrx_word' id='word_1_558' title='bbox 335 4630 442 4706; x_wconf 90' lang='lat' dir='ltr'><strong>homo,</strong></span> <span class='ocrx_word' id='word_1_559' title='bbox 460 4629 502 4689; x_wconf 88' lang='lat' dir='ltr'><strong>ita</strong></span> <span class='ocrx_word' id='word_1_560' title='bbox 519 4628 670 4701; x_wconf 86' lang='lat' dir='ltr'><strong>sacerdos,</strong></span> <span class='ocrx_word' id='word_1_561' title='bbox 683 4697 687 4703; x_wconf 26' lang='lat'>¹</span> <span class='ocrx_word' id='word_1_562' title='bbox 701 4633 733 4688; x_wconf 90' lang='lat' dir='ltr'><strong>ct</strong></span> <span class='ocrx_word' id='word_1_563' title='bbox 758 4625 897 4707; x_wconf 87' lang='lat' dir='ltr'><strong>pontifex</strong></span> <span class='ocrx_word' id='word_1_564' title='bbox 920 4625 1021 4687; x_wconf 88' lang='lat' dir='ltr'><strong>factus</strong></span> <span class='ocrx_word' id='word_1_565' title='bbox 1035 4630 1099 4701; x_wconf 83' lang='lat' dir='ltr'><strong>est3</strong></span> <span class='ocrx_word' id='word_1_566' title='bbox 1151 4626 1342 4704; x_wconf 89' lang='lat' dir='ltr'><strong>pontificium</strong></span> <span class='ocrx_word' id='word_1_567' title='bbox 1355 4625 1384 4686; x_wconf 87' lang='lat' dir='ltr'><strong>ei</strong></span> <span class='ocrx_word' id='word_1_568' title='bbox 1394 4624 1576 4703; x_wconf 88' lang='lat' dir='ltr'><strong>dignitatem</strong></span> <span class='ocrx_word' id='word_1_569' title='bbox 1590 4626 1769 4688; x_wconf 88' lang='lat' dir='ltr'><strong>attributam</strong></span> <span class='ocrx_word' id='word_1_570' title='bbox 1779 4620 1895 4685; x_wconf 69' lang='lat' dir='ltr'><strong>frises</strong></span> 
     </span>
    </p>
   </div>
   <div class='ocr_carea' id='block_1_7' title="bbox 336 4802 1899 5299">
    <p class='ocr_par' dir='ltr' id='par_1_7' title="bbox 336 4802 1899 5299">
     <span class='ocr_line' id='line_1_50' title="bbox 373 4802 1899 4879; baseline -0.003 -14"><span class='ocrx_word' id='word_1_571' title='bbox 373 4824 394 4865; x_wconf 84' lang='lat' dir='ltr'><strong>ct</strong></span> <span class='ocrx_word' id='word_1_572' title='bbox 413 4807 504 4866; x_wconf 75' lang='lat' dir='ltr'><strong>Puteo.</strong></span> <span class='ocrx_word' id='word_1_573' title='bbox 526 4807 574 4862; x_wconf 83' lang='grc' dir='ltr'><strong>Δύο</strong></span> <span class='ocrx_word' id='word_1_574' title='bbox 587 4804 635 4879; x_wconf 77' lang='grc' dir='ltr'><strong>γὰρ</strong></span> <span class='ocrx_word' id='word_1_575' title='bbox 653 4806 686 4870; x_wconf 83' lang='grc' dir='ltr'><strong>ὡς</strong></span> <span class='ocrx_word' id='word_1_576' title='bbox 700 4806 775 4860; x_wconf 78' lang='grc' dir='ltr'>ἔοικεν</span> <span class='ocrx_word' id='word_1_577' title='bbox 787 4805 841 4878; x_wconf 77' lang='grc' dir='ltr'>ἱερὰ</span> <span class='ocrx_word' id='word_1_578' title='bbox 855 4806 919 4860; x_wconf 79' lang='grc' dir='ltr'>θεοῦ·</span> <span class='ocrx_word' id='word_1_579' title='bbox 935 4804 960 4859; x_wconf 76' lang='grc' dir='ltr'><strong>ἓν</strong></span> <span class='ocrx_word' id='word_1_580' title='bbox 980 4804 1022 4877; x_wconf 74' lang='grc' dir='ltr'><strong>μὲν</strong></span> <span class='ocrx_word' id='word_1_581' title='bbox 1037 4808 1078 4859; x_wconf 79' lang='grc' dir='ltr'><strong>ὅδε</strong></span> <span class='ocrx_word' id='word_1_582' title='bbox 1093 4805 1107 4859; x_wconf 85' lang='grc' dir='ltr'>ὁ</span> <span class='ocrx_word' id='word_1_583' title='bbox 1157 4804 1362 4878; x_wconf 75' lang='grc' dir='ltr'><strong>ἀναγινώσκοντος</strong></span> <span class='ocrx_word' id='word_1_584' title='bbox 1374 4807 1471 4874; x_wconf 79' lang='grc' dir='ltr'>κλῆσιν,</span> <span class='ocrx_word' id='word_1_585' title='bbox 1488 4809 1591 4874; x_wconf 55' lang='lat' dir='ltr'><strong>attera</strong></span> <span class='ocrx_word' id='word_1_586' title='bbox 1604 4807 1647 4860; x_wconf 74' lang='lat' dir='ltr'><strong>ebs</strong></span> <span class='ocrx_word' id='word_1_587' title='bbox 1664 4806 1775 4879; x_wconf 73' lang='grc' dir='ltr'><strong>ἀρχιερέα</strong></span> <span class='ocrx_word' id='word_1_588' title='bbox 1787 4802 1899 4875; x_wconf 57' lang='lat' dir='ltr'><strong>pamfili·</strong></span> 
     </span>
     <span class='ocr_line' id='line_1_51' title="bbox 336 4886 1634 4965; baseline -0.001 -20"><span class='ocrx_word' id='word_1_589' title='bbox 336 4892 437 4965; x_wconf 77' lang='grc' dir='ltr'>κόσμος,</span> <span class='ocrx_word' id='word_1_590' title='bbox 453 4890 477 4944; x_wconf 79' lang='grc' dir='ltr'><strong>ἔν</strong></span> <span class='ocrx_word' id='word_1_591' title='bbox 492 4886 513 4964; x_wconf 77' lang='grc' dir='ltr'>ᾧ</span> <span class='ocrx_word' id='word_1_592' title='bbox 527 4893 567 4944; x_wconf 80' lang='grc' dir='ltr'><strong>καὶ</strong></span> <span class='ocrx_word' id='word_1_593' title='bbox 593 4890 715 4962; x_wconf 69' lang='grc' dir='ltr'>ἀρχιερεὺς</span> <span class='ocrx_word' id='word_1_594' title='bbox 733 4890 748 4943; x_wconf 84' lang='lat' dir='ltr'><strong>d</strong></span> <span class='ocrx_word' id='word_1_595' title='bbox 769 4892 926 4962; x_wconf 71' lang='grc' dir='ltr'>πρωτόγονος</span> <span class='ocrx_word' id='word_1_596' title='bbox 947 4890 1021 4944; x_wconf 78' lang='grc' dir='ltr'>αὐτοῦ</span> <span class='ocrx_word' id='word_1_597' title='bbox 1045 4891 1108 4951; x_wconf 82' lang='grc' dir='ltr'>θείος</span> <span class='ocrx_word' id='word_1_598' title='bbox 1156 4908 1205 4953; x_wconf 84' lang='grc' dir='ltr'>ται,</span> <span class='ocrx_word' id='word_1_599' title='bbox 1217 4888 1356 4962; x_wconf 76' lang='grc' dir='ltr'>παραδόξου</span> <span class='ocrx_word' id='word_1_600' title='bbox 1371 4890 1557 4962; x_wconf 73' lang='grc' dir='ltr'><strong>φρειοὸλαὸοἷας</strong></span> <span class='ocrx_word' id='word_1_601' title='bbox 1573 4889 1634 4961; x_wconf 54' lang='lat' dir='ltr'><strong>tote.</strong></span> 
     </span>
     <span class='ocr_line' id='line_1_52' title="bbox 337 4963 1897 5048; baseline -0.006 -19"><span class='ocrx_word' id='word_1_602' title='bbox 337 4977 421 5048; x_wconf 71' lang='grc' dir='ltr'>λόγος·</span> <span class='ocrx_word' id='word_1_603' title='bbox 438 4976 520 5048; x_wconf 75' lang='grc' dir='ltr'><strong>ἕτερον</strong></span> <span class='ocrx_word' id='word_1_604' title='bbox 534 4974 570 5039; x_wconf 78' lang='grc' dir='ltr'><strong>δὲ,</strong></span> <span class='ocrx_word' id='word_1_605' title='bbox 585 4973 671 5046; x_wconf 67' lang='lat' dir='ltr'><strong>lopati</strong></span> <span class='ocrx_word' id='word_1_606' title='bbox 686 4972 750 5046; x_wconf 73' lang='grc' dir='ltr'>ψυχὴ</span> <span class='ocrx_word' id='word_1_607' title='bbox 764 4969 793 5041; x_wconf 78' lang='grc' dir='ltr'><strong>ἧς</strong></span> <span class='ocrx_word' id='word_1_608' title='bbox 809 4972 908 5045; x_wconf 71' lang='grc' dir='ltr'>ἱερεὺςὸ</span> <span class='ocrx_word' id='word_1_609' title='bbox 923 4973 983 5045; x_wconf 68' lang='grc' dir='ltr'>πρὸς</span> <span class='ocrx_word' id='word_1_610' title='bbox 993 4972 1107 5041; x_wconf 72' lang='grc' dir='ltr'>ἀλήθειαν</span> <span class='ocrx_word' id='word_1_611' title='bbox 1193 4988 1208 5029; x_wconf 76' lang='lat' dir='ltr'><em>o</em></span> <span class='ocrx_word' id='word_1_612' title='bbox 1226 4973 1357 5030; x_wconf 76' lang='lat' dir='ltr'><strong>Erlrutrt.</strong></span> <span class='ocrx_word' id='word_1_613' title='bbox 1377 4974 1424 5027; x_wconf 80' lang='grc' dir='ltr'><strong>Καὶ</strong></span> <span class='ocrx_word' id='word_1_614' title='bbox 1439 4974 1468 5028; x_wconf 72' lang='grc' dir='ltr'><strong>τὸ</strong></span> <span class='ocrx_word' id='word_1_615' title='bbox 1490 4972 1533 5045; x_wconf 70' lang='grc' dir='ltr'><strong>μὲν</strong></span> <span class='ocrx_word' id='word_1_616' title='bbox 1553 4972 1580 5026; x_wconf 74' lang='grc' dir='ltr'><strong>ἐκ</strong></span> <span class='ocrx_word' id='word_1_617' title='bbox 1593 4979 1644 5026; x_wconf 82' lang='grc' dir='ltr'><strong>τῶν</strong></span> <span class='ocrx_word' id='word_1_618' title='bbox 1661 4973 1802 5045; x_wconf 71' lang='grc' dir='ltr'>ἀνθρώπων,</span> <span class='ocrx_word' id='word_1_619' title='bbox 1817 4966 1853 5021; x_wconf 79' lang='lat' dir='ltr'><strong>eu</strong></span> <span class='ocrx_word' id='word_1_620' title='bbox 1863 4963 1897 5029; x_wconf 72' lang='lat' dir='ltr'><strong>eit</strong></span> 
     </span>
     <span class='ocr_line' id='line_1_53' title="bbox 339 5054 1896 5212; baseline -0.008 -15"><span class='ocrx_word' id='word_1_621' title='bbox 339 5059 528 5199; x_wconf 47' lang='grc' dir='ltr'><strong>ἄνθέωέἓὲοιι.</strong></span> <span class='ocrx_word' id='word_1_622' title='bbox 545 5141 620 5212; x_wconf 84' lang='lat' dir='ltr'><strong>ttpud</strong></span> <span class='ocrx_word' id='word_1_623' title='bbox 636 5139 729 5211; x_wconf 72' lang='lat' dir='ltr'><strong>Cyrtii.</strong></span> <span class='ocrx_word' id='word_1_624' title='bbox 755 5137 903 5194; x_wconf 80' lang='grc' dir='ltr'>’Λποοτόλου</span> <span class='ocrx_word' id='word_1_625' title='bbox 917 5138 965 5212; x_wconf 76' lang='grc' dir='ltr'><strong>γὰρ</strong></span> <span class='ocrx_word' id='word_1_626' title='bbox 981 5138 1109 5201; x_wconf 74' lang='grc' dir='ltr'>ἀκούοντος</span> <span class='ocrx_word' id='word_1_627' title='bbox 1158 5054 1301 5197; x_wconf 40' lang='lat' dir='ltr'><strong>myli&amp;</strong></span> <span class='ocrx_word' id='word_1_628' title='bbox 1324 5157 1404 5198; x_wconf 85' lang='lat' dir='ltr'><strong>num.</strong></span> <span class='ocrx_word' id='word_1_629' title='bbox 1429 5141 1474 5197; x_wconf 81' lang='lat'><strong>58.</strong></span> <span class='ocrx_word' id='word_1_630' title='bbox 1499 5140 1575 5194; x_wconf 78' lang='grc' dir='ltr'><strong>Ἀλλὰ</strong></span> <span class='ocrx_word' id='word_1_631' title='bbox 1595 5141 1657 5212; x_wconf 76' lang='grc' dir='ltr'>μετὰ</span> <span class='ocrx_word' id='word_1_632' title='bbox 1677 5141 1719 5209; x_wconf 62' lang='grc' dir='ltr'><strong>τὴν</strong></span> <span class='ocrx_word' id='word_1_633' title='bbox 1744 5137 1849 5209; x_wconf 71' lang='grc' dir='ltr'><strong>ἐνὸηρὶον</strong></span> <span class='ocrx_word' id='word_1_634' title='bbox 1863 5124 1896 5185; x_wconf 69' lang='grc' dir='ltr'><strong>ιν]</strong></span> 
     </span>
     <span class='ocr_line' id='line_1_54' title="bbox 341 5222 1469 5299; baseline 0 -21"><span class='ocrx_word' id='word_1_635' title='bbox 341 5226 430 5299; x_wconf 75' lang='grc' dir='ltr'>ὄνομα,</span> <span class='ocrx_word' id='word_1_636' title='bbox 450 5227 493 5278; x_wconf 78' lang='grc' dir='ltr'><strong>τὸν</strong></span> <span class='ocrx_word' id='word_1_637' title='bbox 512 5224 565 5278; x_wconf 73' lang='grc' dir='ltr'><strong>θεὸν</strong></span> <span class='ocrx_word' id='word_1_638' title='bbox 586 5226 662 5295; x_wconf 73' lang='grc' dir='ltr'>λόγον</span> <span class='ocrx_word' id='word_1_639' title='bbox 681 5228 777 5277; x_wconf 78' lang='grc' dir='ltr'>νοοῦσιν</span> <span class='ocrx_word' id='word_1_640' title='bbox 797 5223 959 5289; x_wconf 78' lang='grc' dir='ltr'>Ἀπόοτολον,</span> <span class='ocrx_word' id='word_1_641' title='bbox 978 5223 1109 5296; x_wconf 73' lang='grc' dir='ltr'>ἀρχιερέως</span> <span class='ocrx_word' id='word_1_642' title='bbox 1158 5222 1296 5295; x_wconf 75' lang='grc' dir='ltr'>ἀξιώματος</span> <span class='ocrx_word' id='word_1_643' title='bbox 1309 5225 1337 5278; x_wconf 76' lang='lat' dir='ltr'><strong>rh</strong></span> <span class='ocrx_word' id='word_1_644' title='bbox 1352 5226 1469 5298; x_wconf 81' lang='grc' dir='ltr'>χάρισμα.</span> 
     </span>
    </p>
   </div>
   <div class='ocr_carea' id='block_1_8' title="bbox 371 5393 1658 5452">
    <p class='ocr_par' dir='ltr' id='par_1_8' title="bbox 371 5393 1658 5452">
     <span class='ocr_line' id='line_1_55' title="bbox 371 5393 1658 5452; baseline -0.003 -11"><span class='ocrx_word' id='word_1_645' title='bbox 371 5398 379 5441; x_wconf 99' lang='grc'>1</span> <span class='ocrx_word' id='word_1_646' title='bbox 394 5397 440 5443; x_wconf 80' lang='lat' dir='ltr'><strong>lib.</strong></span> <span class='ocrx_word' id='word_1_647' title='bbox 449 5396 479 5442; x_wconf 91' lang='grc'><strong>111</strong></span> <span class='ocrx_word' id='word_1_648' title='bbox 491 5398 568 5442; x_wconf 82' lang='lat' dir='ltr'><strong>contro</strong></span> <span class='ocrx_word' id='word_1_649' title='bbox 578 5397 636 5441; x_wconf 78' lang='lat' dir='ltr'><strong>Nest.</strong></span> <span class='ocrx_word' id='word_1_650' title='bbox 650 5417 677 5429; x_wconf 89' lang='lat'>-</span> <span class='ocrx_word' id='word_1_651' title='bbox 688 5394 761 5439; x_wconf 74' lang='lat' dir='ltr'><strong>avico</strong></span> <span class='ocrx_word' id='word_1_652' title='bbox 775 5393 812 5439; x_wconf 85' lang='lat' dir='ltr'><strong>tto.</strong></span> <span class='ocrx_word' id='word_1_653' title='bbox 823 5394 850 5440; x_wconf 84' lang='lat' dir='ltr'><strong>Vi</strong></span> <span class='ocrx_word' id='word_1_654' title='bbox 861 5407 909 5451; x_wconf 85' lang='lat' dir='ltr'><strong>cap.</strong></span> <span class='ocrx_word' id='word_1_655' title='bbox 920 5406 974 5441; x_wconf 85' lang='lat' dir='ltr'><strong>xvu.</strong></span> <span class='ocrx_word' id='word_1_656' title='bbox 983 5395 1029 5440; x_wconf 76' lang='grc'><strong>-3</strong></span> <span class='ocrx_word' id='word_1_657' title='bbox 1041 5394 1121 5452; x_wconf 81' lang='lat' dir='ltr'><strong>lipiph.</strong></span> <span class='ocrx_word' id='word_1_658' title='bbox 1138 5393 1194 5440; x_wconf 81' lang='lat' dir='ltr'><strong>flac.</strong></span> <span class='ocrx_word' id='word_1_659' title='bbox 1205 5407 1260 5451; x_wconf 83' lang='lat' dir='ltr'><strong>uu,</strong></span> <span class='ocrx_word' id='word_1_660' title='bbox 1272 5395 1338 5441; x_wconf 84' lang='lat' dir='ltr'><strong>Num.</strong></span> <span class='ocrx_word' id='word_1_661' title='bbox 1347 5398 1373 5441; x_wconf 78' lang='lat' dir='ltr'><strong>ar</strong></span> <span class='ocrx_word' id='word_1_662' title='bbox 1388 5403 1410 5442; x_wconf 85' lang='lat' dir='ltr'><strong>ot</strong></span> <span class='ocrx_word' id='word_1_663' title='bbox 1421 5397 1482 5442; x_wconf 70' lang='lat' dir='ltr'><strong>hh·-</strong></span> <span class='ocrx_word' id='word_1_664' title='bbox 1496 5396 1510 5440; x_wconf 81' lang='lat' dir='ltr'><strong>l</strong></span> <span class='ocrx_word' id='word_1_665' title='bbox 1523 5396 1588 5447; x_wconf 72' lang='lat' dir='ltr'><strong>liefr,</strong></span> <span class='ocrx_word' id='word_1_666' title='bbox 1600 5408 1621 5449; x_wconf 77' lang='lat' dir='ltr'><strong>s,</strong></span> <span class='ocrx_word' id='word_1_667' title='bbox 1640 5397 1658 5439; x_wconf 83' lang='lat' dir='ltr'><strong>t.</strong></span> 
     </span>
    </p>
   </div>
   <div class='ocr_carea' id='block_1_9' title="bbox 0 0 2015 6148">
    <p class='ocr_par' dir='ltr' id='par_1_9' title="bbox 0 0 2015 6148">
     <span class='ocr_line' id='line_1_56' title="bbox 0 0 2015 6148; baseline 0 0"><span class='ocrx_word' id='word_1_668' title='bbox 0 0 2015 6148; x_wconf 95' lang='lat' dir='ltr'><strong> </strong></span> 
     </span>
    </p>
   </div>
  </div>
 </body>
</html>
