3956 6158
177 509 312 565 expanditur

133 616 135 621 >
176 562 321 661 illidius:

207 681 267 713 ΨΘ.

189 2001 278 2046 Necnon
288 2005 311 2047 S.

204 2057 297 2102 thome.

178 4880 263 4938 Regulo
272 4883 295 4928 in

349 342 407 401 516
861 335 1186 399 theotoniconunt
1207 336 1424 410 DOGltlATUM

389 506 443 565 lli.
470 506 587 566 Eadem
612 508 657 565 est
672 522 765 564 carisa
780 503 813 563 S.
826 505 1064 570 Bonaventurae‚
1082 522 1117 565 ao
1165 503 1216 563 rel
1248 503 1450 578 differentiae3
1476 503 1649 563 secundum
1677 519 1710 561 se
1735 507 1848 577 totum,
1869 504 1907 563 rel

348 598 455 658 similis
475 599 556 676 apud
584 597 673 657 illum
701 596 877 657 mediatoris
910 596 1006 656 notio.
1038 597 1117 656 Nam
1165 595 1283 656 ratione
1297 595 1491 674 singularum
1505 595 1592 674 quasi
1605 595 1753 674 partium,
1768 594 1907 672 eanuu

348 690 510 751 aliudesse
535 690 699 749 «medium
713 689 766 762 ait,
790 689 872 749 alium
902 688 1114 749 mediatorem.
1165 693 1283 749 constat
1311 707 1380 749 cum
1419 694 1557 749 extremo
1592 687 1701 761 altero,
1725 688 1908 766 extremisque

348 783 467 844 Medius
491 782 740 844 convenientiam
762 781 836 841 dicit
850 799 921 841 cum
946 780 1113 842 extremis:
1165 780 1351 856 coruieratur,
1368 787 1404 841 ut
1417 782 1460 842 eis
1474 780 1574 863 simile
1587 780 1720 855 dicatur,
1734 779 1783 840 rel
1811 779 1907 841 disere

348 875 498 937 Mediator
511 880 617 935 autem
631 874 704 935 dicit
716 878 913 934 nontautum
928 874 1114 934 conuenien-
1164 883 1252 952 pone.
1267 874 1384 934 Verum
1399 874 1472 934 satis
1486 879 1543 949 est,
1559 874 1584 934 si
1598 878 1700 956 totum
1716 874 1819 951 ipsum
1842 878 1908 932 utre·

347 967 442 1028 tiam:
459 967 619 1028 sedetiam
633 967 707 1027 dicit
731 967 864 1027 officium
888 966 1115 1027 reconciliatio·
1165 982 1226 1041 qne
1240 971 1385 1026 constans
1406 973 1493 1045 parte
1515 983 1586 1026 cum
1601 971 1811 1026 extremorum
1824 965 1908 1044 singu

349 1059 409 1121 nis.
431 1081 446 1117 u
485 1061 585 1133 Quare
617 1059 728 1119 merito
766 1077 804 1119 ex
837 1060 979 1120 humana
1005 1064 1117 1119 notura
1164 1055 1202 1116 lis
1227 1059 1441 1132 contendatur,
1469 1064 1500 1119 et
1517 1058 1557 1118 ab
1571 1058 1644 1138 ipsis
1658 1058 1773 1138 partim
1786 1056 1907 1132 differet,

350 1150 537 1213 mediatorem
557 1152 650 1213 fuisse
676 1152 834 1213 Christum
846 1151 1013 1227 existimat,
1042 1152 1116 1230 quia
1164 1150 1279 1227 partim
1293 1149 1372 1209 nihil
1386 1148 1516 1210 differet.
1525 1150 1667 1211 Sioeuim
1682 1150 1780 1210 Filius
1792 1148 1908 1210 iussero

349 1245 415 1305 sole
444 1244 624 1305 mediatoris
661 1244 797 1305 officium
835 1244 983 1306 excreuit.
1020 1245 1115 1304 Porro
1165 1247 1269 1301 sancta
1290 1241 1450 1316 'trinitate
1477 1242 1529 1321 qui
1553 1261 1591 1302 er
1605 1243 1767 1305 communi
1788 1242 1906 1317 emente,

348 1337 487 1398 medium
502 1337 647 1397 eumdem
663 1337 867 1411 intertisam,
898 1336 1114 1416 hominesque,
1165 1338 1196 1393 et
1223 1332 1350 1393 relativa
1372 1335 1560 1413 proprietate
1588 1336 1677 1414 qnasi
1690 1335 1906 1413 compositust

349 1430 413 1489 sive
442 1428 519 1489 iuter
546 1428 705 1489 temonem
732 1436 889 1504 naturum,
922 1432 954 1489 et
980 1428 1115 1489 diuinum
1165 1424 1255 1484 uobis
1272 1426 1466 1503 intelligitur,
1482 1427 1521 1487 ad
1536 1425 1815 1503 Patremrefertur,
1839 1428 1906 1505 eique

348 1519 461 1580 fatetur
472 1538 537 1580 esse
555 1520 717 1581 Christum.
741 1543 753 1577 u
779 1521 966 1600 inquantum
982 1526 1028 1581 cst
1053 1539 1117 1580 una
1165 1516 1284 1591 similis,
1303 1525 1334 1579 et
1352 1518 1456 1597 imago
1479 1518 1618 1597 ejusdem
1631 1520 1764 1594 diuitum
1792 1518 1906 1598 quemuis

349 1630 481 1691 persona
508 1613 541 1672 in
579 1612 699 1673 duabus
722 1614 865 1686 natiuis,
895 1632 960 1673 non
997 1614 1116 1673 ratione
1164 1627 1267 1688 neque
1279 1609 1310 1669 id
1323 1610 1436 1671 habeat
1449 1628 1487 1671 ex
1499 1610 1574 1686 sola,
1591 1617 1623 1673 et
1646 1631 1703 1691 per
1728 1631 1763 1673 se
1795 1611 1905 1672 consido

348 1707 495 1765 humanae
509 1713 629 1766 naturree
638 1711 771 1782 tuntum,
787 1707 840 1766 sed
854 1707 974 1767 ratione
1000 1706 1114 1766 utrium·
1165 1703 1517 1781 retosubstentie1quae
1532 1723 1597 1764 uon
1610 1704 1763 1765 similisin
1776 1704 1858 1779 Filio,
1868 1703 1905 1764 sed

349 1817 420 1877 que.
436 1819 451 1854 u
469 1798 543 1870 Quae
559 1798 686 1876 quidem
697 1798 779 1859 helle
794 1817 865 1859 rum
880 1799 1029 1879 opinione
1047 1816 1116 1858 nos
1164 1813 1297 1855 numero
1313 1796 1497 1857 esteadem:
1529 1815 1629 1876 neque
1645 1796 1829 1857 exsolalilii
1850 1795 1905 1856 rele-

348 1895 397 1950 tre
410 1890 617 1950 consentiunt.
1164 1887 1263 1948 tione:
1275 1907 1336 1968 qua
1347 1887 1474 1967 quidem
1487 1906 1552 1949 uon
1572 1889 1655 1949 Patri
1678 1889 1787 1949 similis
1806 1895 1855 1959 est,
1868 1887 1905 1947 sed

389 1985 430 2042 At
444 1983 476 2043 S.
499 1983 634 2042 Thomas
656 1983 820 2063 paululum
841 1983 881 2043 ab
897 1984 928 2044 S.
955 1982 1116 2045 Beneven-
1165 1979 1319 2041 dissimilis
1333 1980 1448 2059 potius.
1474 1982 1651 2061 Utrumque
1665 2000 1740 2042 vcro
1754 1981 1904 2060 copulatum

347 2081 419 2136 tura
446 2075 620 2154 discrepare
645 2074 798 2137 videtur¹.
815 2077 979 2135 Nemeum
1001 2075 1064 2137 duo
1081 2076 1116 2137 iu
1164 2072 1256 2132 simul
1290 2091 1390 2132 unum
1424 2074 1515 2133 efficit
1549 2073 1687 2148 Filium,
1724 2073 1904 2149 eumdemque

348 2169 518 2231 mediatore
538 2169 691 2230 discernet
700 2188 708 2244 ;
720 2170 864 2229 rotronem
878 2166 980 2241 taedii,
997 2176 1028 2229 et
1047 2168 1116 2249 osfi-
1164 2170 1287 2240 natura,
1299 2170 1330 2225 et
1340 2166 1471 2226 essentia
1481 2167 1532 2226 sed
1548 2167 1735 2245 proprietate
1751 2166 1902 2235 distantem

347 2261 426 2322 oium
439 2261 648 2341 conjnuqendi,
658 2267 805 2322 neutrum
811 2260 931 2321 Christo
944 2278 1115 2339 congruere
1165 2276 1200 2317 ac
1214 2256 1419 2318 nihilominus
1433 2258 1583 2318 similem:
1600 2259 1751 2337 quoniam
1761 2258 1800 2318 ed
1813 2256 1903 2317 identi-

347 2359 458 2432 putatu
476 2355 647 2414 secundum
660 2354 745 2433 quod
759 2356 850 2425 Deus,
875 2354 929 2411 sed
943 2352 1115 2413 secundnm
1163 2355 1260 2410 tatem
1280 2351 1365 2410 illam
1390 2350 1536 2428 adjuncta
1564 2351 1737 2430 proprietas
1771 2350 1845 2424 Filii,
1864 2366 1905 2428 per

346 2447 428 2524 quod
441 2446 548 2506 homo.
567 2446 729 2524 Siquidem
743 2446 781 2505 de
795 2444 915 2505 ratione
933 2445 1028 2504 medii
1056 2450 1111 2521 cst,
1163 2460 1257 2521 quam
1273 2461 1290 2502 a
1305 2443 1393 2503 Patre
1407 2442 1520 2518 differt,
1532 2449 1562 2503 et
1577 2444 1606 2503 ei
1622 2443 1801 2522 opponitur,
1817 2443 1905 2502 disere

345 2538 457 2617 inquit,
473 2539 556 2617 quod
573 2538 665 2597 distet
674 2537 713 2597 ah
728 2542 859 2615 utroque
874 2540 1088 2597 extremorum
1104 2557 1111 2596 z
1162 2540 1371 2613 pontemcum
1399 2535 1481 2605 iecit,
1498 2554 1533 2595 ne
1546 2535 1676 2614 proinde
1690 2535 1829 2596 similem.
1846 2532 1904 2593 vido

345 2630 506 2709 conjungit
517 2637 621 2690 autem
630 2649 686 2709 per
698 2631 769 2703 hoc,
782 2630 865 2708 quod
875 2648 921 2705 ea,
938 2648 1008 2709 quae
1021 2630 1113 2690 unius
1163 2645 1232 2705 quae
1246 2627 1279 2686 in
1292 2633 1377 2688 sexto
1388 2626 1469 2687 libro
1481 2625 1515 2687 de
1531 2626 1680 2688 lliaitnte
1694 2674 1703 2702 ‚
1719 2628 1814 2707 capite
1826 2632 1904 2697 serm,

345 2728 428 2795 sunt,
443 2721 585 2783 defertad
597 2722 741 2781 alterum.
752 2720 844 2801 Atqui
856 2722 1113 2800 secundumquod
1162 2719 1200 2779 de
1215 2719 1452 2779 earefusissime
1462 2719 1699 2797 disputavimus,
1715 2739 1783 2781 cum
1793 2719 1904 2780 adillum

345 2817 437 2887 Deris,
454 2832 519 2875 non
533 2812 635 2874 differt
649 2833 667 2873 a
681 2814 783 2888 Patre,
804 2819 836 2874 et
860 2813 979 2892 Spiritu
1008 2818 1113 2874 sancto
1163 2811 1248 2871 Pauli
1283 2810 1323 2871 orl
1339 2809 1481 2873 Hedroeoe
1514 2811 1628 2887 locum,
1670 2813 1704 2873 iu
1738 2831 1797 2891 quo
1830 2809 1905 2871 Filius

343 2907 512 2977 innatura,
528 2911 559 2966 et
594 2910 745 2983 potestate
762 2905 905 2968 dominii.
936 2906 999 2966 Nec
1020 2908 1114 2966 etiam
1162 2908 1299 2983 paternae
1327 2902 1506 2964 substantioe
1519 2905 1621 2983 ligura
1649 2903 1905 2979 nominamini-

344 2997 758 3076 Patcr‚etSpiritussnnctns
778 2998 895 3077 aliquid
905 2996 1113 3076 habentquod
1162 2996 1242 3075 ginis
1255 2997 1408 3057 rationem
1427 2997 1614 3076 explicantes
1628 2998 1828 3072 ostendimus
1852 3011 1906 3056 eam

342 3111 407 3152 non
421 3092 459 3152 sit
475 3091 554 3164 tilii,
570 3096 605 3150 ut
618 3090 660 3150 sio
675 3091 771 3170 possit
783 3090 826 3162 id,
843 3090 926 3169 quod
941 3095 986 3151 est
1000 3090 1111 3167 Patris,
1162 3107 1200 3148 ex
1214 3088 1276 3169 ipse
1299 3095 1420 3161 natura,
1450 3107 1513 3149 non
1529 3107 1568 3150 ex
1592 3090 1721 3150 relativa
1742 3089 1906 3169 proprietate

342 3184 392 3243 uel
402 3184 534 3262 Spiritus
554 3200 638 3243 senc.
653 3184 741 3261 quasi
755 3182 839 3262 quod
853 3188 899 3242 est
911 3182 1056 3257 oliorum,
1073 3183 1113 3242 ud
1161 3181 1352 3241 metiendam
1371 3199 1449 3257 esse,
1465 3182 1592 3242 Prorsus
1607 3180 1906 3244 enimaceommodutu

342 3276 418 3336 alios
442 3275 571 3343 deferre,
597 3275 771 3353 Utrumque
793 3292 867 3334 uero
901 3275 1046 3336 convenit
1069 3274 1110 3348 ei,
1161 3287 1207 3334 est
1219 3274 1258 3333 ad
1269 3277 1455 3352 presentem
1469 3274 1672 3352 quaestionem
1687 3275 1769 3335 istac
1781 3273 1906 3334 obserua-

342 3369 528 3447 inquantum
541 3371 587 3427 est
599 3366 706 3426 hom0.
720 3388 736 3424 n
760 3366 807 3426 Ibi
821 3384 861 3426 ne
881 3365 972 3426 medii
986 3366 1112 3445 quidem
1161 3365 1218 3441 tio,
1234 3366 1317 3426 etad
1331 3365 1482 3438 Stantem,
1495 3384 1531 3427 ac
1542 3367 1691 3427 similium
1701 3368 1832 3428 rationes
1844 3364 1907 3425 dilu-

341 3461 562 3540 proprietatem
577 3458 677 3535 alteri,
699 3476 793 3539 quam
807 3458 1003 3532 humanitati,
1015 3458 1112 3518 tribui
1162 3457 1267 3532 endan,
1283 3476 1354 3518 cum
1369 3458 1411 3518 sic
1420 3458 1589 3536 objiciunt:
1601 3459 1768 3539 Nonposse
1782 3457 1907 3519 mediato

340 3553 466 3630 patitur.
1160 3566 1227 3609 rem
1242 3567 1306 3610 esse
1319 3553 1495 3630 quempiam
1523 3551 1682 3630 suiipsius:
1713 3552 1845 3631 adeoque
1862 3566 1906 3609 ner

380 3645 498 3704 Verum
512 3642 592 3706 ratio
611 3643 669 3703 ista
695 3642 728 3703 S.
744 3643 873 3705 Thomas
897 3643 935 3704 de
950 3642 1110 3705 divinitate
1161 3641 1328 3717 Christum,
1353 3649 1506 3721 quatenns
1532 3648 1579 3703 est
1605 3645 1696 3719 neus,
1727 3646 1906 3705 mediatorem

341 3737 452 3798 Christi
466 3736 605 3816 procedit
629 3737 806 3814 seperatim,
841 3755 897 3816 per
912 3755 1004 3815 seque
1027 3755 1110 3816 spec·
1159 3751 1224 3794 esse
1252 3735 1351 3795 Deum
1384 3735 1467 3795 inter
1491 3740 1524 3795 et
1546 3735 1719 3797 hominem.
1747 3735 1861 3797 Etenim
1887 3730 1906 3789 si

339 3835 423 3904 tata;
448 3847 513 3889 non
541 3833 648 3888 autem
677 3835 715 3888 de
743 3847 779 3889 ea
807 3829 998 3907 conjunctim
1036 3847 1109 3890 cum
1160 3826 1418 3887 Christusnonut
1432 3828 1718 3901 Deusestmutum,
1735 3828 1906 3890 sedutDeus

339 3920 679 3982 humanaconsiderata
698 3920 881 3994 substantia,
897 3922 961 3981 siue
985 3922 1023 3981 de
1037 3941 1108 4001 per·
1158 3918 1251 3979 simul
1258 3925 1288 3979 et
1295 3919 1401 3991 homo,
1412 3920 1708 3993 consideretur‚tam
1721 3923 1808 3982 aDeo
1818 3920 1904 3987 etism,

338 4032 415 4074 sone
430 4014 464 4074 iu
476 4013 596 4073 duuahus
610 4013 795 4074 subsistente
809 4016 940 4074 naturis.
953 4014 1108 4074 anenim
1158 4029 1252 4091 quam
1280 4012 1319 4072 ab
1341 4012 1486 4087 homine;
1501 4017 1533 4073 et
1561 4031 1632 4074 cum
1655 4021 1788 4094 utroque
1809 4011 1907 4092 pariter

339 4106 437 4167 modo
458 4106 561 4166 differt
581 4108 717 4181 aPatrc‚
731 4125 767 4166 ec
787 4107 905 4184 Spiritu
931 4112 1049 4181 sancto,
1076 4110 1108 4167 et
1158 4103 1318 4178 convenit;
1335 4103 1367 4164 in
1380 4122 1441 4184 quo
1456 4103 1569 4181 medii,
1585 4105 1650 4167 sire
1664 4101 1906 4166 mediatorismtio

337 4200 420 4260 inter
447 4200 559 4269 Deum,
589 4199 812 4277 hominemque
839 4199 960 4259 medius
990 4204 1045 4274 est,
1076 4202 1108 4260 et
1157 4196 1307 4257 consistit.
1340 4196 1401 4258 Sed
1415 4216 1517 4277 neque
1545 4198 1638 4258 Filius
1651 4200 1775 4278 penitus
1788 4199 1847 4278 ipse
1870 4198 1907 4253 est

337 4297 505 4371 utrumque
520 4290 692 4368 conjungit.
710 4292 828 4370 Quippe
843 4309 875 4350 se
887 4297 953 4351 toto
967 4291 1106 4352 distatab
1157 4289 1211 4369 qui
1226 4291 1329 4364 Pater,
1343 4295 1397 4349 aut
1408 4290 1541 4369 Spiritus
1550 4296 1686 4366 sanctus,
1702 4310 1771 4353 cum
1788 4290 1827 4351 uh
1837 4292 1906 4348 uuo

338 4383 500 4457 ambobus,
516 4382 571 4442 etsi
580 4400 643 4441 uon
660 4399 699 4441 ex
712 4387 788 4455 toto;
803 4382 861 4442 hoc
876 4390 932 4458 est,
949 4388 985 4442 ut
994 4383 1106 4443 scholae
1156 4399 1217 4460 que
1230 4380 1355 4460 propria
1365 4381 1524 4449 relatione,
1539 4383 1904 4463 ethypostasinisfiuctus

336 4475 518 4555 loquuntur,
545 4473 675 4535 totaliter
684 4490 698 4549 ,·
727 4477 833 4535 Graece
857 4482 956 4545 ὑλικῶς.
973 4477 1015 4535 lte
1043 4493 1105 4554 quo
1155 4472 1210 4532 sit:
1227 4479 1262 4532 ut
1272 4473 1329 4534 har
1343 4473 1463 4533 ratione
1475 4491 1539 4534 nou
1553 4475 1591 4534 sit
1603 4476 1735 4536 omnino
1748 4476 1793 4536 sui
1803 4469 1905 4535 mediu-

336 4568 521 4646 relegendus
561 4572 606 4627 θεῖ
639 4566 805 4645 preclarus
838 4566 958 4626 Leontii
992 4566 1103 4643 locus,
1154 4571 1204 4624 tor
1217 4564 1322 4642 ipsius,
1334 4565 1427 4625 etiam
1442 4584 1503 4644 qua
1518 4567 1598 4626 Deus
1610 4572 1668 4627 est.
1687 4569 1751 4628 Hoc
1776 4561 1905 4626 enimilli

336 4678 430 4739 quem
463 4660 561 4738 capite
603 4658 705 4737 primo
740 4658 813 4718 lihri
847 4658 942 4736 hujus
967 4658 1103 4738 descrip-
1154 4675 1293 4735 personae
1305 4657 1425 4717 ratione
1440 4658 1609 4736 competit:
1632 4678 1699 4720 non
1713 4667 1747 4720 nt
1765 4658 1832 4718 haeo
1841 4653 1906 4716 diui

335 4752 431 4814 simus
446 4752 470 4813 ³.
1153 4749 1261 4810 nitetis
1283 4754 1330 4810 est
1343 4750 1461 4827 solins;
1483 4769 1593 4812 verum
1608 4752 1799 4813 othumanae
1822 4746 1903 4810 amul

376 4846 427 4905 lV.
457 4846 494 4904 lu
509 4862 571 4923 quo
589 4843 902 4905 animaduertendum
925 4842 1006 4903 istud
1030 4848 1100 4919 est,
1153 4850 1208 4915 est,
1226 4843 1399 4923 divineque
1413 4852 1546 4905 naturae.

162 4938 269 4981 ”¹⁰¹1000
289 4944 311 4981 0²
335 4938 418 5015 quod
429 4937 467 4997 ad
480 4937 561 4997 hanc
573 4935 779 4996 dirimendam
794 4936 1046 5009 controversiam,
1071 4942 1103 4996 et
1192 4937 1229 4996 V.
1252 4936 1368 4996 Rursus
1381 4936 1476 4997 instat
1496 4937 1674 5013 Stencarm,
1688 4938 1792 5017 itaque
1806 4938 1902 5015 dispu-
1921 4974 1928 4981 -

163 4991 298 5045 oppositione

179 5044 294 5088 mmuudo.

335 5030 374 5089 ad
397 5029 471 5090 allas
496 5028 743 5108 opportunitates
767 5028 938 5107 plurimum
962 5027 1100 5088 conterre
1148 5032 1194 5089 tat
1211 5046 1217 5086 :
1233 5026 1266 5087 Si
1280 5027 1432 5089 mediator
1445 5034 1490 5089 est
1505 5029 1899 5108 Chrisuusquarenusoeue

334 5126 453 5200 potest:
469 5120 552 5180 Nihil
566 5137 630 5179 esse
650 5137 785 5196 necesse,
814 5126 849 5180 ut
864 5120 946 5199 qnod
975 5136 1099 5198 compa·
1149 5136 1271 5180 necesse
1284 5120 1342 5179 erit
1353 5119 1443 5181 illum
1453 5119 1543 5181 fateri
1549 5140 1606 5202 pro
1613 5121 1790 5183 homiuibus
1798 5138 1898 5187 orasse.

333 5219 420 5273 ratur
431 5231 502 5273 cum
524 5213 630 5283 altero,
648 5218 679 5273 et
704 5213 731 5273 ei
747 5212 914 5292 apponitur
928 5220 990 5275 κατὰ
999 5221 1096 5293 σχέσιν,
1148 5228 1274 5292 pessum
1301 5230 1384 5288 esse,
1414 5218 1575 5274 mortuum
1615 5232 1677 5276 csse
1704 5235 1711 5273 :
1740 5234 1777 5276 ue
1804 5219 1899 5274 caetere
1958 5248 1959 5255 κ

333 5304 417 5368 idest
426 5305 607 5367 relationem
620 5304 981 5386 similitudinis‚exempli
990 5296 1093 5383 causa,
1114 5335 1119 5345 ι
1148 5304 1341 5383 fecisseque
1353 5305 1896 5387 inDeumntiquecadereuequcuut:

387 5512 411 5557 lu
424 5512 454 5556 lll
468 5510 525 5555 Part
540 5520 578 5564 qu.
592 5519 648 5557 ruri,
662 5514 703 5554 urt.
715 5504 735 5550 ¹2.
747 5506 795 5549 -t
808 5507 821 5562 ς
834 5506 866 5553 tii.
904 5560 907 5565 ,
