3936 6146
335 306 395 369 334
835 302 1164 370 automatcotttttt
1185 304 1414 371 mutatu,

335 471 465 545 biberet,
482 489 517 531 ac
530 468 745 550 supprimeret.
766 467 883 529 Habuit
895 468 980 530 enim
993 471 1026 531 in
1042 485 1098 547 po·
1151 468 1348 548 suspenditur
1365 487 1372 531 :
1389 468 1442 530 sod
1454 474 1606 548 watenes
1618 486 1658 531 ex
1675 468 1764 533 bonis
1774 470 1890 551 pluribus

336 568 445 623 testato
459 567 563 622 motus
576 578 685 620 omues
698 560 805 635 animi,
824 560 1034 640 corporisque,
1047 559 1100 637 qui
1151 559 1234 639 quod
1252 559 1375 620 libitum
1393 565 1439 621 est
1460 567 1578 640 optare,
1592 581 1628 623 ae
1645 564 1784 642 persequi
1800 569 1889 643 potest,
1950 584 1951 663 γ

222 674 228 680 ·
335 655 368 715 in
389 655 480 714 nobis
500 652 662 713 necessarii
690 658 773 725 sum,
799 669 858 712 nec
882 670 921 711 ex
944 651 1101 711 voluntate
1151 650 1233 710 utin
1248 651 1357 711 codem
1370 652 1469 731 capite
1481 653 1633 732 superiori
1645 655 1844 715 meminimus.
1950 666 1951 715 i

336 752 441 806 nostra
455 745 702 825 proficiscuntur.
726 746 769 804 De
789 761 851 821 quo
875 742 954 803 nibil
968 741 1102 820 amplius
1191 743 1244 802 IV.
1269 743 1355 802 Hanc
1368 742 1402 802 in
1417 743 1739 806 Christovoluutatem
1753 747 1890 819 exstitisse,
1924 761 1935 803 a

336 837 555 917 explicandum
574 841 714 914 superest
725 835 783 895 hoc
796 835 830 894 in
843 834 912 894 loco
934 854 941 893 ι
960 850 1035 893 nam
1049 851 1102 893 co·
1151 851 1209 895 nec
1222 833 1439 914 columpnellis,
1456 839 1549 914 atque
1563 835 1727 898 incaeteris
1739 837 1892 899 bominibus
1930 866 1937 908 γ

335 929 420 1008 piose
438 933 601 988 tractatum
622 927 704 988 istud
726 931 772 987 est
787 927 829 1010 ira
843 925 923 987 libro
944 925 1102 1004 superiore
1151 926 1371 1000 necessariam
1386 934 1571 1003 argumento
1584 928 1892 1009 bocapprobarelicet.
1910 919 1948 983 ’λγ

335 1020 434 1098 capita
454 1037 512 1080 xrs.
529 1021 575 1079 Ex
598 1036 659 1098 quo
675 1018 751 1078 illud
775 1017 905 1091 intueri,
926 1036 962 1078 ao
981 1016 1104 1077 conclu·
1152 1015 1230 1077 Cum
1244 1018 1328 1077 enim
1336 1017 1497 1098 hypostasi
1512 1020 1638 1098 propria
1650 1021 1708 1081 sibi
1720 1016 1804 1095 iacta
1821 1022 1892 1083 etab

334 1113 407 1173 dere
426 1110 509 1185 licet,
528 1114 643 1189 quanto
664 1109 780 1187 majore
803 1126 839 1168 ao
858 1108 997 1188 pleniore
1014 1107 1103 1169 liberi
1151 1107 1277 1186 reliquis
1291 1108 1471 1170 bominibus
1484 1110 1605 1171 diversa
1617 1111 1712 1172 bomo
1730 1112 1785 1175 iste
1802 1113 1893 1174 suat-

335 1201 457 1263 arbitrii
482 1207 630 1279 potestate
663 1219 738 1261 usus
761 1200 801 1260 ait
827 1199 982 1272 Christus,
1009 1217 1103 1278 qrsam
1151 1199 1234 1274 terit,
1247 1218 1370 1260 neeesse
1384 1211 1430 1261 cst
1443 1218 1641 1264 communem
1651 1204 1760 1283 inipso
1773 1212 1894 1266 naturam

334 1293 477 1355 homines
488 1292 599 1372 reliqui
615 1312 622 1353 r
639 1310 710 1352 cum
728 1292 762 1351 in
785 1291 833 1351 his
854 1291 947 1368 longa
966 1291 1103 1351 maxima
1152 1296 1235 1351 certa
1249 1291 1300 1351 ilic
1312 1292 1500 1371 proprietate
1521 1294 1741 1371 modificatam,
1761 1315 1794 1356 ac
1812 1298 1895 1357 deter-

335 1385 609 1465 parsiacultatum,
624 1389 656 1444 et
679 1384 837 1443 actionum
858 1382 897 1442 ab
913 1400 1020 1442 eorum
1031 1382 1103 1460 jure
1152 1382 1303 1443 minatam
1316 1383 1421 1444 fuisse.
1448 1386 1541 1464 Atqui
1561 1388 1731 1465 personalis
1748 1390 1895 1468 proprietas

336 1477 527 1557 imperioque
542 1476 582 1536 sit
594 1481 731 1554 excepta.
748 1476 815 1548 ero
828 1474 881 1534 illa
895 1492 968 1534 saue
980 1474 1103 1534 bomini
1152 1491 1216 1533 non
1231 1476 1494 1548 naturamsolam,
1511 1479 1564 1537 sed
1576 1479 1671 1538 ctiam
1687 1480 1832 1541 motiones
1845 1481 1896 1559 ejus

334 1568 490 1629 sententia
503 1567 635 1628 refertur
652 1587 659 1627 :
678 1566 749 1642 Our's
767 1573 864 1626 autem
883 1574 1009 1626 oestrum
1028 1565 1103 1644 copi·
1153 1583 1272 1639 omncs,
1289 1572 1320 1626 et
1333 1567 1468 1628 actiones
1488 1570 1590 1644 afficit,
1605 1588 1641 1630 ae
1659 1571 1851 1646 denominat;
1869 1577 1896 1632 ut
1950 1590 1951 1663 γ

337 1668 401 1721 taor
413 1665 505 1740 potest
529 1655 655 1738 adjicere
668 1655 708 1718 od
719 1655 1102 1717 staturamsaamcuoitum
1153 1674 1217 1715 utin
1241 1656 1361 1718 homini
1385 1659 1534 1719 duntaxat
1557 1666 1716 1722 naturasve
1737 1664 1893 1738 commuui;
1950 1680 1951 1755 γ

335 1749 461 1813 uoum¹i
473 1751 535 1811 Nec
549 1770 613 1810 nou
622 1750 691 1810 haec
703 1747 832 1809 altera²:
849 1747 949 1828 Neque
957 1754 1103 1827 percupio
1152 1747 1205 1807 sed
1220 1747 1292 1808 buic
1304 1748 1397 1808 etiam
1411 1750 1581 1820 individuo,
1591 1759 1772 1833 naturaeque
1785 1754 1897 1815 hhuan
1950 1760 1951 1827 l

336 1842 600 1923 tuumjuroveria:
615 1838 1103 1921 quionocpoterurrumcopiliurn
1153 1842 1215 1898 tur.
1244 1840 1322 1899 Hinc
1352 1840 1428 1900 illud
1456 1841 1630 1904 scholarum
1663 1863 1723 1905 usu
1750 1847 1896 1919 detritum,

336 1935 434 1995 album
448 1933 557 2014 facere,
571 1941 622 1993 out
634 1931 767 2011 uz'prum.
780 1932 820 1991 bt
833 1930 867 1990 iu
879 1930 1000 1991 Christo
1014 1935 1104 1990 natu·
1152 1928 1290 1991 Actiones
1303 1949 1360 1992 esee
1368 1934 1583 2013 suppositorum
1594 1955 1606 1995 .·
1614 1935 1673 1997 hoc
1682 1942 1728 1998 est
1740 1944 1898 1999 natruarum

335 2028 415 2087 mles
428 2043 536 2087 omues
547 2024 711 2097 motiones,
722 2022 753 2082 ei
762 2022 912 2101 quidquid
924 2021 1103 2082 necessitate
1152 2022 1405 2100 particularium,
1433 2042 1469 2083 ac
1495 2020 1738 2088 subsistentium.
1769 2028 1855 2107 Igitur
1872 2035 1899 2088 nt

336 2119 469 2194 agimus,
495 2123 549 2177 aut
568 2116 716 2195 patimur,
737 2114 911 2174 adnutum
936 2112 1103 2173 voluntatis
1154 2114 1273 2173 caeterea
1294 2113 1442 2175 humanae
1463 2115 1575 2176 Christi
1595 2123 1717 2181 naturae
1735 2119 1896 2191 functiones,

336 2214 381 2272 eet
395 2208 499 2270 bberae
511 2213 700 2269 transactum
718 2205 783 2266 :uti
796 2204 904 2281 fames,
919 2204 996 2277 sitis,
1012 2203 1102 2263 lassi·
1153 2203 1194 2264 sic
1219 2205 1393 2266 voluntates
1415 2206 1638 2286 determinatae,
1667 2216 1699 2271 et
1723 2212 1899 2292 hypostatice

335 2301 425 2376 tudo,
439 2319 524 2359 mors
538 2299 605 2377 ipsa
618 2298 753 2376 denique
769 2317 777 2356 ι
793 2313 928 2374 quorum
946 2294 1025 2355 nihil
1043 2294 1103 2355 uisi
1153 2293 1291 2371 fuerunt,
1306 2304 1461 2359 tumvcro
1475 2298 1581 2360 liberae
1596 2321 1603 2361 :
1620 2307 1728 2381 utpote
1741 2322 1840 2365 resera
1854 2304 1898 2363 bu·

337 2392 454 2464 volens,
471 2410 506 2452 ao
519 2391 701 2470 permittens
715 2394 859 2468 expertus
872 2393 929 2447 est.
1153 2387 1309 2447 maritatis
1330 2389 1476 2468 propriae,
1498 2395 1530 2451 et
1549 2398 1739 2463 autharum,
1758 2394 1829 2455 ciba
1842 2414 1897 2475 pcc-

186 2508 293 2553 vgunq,
377 2483 431 2543 Ill.
453 2482 557 2543 Altera
579 2498 672 2559 porro
693 2479 858 2539 voluntatis
885 2476 1011 2558 species,
1033 2496 1103 2556 quae
1154 2480 1213 2539 cati
1227 2478 1341 2556 labem,
1352 2481 1481 2542 similes.
1780 2515 1784 2519 ·

165 2562 310 2660 ffiffiiom
337 2581 487 2650 θποστατικὴ
509 2578 654 2647 vocetur,
673 2577 705 2632 et
720 2576 849 2651 papiri,
872 2586 967 2648 quam
984 2570 1102 2630 Christo
1194 2570 1395 2633 Demonstrat
1409 2572 1468 2634 boc
1487 2572 1608 2634 erudite
1629 2572 1782 2638 Maximus
1800 2569 1829 2637 in
1847 2572 1900 2639 oo-

175 2668 294 2712 reserum.
338 2667 506 2729 detrahunt
520 2667 647 2725 Petrum
660 2662 767 2741 aliqui,
782 2667 936 2740 quatenus
949 2667 1054 2723 tamen
1068 2662 1100 2722 in
1149 2661 1303 2741 putatione
1316 2681 1382 2723 cum
1401 2658 1537 2745 Pyrrho,
1554 2660 1608 2725 ubi
1624 2666 1736 2727 Christi
1749 2669 1899 2728 voluntates

336 2758 389 2819 illo
404 2756 529 2832 exstitit,
543 2755 702 2816 liberrima
716 2751 784 2813 iuit.
805 2754 883 2813 Nam
897 2771 952 2813 suo
967 2754 1103 2832 quodam
1153 2753 1229 2813 duas
1243 2750 1391 2830 affirmat3
1407 2770 1518 2835 easque
1528 2764 1709 2834 αὐτεξουσίως,
1725 2758 1757 2820 id
1772 2759 1898 2841 estjurie
1950 2776 1951 2779 ¹

336 2856 367 2912 et
380 2850 504 2930 proprio
518 2844 1102 2924 modoexstitissediximusinproxime
1152 2850 1181 2905 et
1204 2844 1330 2905 arbitrii
1350 2851 1407 2907 sut.
1440 2848 1506 2921 Quo
1533 2867 1607 2909 vero
1632 2849 1710 2911 illud
1736 2856 1899 2931 argumento

336 2939 528 3003 antecedenti
542 2938 660 3019 capite;
675 2939 735 2999 boc
744 2944 789 2997 est
802 2936 990 3017 imperfectis
1004 2937 1103 2996 omni·
1153 2937 1273 3015 probat,
1293 2937 1324 2997 iel
1339 2938 1442 3017 ipsum
1455 2939 1493 3000 de
1503 2947 1665 3023 θποστατικῇ,
1680 2946 1710 3003 ct
1724 2951 1840 3025 γνωμιιὴ,
1849 2943 1900 3003 sire

334 3034 403 3110 bus,
417 3052 453 3094 ao
466 3033 596 3093 minime
609 3030 850 3105 congruentibus
873 3029 996 3115 secretis
1010 3028 1101 3089 affec·
1151 3044 1308 3111 προαιρετικῇ
1322 3030 1481 3090 voluntate
1494 3032 1593 3111 magis
1610 3032 1758 3112 procedit,
1774 3052 1859 3114 quam
1870 3033 1900 3092 dc

335 3126 472 3186 tionibus
488 3144 495 3183 ι
517 3128 553 3183 ut
572 3123 606 3182 iu
628 3122 721 3183 rebus
743 3120 880 3199 agendis,
897 3120 994 3180 libere
1020 3120 1102 3199 quod
1152 3133 1249 3201 φυσικῇ.
1266 3121 1315 3182 Sic
1330 3118 1414 3183 enim
1425 3120 1562 3199 disputat
1578 3143 1585 3183 :
1603 3145 1618 3181 e
1632 3124 1712 3185 Cum
1726 3124 1901 3187 volensbdn·

335 3218 437 3290 vellet,
472 3234 508 3276 ec
539 3214 623 3293 quod
657 3212 850 3273 conducibile
871 3212 1034 3289 judicaret,
1064 3229 1103 3272 ex
1153 3228 1223 3271 mus
1243 3210 1424 3286 obediverit,
1443 3212 1544 3295 (cruori
1567 3215 1692 3292 seilicet,
1708 3222 1762 3277 aut
1785 3212 1898 3293 diabdol

334 3308 442 3369 multis
454 3307 592 3386 eligeret,
606 3323 664 3367 nee
678 3304 742 3364 ulla
756 3306 789 3363 ti
803 3303 885 3382 quod
899 3302 998 3363 nollet
1009 3321 1101 3382 coge·
1153 3310 1183 3363 ct
1194 3303 1301 3365 rolens
1315 3306 1541 3384 contemplatus
1551 3305 1600 3383 sit,
1616 3308 1768 3369 attolens
1782 3307 1900 3369 comede·

335 3408 421 3462 retur
442 3399 615 3478 susciper03
645 3396 732 3456 ncilla
757 3395 833 3455 item
859 3394 1039 3456 necessitate
1063 3394 1102 3455 ael
1153 3395 1204 3469 rit,
1224 3395 1363 3474 sequitur
1381 3398 1514 3473 primam
1529 3388 1563 3458 in
1583 3394 1673 3458 nobis
1694 3399 1832 3461 affectant
1848 3417 1900 3482 osse

336 3510 436 3553 ernam
459 3484 685 3551 determinante
706 3487 901 3561 tralrerctur3
918 3487 952 3546 iu
970 3486 1007 3546 iis
1021 3487 1101 3547 duu-
1152 3488 1355 3548 voluntatem.
1381 3489 1469 3548 Hauc
1488 3494 1592 3550 atatem
1619 3509 1683 3551 una
1709 3510 1783 3553 cum
1806 3496 1901 3552 natum

335 3588 431 3658 taxat,
446 3600 518 3660 quta
540 3580 725 3641 naturaliter
747 3572 835 3639 liberi
857 3572 976 3638 arbitrii
998 3583 1100 3657 potcs-
1153 3586 1258 3639 rrostra
1271 3597 1337 3639 non
1348 3581 1525 3659 assumpsit,
1537 3588 1573 3642 ut
1584 3582 1635 3644 isti
1643 3586 1766 3662 putant,
1781 3580 1899 3644 Verbum

335 3674 391 3735 tati
408 3670 545 3751 subjecta
560 3680 633 3733 sunt
648 3692 655 3732 z
672 3669 845 3748 eujusmodi
869 3675 1034 3730 censentur
1053 3689 1100 3737 ca,
1153 3672 1360 3731 incarnatum.
1381 3671 1479 3749 Igitur
1501 3691 1558 3752 ogo
1579 3692 1597 3733 a
1615 3681 1740 3754 peccato
1764 3694 1826 3736 non
1844 3692 1900 3736 sum

333 3783 406 3844 quse
417 3764 494 3826 citra
506 3764 601 3824 finem
616 3762 761 3823 ultimum
776 3758 957 3835 consistunt,
968 3758 1102 3823 etmedio
1152 3756 1309 3823 liberatus.
1336 3760 1424 3836 Quod
1443 3762 1468 3823 si
1486 3783 1505 3824 a
1523 3766 1648 3845 peccato
1671 3786 1736 3828 non
1756 3786 1824 3828 sum
1842 3766 1902 3826 libc-
1950 3806 1951 3847 γ

336 3857 550 3917 nominantur.
566 3854 688 3914 Etenim
702 3854 807 3915 liberae
818 3852 1055 3925 stercilinum,
1071 3858 1103 3913 et
1153 3859 1249 3928 ratus,
1263 3872 1402 3914 nonaum
1411 3852 1541 3917 salutem
1551 3864 1733 3919 consecutus
1749 3878 1757 3918 τ
1771 3857 1900 3938 quorum

334 3966 408 4008 usus
421 3942 627 4007 indifferentia
640 3945 758 4006 arbitrii
771 3945 853 4006 circa
873 3961 1032 4005 summum
1044 3942 1100 4004 ho·
1153 3946 1237 4025 quod
1250 3965 1313 4006 non
1327 3950 1373 4007 cst
1385 3952 1587 4026 assumptum,
1602 3954 1897 4012 nonestcurammr

334 4058 412 4101 num
438 4035 544 4098 nullus
564 4045 609 4098 cst
635 4037 775 4113 omuino,
797 4042 834 4096 ut
859 4055 898 4097 ea
925 4038 957 4097 S.
982 4034 1102 4096 'iboma
1154 4038 1269 4098 thrsus
1283 4038 1344 4097 alio
1363 4038 1394 4098 icl
1409 4048 1594 4118 argumento
1608 4036 1798 4103 demorrstrat
1811 4061 1818 4102 ε
1832 4039 1900 4121 quod

333 4132 409 4193 alias
421 4128 592 4191 docuimus.
607 4124 681 4189 ideo
694 4126 797 4189 necin
811 4126 929 4189 Christo
950 4129 1019 4189 talis
1038 4146 1103 4189 esse
1153 4148 1231 4209 opus
1243 4130 1298 4190 Dei
1311 4130 1351 4190 sit
1362 4124 1459 4191 libera
1473 4137 1607 4211 potestas
1621 4126 1768 4195 humanae
1781 4136 1898 4203 uatium
1950 4120 1951 4143 ³

333 4223 453 4304 potuit;
469 4218 557 4301 cnjus
570 4220 857 4282 mensacvoluntas
871 4237 1002 4280 summat
1017 4237 1101 4281 com-
1153 4221 1389 4301 quamproinde
1402 4224 1530 4303 insuper
1543 4220 1670 4299 habere,
1687 4244 1722 4288 ac
1743 4225 1900 4305 relinquere

336 4333 400 4393 poa,
413 4308 594 4393 ultimaque
610 4310 771 4388 felicitatis,
787 4312 821 4372 in
840 4311 894 4372 Dei
915 4312 1056 4373 contuitu
1071 4318 1102 4373 et
1153 4331 1217 4373 non
1241 4313 1343 4391 potuit
1367 4316 1399 4373 in
1425 4316 1610 4377 amirmenda
1639 4318 1776 4378 hominis
1805 4323 1901 4377 natura
1950 4314 1951 4391 l

334 4424 441 4466 amoro
459 4403 661 4466 immobiliter
677 4404 898 4483 acquiescebat.
919 4402 957 4463 In
975 4403 1102 4482 reliquia
1152 4406 1233 4465 Deus
1246 4402 1404 4479 Verbum3
1420 4424 1460 4466 ne
1478 4414 1532 4468 aut
1555 4425 1632 4487 oprrs
1651 4427 1743 4468 suum
1760 4409 1901 4475 danaae,

334 4497 426 4576 plena
440 4495 622 4557 illibbertas
636 4494 792 4556 electionis
806 4494 952 4571 constitit,
968 4514 1032 4555 oon
1051 4513 1100 4554 so-
1152 4501 1206 4556 aut
1239 4497 1268 4556 ei
1304 4495 1435 4558 salutem
1468 4496 1607 4560 invidere
1639 4506 1810 4579 putaretur.
1843 4494 1903 4558 liet

333 4589 400 4650 lum
412 4607 459 4665 ea,
474 4607 569 4667 quam
583 4584 1025 4666 contradictionisnrrncupant‚
1040 4604 1103 4665 qua
1151 4593 1283 4667 utraque
1292 4586 1370 4649 ratio
1380 4608 1444 4650 non
1456 4590 1786 4670 monsbarrensium
1795 4595 1901 4672 papirii
1950 4670 1951 4673 γ

333 4680 443 4755 facere,
459 4685 514 4741 aut
530 4698 594 4751 uon
612 4678 712 4740 iacere
731 4695 894 4757 possumus
912 4697 919 4737 :
940 4676 1101 4737 sedetiam
1151 4676 1344 4740 voluntatem
1366 4682 1564 4760 assumpsisse
1595 4680 1650 4742 Dei
1677 4682 1794 4756 filium,
1821 4695 1902 4760 quam
1950 4676 1951 4747 i

334 4770 440 4844 altera,
457 4771 647 4849 quaedieitur
656 4769 884 4843 controrr'etatr't;
901 4785 965 4827 non
977 4767 1102 4828 utinter
1152 4778 1253 4850 φυσικὴν
1268 4766 1411 4832 ostendit.
1428 4772 1545 4852 erippe
1558 4774 1709 4834 naturalis
1721 4779 1768 4835 est
1781 4772 1831 4835 illa
1845 4787 1902 4852 pru
1950 4810 1951 4851 γ

333 4862 471 4925 honestae
485 4858 541 4935 rei,
557 4880 593 4922 ac
606 4861 714 4940 turpis,
723 4859 895 4939 appetitum
908 4858 1103 4919 vciutmedia
1152 4862 1265 4941 prietes
1291 4858 1444 4939 hominis,
1472 4882 1611 4944 opusque
1642 4864 1716 4937 Deir
1752 4871 1842 4944 atque
1865 4860 1901 4921 uti
1950 4858 1951 4947 l

1950 4980 1951 5021 l

370 5055 391 5094 a
410 5032 513 5096 Mittit.
529 5042 613 5111 Dap.
633 5038 662 5091 Et
675 5030 722 5110 γθρ
736 5036 812 5090 θέλων
833 5035 847 5090 θ
870 5035 950 5108 Ἀδὰμ
967 5035 1101 5105 iniectae,
1152 5039 1201 5113 ἐγὼ
1215 5040 1291 5114 χωρὶς
1306 5036 1423 5114 ἁμαρτίας
1439 5041 1536 5113 γέγονα.
1553 5036 1576 5095 si
1594 5036 1620 5097 ii
1641 5040 1689 5115 ἐγὼ
1702 5043 1781 5116 χωρὶς
1799 5038 1901 5113 ἇμαῃτῖᾱε
1950 5060 1951 5127 γ

333 5123 374 5176 καὶ
388 5122 466 5175 θέλων
480 5118 604 5194 tuapte,
621 5123 661 5174 καὶ
677 5121 780 5188 θελήσας
793 5119 891 5191 ἔφαγεν,
909 5121 956 5192 ἄρα
969 5138 1101 5192 apocarte-
1152 5122 1181 5176 οθ
1192 5124 1291 5195 γέγονα,
1307 5123 1352 5177 οὐκ
1366 5120 1413 5196 ἄρα
1427 5120 1529 5192 ἐσώθην.
1549 5123 1614 5197 εἰπερ
1627 5126 1656 5179 rb
1668 5124 1846 5196 ἂπρόσληπτον,
1856 5121 1900 5175 tt·
1950 5140 1951 5205 γ

334 5204 376 5271 θὴς
390 5202 416 5257 iv
429 5203 487 5276 buit
500 5201 516 5270 ἡ
530 5204 634 5272 tunae.
651 5200 779 5272 ταθνηνδὶ
796 5202 859 5275 μετὰ
871 5206 914 5269 τῆς
928 5201 1030 5273 φύσεως,
1045 5202 1101 5256 κατ’
1151 5207 1280 5280 pensator.
1950 5228 1951 5267 t

333 5285 431 5351 αὖτοὺς,
443 5286 472 5341 ci·
490 5287 654 5359 προονθηφνν
665 5287 682 5340 ὁ
692 5287 767 5358 λόγος
785 5284 979 5358 liudgerdam.
995 5284 1039 5339 otiu
1055 5286 1103 5357 ἄρα
1950 5276 1951 5365 i

363 5440 371 5483 l
384 5440 460 5484 ttaut.
474 5450 505 5490 vl,
514 5438 551 5485 ut.
562 5457 589 5471 -—
600 5437 614 5481 2
624 5437 699 5482 notu.
711 5436 775 5487 ηθθ.
