3990 6130
285 266 343 327 ¹7⁰
795 277 1122 341 sanctonicensis
1141 277 1360 342 DOGMATUM

1991 134 1992 179 i

288 453 395 499 servus
410 437 538 516 debeat,
553 440 618 502 sive
631 441 769 505 Verbum
792 443 896 525 ipsum
910 445 1055 508 dominus
1105 450 1227 516 natura,
1246 450 1277 508 et
1294 445 1427 507 deiiiius
1446 444 1577 506 essentia
1593 463 1601 505 z
1615 447 1720 504 tamen
1742 441 1876 503 nullate·

286 531 364 610 ejus,
382 549 477 610 quem
497 533 664 614 assumpsit
685 535 832 598 hominis.
850 539 1056 616 Responderi·
1106 557 1166 599 nus
1181 541 1370 617 ignoramus,
1391 538 1618 616 quodmanens
1634 535 1729 595 bomo
1748 549 1878 613 quoque
1900 537 1955 581 reo

287 623 363 684 dum
377 624 461 685 enim
485 630 542 702 est,
558 625 778 690 abstinendum
801 648 1005 709 prorsusesse
1018 630 1057 692 ab
1105 631 1203 692 iactus
1216 631 1267 706 sit,
1283 631 1338 710 qui
1356 629 1415 690 sub
1430 632 1492 692 Deo
1508 628 1599 708 juxta
1620 627 1757 687 debitam
1771 626 1879 703 legem
1913 600 1950 634 ’κ

289 717 470 795 hujusmodi
494 716 713 781 locutionibus.
743 722 824 794 Quas
843 741 916 785 oum
942 724 1058 803 impius
1107 722 1441 784 naturaehumanitatis
1464 720 1700 798 existeret.1pse
1725 735 1803 778 vero
1817 714 1880 777 sibi

289 808 449 870 Nestorius
482 816 668 890 usurpasset,
697 813 833 892 Cyriiius
866 817 900 876 in
931 816 1060 895 epistola
1108 816 1266 896 quomodo
1279 814 1419 875 veliieus
1432 813 1630 893 pertentasse,
1640 811 1690 871 vei
1704 807 1882 871 Dominus?

290 900 448 980 synodica,
461 919 556 981 quam
569 902 609 963 ad
621 922 694 965 cum
709 922 748 966 ex
764 906 972 968 alexandrino
984 925 1061 969 con·
1108 910 1191 987 Ergo
1206 907 1301 968 soiius
1311 906 1409 967 Patris
1421 910 1467 966 est
1479 922 1596 978 servus,
1608 922 1673 964 non
1688 902 1746 964 sibi
1754 919 1880 973 servus,

258 991 361 1053 ‚ciiio
388 993 526 1071 scripsitr
557 994 757 1057 vehementer
783 998 951 1077 redarguit,
973 1004 1004 1061 et
1026 999 1060 1060 iu
1108 1017 1257 1062 nonsuus
1266 1016 1373 1061 servus
1390 1018 1398 1059 ι
1413 997 1547 1058 nonsibi
1560 995 1884 1071 dominus,n0nsuus
1991 992 1992 995 ’

291 1084 427 1163 subjecto
458 1086 715 1149 anathematismo
752 1096 838 1151 sexto
874 1091 1061 1153 nominatim
1109 1092 1268 1154 dominus,
1290 1091 1376 1152 Sicut
1393 1091 1487 1151 soiius
1513 1089 1610 1149 Patris
1630 1092 1677 1149 est
1697 1087 1794 1162 iilius,
1815 1103 1886 1147 non

292 1176 462 1237 damnavit.
482 1177 580 1238 Verba
598 1179 704 1259 Cyrtiii
724 1180 763 1241 ab
778 1182 925 1262 Dionysio
940 1183 1061 1258 Exiguo
1110 1200 1186 1246 suus
1198 1184 1293 1258 iiiius,
1309 1183 1445 1246 nonsibi
1459 1181 1542 1243 tilius
1557 1200 1565 1240 :
1586 1180 1667 1241 sicut
1677 1179 1747 1259 ipso
1765 1178 1884 1257 major,

292 1268 403 1329 Latine
416 1268 587 1331 redditasic
600 1271 732 1348 habeni3
745 1273 1059 1353 «Sednequeiteum,
1110 1283 1142 1339 et
1161 1277 1274 1338 minor.
1305 1278 1344 1337 Et
1370 1275 1441 1335 ideo
1463 1274 1497 1334 in
1522 1290 1585 1351 quo
1604 1271 1702 1350 major
1724 1270 1784 1330 sibi
1810 1270 1882 1348 ipsi,

292 1365 348 1421 aut
366 1361 534 1421 Dominum
546 1362 702 1424 Christum
724 1365 863 1425 Verbum
889 1366 943 1426 Dei
961 1367 1063 1428 Patris
1111 1369 1237 1448 aequalis
1259 1375 1304 1430 est
1326 1367 1408 1429 Patri
1425 1367 1481 1431 :in
1507 1383 1569 1445 quo
1597 1364 1700 1425 minor
1724 1362 1784 1424 sibi
1810 1361 1884 1441 ipsi,

292 1453 477 1528 adserimus,
491 1472 532 1514 ne
542 1455 657 1516 iterum
667 1456 818 1518 manifesti
824 1458 901 1517 usin
911 1458 973 1518 duo
983 1459 1062 1519 divi-
1112 1460 1216 1521 minor
1229 1466 1275 1522 est
1283 1461 1384 1521 Patre.
1397 1462 1434 1521 ln
1442 1476 1505 1538 qua
1515 1457 1619 1518 minor
1628 1455 1888 1531 scribomanus
1991 1488 1992 1517 i

293 1544 403 1605 damus
425 1562 526 1606 unum
540 1546 697 1609 Christum
710 1548 820 1625 tilium,
837 1555 868 1609 et
882 1551 1060 1624 Dominum,
1113 1554 1200 1614 omni
1212 1559 1371 1614 creaturae.
1387 1555 1426 1614 ln
1437 1569 1500 1632 quo
1510 1567 1616 1611 servus
1626 1548 1717 1621 Patri,
1725 1546 1888 1607 Dominus

294 1642 325 1698 et
338 1637 372 1698 in
392 1639 511 1700 crimen
532 1639 684 1719 sacrilegii
697 1640 882 1717 recidamus,
899 1643 998 1703 iteum
1018 1642 1063 1704 ilii
1112 1646 1193 1723 coeli,
1210 1651 1241 1706 et
1260 1651 1363 1723 terras,
1383 1645 1416 1706 id
1439 1649 1485 1706 est
1509 1642 1699 1721 Angelorum
1724 1645 1757 1701 et
1776 1638 1887 1700 homi·
1991 1650 1992 1661 ¹

294 1730 1061 1815 seipsuruiscientes,eti]ominum.Unitus'quippe,
1111 1754 1239 1798 numo

294 1822 373 1882 nont
386 1822 528 1900 superius
543 1823 695 1896 diximus,
714 1826 795 1885 Deus
819 1825 958 1887 Verbum
978 1827 1064 1888 carni
1153 1829 1247 1889 XVII.
1270 1826 1384 1886 Veram
1415 1824 1509 1902 hujus
1540 1823 1586 1884 rei
1621 1840 1746 1883 causam
1778 1823 1886 1901 attigit
1909 1831 1970 1874 uu

294 1914 467 1976 secundum
493 1914 733 1992 subsistentiam,
755 1917 839 1977 Deus
865 1918 991 1996 quidem
1018 1923 1065 1979 est
1114 1920 1260 2001 Cyrinus,
1275 1918 1359 1997 quod
1385 1934 1480 1992 unus,
1499 1915 1645 1993 idemque
1671 1915 1710 1975 sit
1736 1916 1841 1988 Deus,
1858 1921 1889 1976 et

295 2007 449 2079 omnium,
463 2012 494 2067 et
518 2007 697 2068 dominatur
711 2009 906 2071 universitati
922 2028 1064 2071 :verum
1112 2014 1208 2074 homo
1221 2011 1368 2085 Christus,
1383 2008 1442 2068 boc
1457 2013 1503 2067 est
1524 2007 1698 2086 hypostasis
1717 2025 1794 2066 una.
1822 2008 1889 2068 Hoc

294 2103 400 2160 tamen
414 2117 472 2160 nec
486 2116 593 2160 servus
613 2107 659 2161 est
673 2100 731 2161 sibi
746 2102 888 2180 ipse,nec
899 2103 1045 2163 dominus
1053 2123 1062 2178 ;
1114 2107 1199 2167 enim
1212 2102 1357 2182 prohihet
1382 2116 1508 2160 servum
1531 2116 1596 2160 esse
1609 2116 1715 2172 suum;
1731 2099 1890 2177 quoniam

296 2192 370 2271 quia
383 2191 526 2270 ineptum
539 2191 651 2268 astuci
664 2193 767 2271 potius
774 2193 907 2273 impium
920 2194 979 2255 hoo
990 2213 1064 2255 sen-
1115 2196 1254 2276 quisquis
1268 2198 1313 2254 est
1326 2208 1451 2262 servus,
1468 2191 1594 2251 alterius
1608 2195 1654 2250 est
1669 2207 1793 2264 servus3
1813 2208 1890 2251 cum

297 2285 355 2345 tire
366 2283 415 2344 vel
429 2283 634 2345 dicerem-In
643 2283 883 2345 cambemctismo
891 2304 965 2346 vcro
979 2293 1065 2347 sexto
1114 2287 1275 2349 manifeste
1304 2288 1431 2366 pugnet,
1468 2282 1605 2362 aliquem
1636 2281 1783 2361 suiipsius
1821 2300 1890 2343 esse

296 2376 425 2436 damnat
436 2392 520 2451 eum,
540 2396 555 2432 ιι
569 2376 624 2454 qui
638 2376 826 2445 dicitDeum,
839 2376 889 2437 vel
902 2377 1065 2438 dominum
1115 2380 1289 2453 dominum,
1306 2384 1338 2440 et
1348 2392 1485 2437 servum.

296 2485 362 2529 esse
389 2467 524 2542 Christi,
545 2467 602 2526 Dei
630 2468 730 2528 Patris
755 2468 1066 2530 Verennianus
1157 2474 1237 2533 Cum
1255 2474 1360 2531 autem
1378 2468 1456 2528 aaran
1473 2468 1598 2547 proprie
1618 2466 1690 2528 dicti
1713 2465 1793 2526 ratio
1823 2484 1891 2527 non
1991 2476 1992 2549 γ

297 2559 475 2620 defensione
506 2559 756 2622 anathematismi
790 2561 929 2639 ejusdem
959 2567 1067 2623 contra
1116 2564 1293 2638 essentiam,
1308 2561 1361 2622 sed
1375 2577 1541 2640 personam
1555 2560 1728 2633 comitetur,
1744 2563 1891 2638 utsupra
1991 2554 1992 2585 ³

298 2651 540 2726 Theodoretum,
556 2650 646 2711 docet
659 2653 835 2713 Nestorium
849 2652 954 2731 impie,
971 2653 1068 2714 irreli·
1116 2674 1155 2717 ex
1167 2657 1185 2716 J
1189 2672 1290 2715 conae
1300 2656 1488 2714 Damascena
1502 2649 1671 2725 diximus²3
1682 2649 1817 2728 ideoque
1828 2668 1892 2711 ser

297 2743 443 2822 gioseque
457 2743 583 2816 dixisse,
596 2743 735 2805 Verbum
750 2744 860 2805 Christi
872 2762 938 2806 csse
949 2747 1065 2821 Deum;
1117 2765 1176 2807 vus
1189 2764 1255 2807 non
1269 2745 1309 2805 sit
1323 2744 1445 2823 proprie
1460 2743 1607 2817 Christus,
1618 2741 1668 2802 vei
1678 2742 1832 2815 homo,ut
1845 2746 1893 2802 est

297 2842 329 2895 et
342 2835 487 2896 eumdem
506 2834 658 2896 infantem
681 2853 757 2908 esse,
773 2841 804 2896 et
825 2836 951 2897 infantis
970 2837 1068 2897 domi·
1118 2839 1152 2898 in
1166 2837 1296 2910 Christo,
1312 2842 1344 2896 et
1359 2835 1393 2895 in
1412 2833 1515 2895 Verbo
1534 2833 1695 2895 subsistit:
1714 2833 1825 2912 palam
1844 2838 1894 2894 est

298 2945 388 2988 num.
402 2926 489 3001 Quod
495 2927 566 3004 jure
581 2945 620 2988 ex
633 2945 670 2987 eo
684 2927 795 3005 rejicit,
803 2929 888 3006 quod
896 2927 1067 2989 nihiiaiiud
1117 2944 1219 3007 neque
1233 2928 1292 3001 sui,
1307 2944 1408 3005 neque
1433 2925 1531 2986 Patris
1550 2925 1640 2986 iilum
1659 2923 1806 2984 eumdem
1823 2941 1895 2985 esse
1991 2918 1992 2957 ³

297 3023 337 3080 sit
351 3020 394 3079 ita
407 3019 504 3098 ioqui,
521 3036 617 3098 quam
640 3019 792 3080 Christum
821 3019 966 3080 bifariam
988 3020 1066 3079 divi·
1118 3037 1252 3081 servum.
1268 3018 1394 3092 Quodsi
1414 3017 1452 3077 de
1465 3023 1577 3076 natura
1593 3016 1660 3095 ipsa
1681 3014 1819 3076 hominis
1834 3032 1895 3096 per
1991 3100 1992 3103 γ

298 3113 372 3174 dere
385 3112 419 3171 in
436 3128 583 3189 personas
598 3111 687 3171 duas.
707 3112 805 3171 «Non
825 3111 935 3189 igitur,
952 3111 1065 3190 inquit,
1117 3129 1183 3172 sese
1215 3110 1385 3188 loquimur,
1409 3113 1440 3169 et
1466 3113 1501 3168 ut
1523 3106 1710 3186 cogitatione
1732 3107 1854 3167 mentis
1875 3125 1896 3167 a
1991 3106 1992 3109 ’

300 3202 358 3264 diei
373 3207 474 3281 potest
487 3202 633 3278 suiipsius
647 3202 934 3277 iieus,ctdomiuus
946 3204 1070 3263 Emmc-
1116 3204 1222 3266 Verbo
1237 3207 1377 3281 separata
1392 3199 1624 3274 consideratur;
1646 3198 1808 3259 fatendum
1828 3205 1893 3275 esi,

300 3294 374 3356 nuel
391 3313 398 3353 ι
414 3292 568 3371 siquidem
582 3294 673 3367 Deus,
689 3294 771 3354 idem
785 3298 848 3366 est,
866 3300 897 3354 et
908 3293 1002 3354 homo
1011 3303 1034 3354 ⁶.
1049 3315 1065 3352 ν
1119 3301 1150 3357 et
1162 3297 1263 3374 ipsam
1284 3292 1433 3373 appellari
1453 3310 1541 3370 posse
1554 3309 1675 3352 servam
1689 3309 1726 3351 eo
1744 3290 1843 3352 modo
1858 3308 1896 3352 sc

341 3387 391 3448 Sis
419 3385 574 3461 litherius,
600 3396 632 3446 et
660 3386 773 3447 Beatus
799 3386 832 3445 in
858 3385 939 3446 libro
966 3385 1068 3464 primo
1117 3406 1225 3462 sensu,
1242 3403 1336 3464 quem
1350 3385 1494 3462 superius
1519 3380 1758 3462 exposuimus³,
1774 3399 1896 3463 nempe

301 3485 403 3541 coms-a
417 3475 616 3556 dispunctam,
628 3477 694 3538 fuse
704 3477 788 3555 istud
797 3476 962 3557 explicant,
973 3477 1069 3537 soiius
1118 3485 1243 3553 natura,
1267 3483 1299 3538 et
1313 3476 1457 3548 essentia,
1475 3493 1510 3535 ao
1529 3475 1616 3535 vetut
1633 3475 1665 3535 ia
1682 3477 1750 3534 actu
1760 3475 1869 3553 prinas
1886 3496 1894 3535 ι
1991 3536 1992 3563 γ

300 3588 365 3632 esso
380 3570 477 3631 Patris
497 3586 623 3630 servum
639 3570 794 3630 Christum
809 3569 991 3645 Dominum,
1004 3585 1070 3628 non
1118 3577 1149 3632 et
1163 3569 1333 3631 sanatione
1350 3567 1444 3628 totius
1463 3566 1626 3627 Trinitatis
1646 3583 1767 3626 servam
1782 3567 1895 3645 eppei·

301 3661 455 3741 suiipsius,
482 3666 636 3739 quatenus
666 3660 799 3721 formam
822 3661 902 3720 servi
925 3660 1067 3739 suscepit.
1118 3663 1174 3724 lari
1189 3679 1289 3742 posse,
1304 3678 1369 3720 non
1384 3659 1505 3731 minus,
1522 3676 1616 3737 quam
1630 3662 1815 3719 uenturam.
1834 3659 1896 3720 Par

306 3754 371 3813 «Et
383 3752 464 3828 ideo,
482 3749 612 3830 inquit¹,
626 3752 728 3811 Patris
738 3756 785 3812 est
797 3768 904 3812 seruus
913 3796 921 3827 ,
931 3752 985 3830 qui
998 3768 1071 3811 cum
1120 3755 1205 3816 enim
1216 3770 1307 3813 causa
1322 3758 1368 3811 esi
1381 3750 1544 3829 utriusque
1561 3770 1569 3809 ι
1591 3750 1706 3828 dequo
1721 3749 1803 3825 uide,
1818 3769 1895 3829 quoe

303 3842 1072 3918 PatraestunusDominus,ctunusDeus:verum-
1120 3845 1154 3906 in
1173 3853 1259 3906 sexto
1273 3842 1373 3920 capita
1395 3839 1628 3902 disseruimus⁸.
1653 3841 1693 3902 Ut
1710 3840 1806 3919 igitur
1826 3847 1897 3903 tots
1991 3894 1992 3905 ι

303 3941 410 3997 tamen
423 3935 488 4014 ipss
503 3934 558 3994 sihi
573 3933 798 4007 necdominus,
819 3952 877 3995 nec
891 3952 998 3996 servus
1013 3941 1069 3995 est.
1121 3937 1255 3998 Trinitas
1263 3934 1500 3996 Iacarncta‘oaem
1512 3941 1634 4013 epacta
1647 3931 1740 4010 vmgo
1754 3932 1894 3995 dicitur:
1991 3972 1992 4005 γ

306 4027 406 4089 Solius
421 4026 572 4088 Patriscst
586 4044 703 4101 servus,
721 4025 862 4106 quitacit
878 4027 1072 4087 voluntatem
1121 4035 1153 4090 ct
1165 4028 1337 4090 humanam
1347 4026 1459 4087 Christi
1472 4030 1620 4085 naturam
1633 4041 1896 4106 creasse:exquo
1991 4080 1992 4107 ,

304 4121 416 4195 Patris,
443 4126 479 4180 ut
500 4119 564 4198 ipsc
584 4119 622 4179 de
651 4120 817 4196 semetipso
838 4119 881 4179 ait
897 4139 904 4179 :
923 4137 988 4179 non
999 4117 1073 4180 veni
1122 4126 1264 4181 creatura
1275 4118 1376 4180 iactus
1390 4136 1457 4178 esse
1471 4119 1551 4178 Deus
1564 4117 1679 4196 passim
1692 4117 1841 4179 asseritur
1853 4120 1897 4181 ab
1991 4112 1992 4183 i

303 4211 494 4272 voluntatem
509 4228 611 4271 meam
628 4209 738 4285 iacere,
754 4210 807 4271 sed
820 4210 899 4288 ejus,
915 4211 970 4289 qui
988 4210 1074 4270 misit
1122 4212 1293 4290 theologis:
1310 4210 1353 4270 sio
1377 4211 1569 4271 etiamserva
1583 4209 1722 4287 ejusdem
1735 4210 1899 4273 Trinitatis

304 4321 355 4364 me
363 4302 471 4363 Patris.
487 4303 556 4363 Non
565 4303 624 4363 hoc
637 4303 703 4363 loco
718 4302 797 4362 dixit
807 4302 1000 4362 voluntatem
1015 4304 1071 4364 Dei
1124 4310 1236 4366 nature
1259 4309 1397 4377 vocatur,
1413 4307 1449 4361 ut
1470 4301 1510 4362 ab
1530 4300 1710 4376 Athanasio,
1724 4308 1756 4361 et
1769 4302 1898 4364 icanne
1991 4320 1992 4385 f

304 4394 413 4469 iacere,
431 4394 485 4455 sed
499 4395 607 4455 Patris.
622 4393 766 4467 Quamvis
777 4394 862 4454 enim
870 4395 967 4454 Deum
978 4412 1071 4455 suum
1124 4398 1326 4457 Damascena.
1339 4395 1457 4454 Verum
1466 4394 1491 4453 si
1503 4392 1627 4472 proprie
1635 4392 1723 4471 loqui
1735 4393 1896 4471 volumus,
1991 4390 1992 4475 i

306 4487 431 4549 Patrem
462 4487 585 4559 dixerit,
606 4502 679 4548 oum
705 4488 787 4546 Deus
815 4487 865 4561 sit,
884 4487 980 4547 etiam
1005 4487 1073 4566 ipsa
1125 4505 1227 4567 neque
1253 4487 1401 4562 Christus,
1417 4502 1519 4564 neque.
1544 4485 1640 4546 homo
1662 4484 1833 4547 subsistens
1863 4486 1898 4547 in
1991 4480 1992 4559 ᾗ

343 4689 364 4728 ο
382 4674 492 4728 Craris.
509 4672 540 4728 in
554 4688 598 4743 ep.
612 4671 654 4727 ud
661 4675 740 4727 Neai.
753 4686 816 4741 quas
827 4676 869 4725 esi
877 4670 907 4726 in
916 4671 984 4741 Epir.
994 4686 1074 4727 conc.
1127 4672 1314 4733 teutotonicis
1328 4669 1404 4736 ἐστιν,
1418 4668 1475 4724 otas
1487 4671 1614 4737 δεσπότης.
1629 4668 1708 4738 εὔηθες
1720 4669 1780 4743 γὰρ,
1799 4670 1898 4743 μᾶλλον
1991 4680 1992 4683 ’

313 4755 380 4810 Ἀλλ’
394 4754 449 4808 otti
463 4755 526 4817 θεόν,
545 4756 560 4823 ἡ
584 4756 703 4823 δεσπότην
727 4763 770 4808 τοῦ
794 4754 899 4825 Χριστοῦ
913 4754 956 4807 τδν
971 4752 997 4807 ἐν
1020 4755 1075 4808 θεοῦ
1125 4754 1152 4808 ti
1165 4756 1212 4823 ἤδη
1226 4755 1266 4807 καὶ
1280 4753 1429 4815 δινσσιόὲςτδ
1441 4753 1506 4807 osso
1519 4754 1626 4824 φρονεῖν,
1641 4752 1682 4805 καὶ
1694 4752 1786 4824 λέγειν.
1991 4802 1992 4805 ,

307 4839 401 4910 πατρὸς
413 4838 488 4909 λόγον
504 4837 666 4909 ὀνομάζομεν.
677 4838 720 4891 ἵνα
735 4836 767 4909 μὴ
783 4838 857 4891 πόλιν
872 4835 1007 4907 ἀναφανδὸν
1018 4837 1077 4908 τέμ·
1163 4837 1180 4892 b
1198 4836 1297 4892 anath.
1314 4851 1342 4891 vi
1363 4834 1458 4905 Cyrtii.
1478 4832 1510 4888 Ei
1524 4853 1560 4895 τις
1576 4834 1640 4898 δεδι,
1659 4836 1674 4902 ἢ
1690 4836 1812 4904 δεσπότην
1833 4830 1900 4889 εἶναι
1991 4882 1992 4885 ,

309 4939 388 4992 surpta
404 4919 437 4981 εἰς
451 4919 494 4972 δύο
508 4920 551 4972 τόν
566 4920 609 4971 ἕνα
624 4920 729 4991 Χριστόν
744 4919 785 4974 τδν
797 4918 861 4983 siba,
876 4919 917 4971 καὶ
930 4919 1021 4991 κόριον,
1036 4919 1077 4972 καὶ
1126 4920 1193 4992 λέγει
1202 4923 1246 4972 τοῦ
1259 4919 1367 4991 Χριστοῦ
1379 4919 1423 4972 τὸν
1436 4916 1462 4970 ἐν
1475 4918 1530 4970 θεοῦ
1538 4917 1629 4987 πατρός
1641 4918 1728 4989 λόγον.
1991 4972 1992 4985 γ

309 5001 442 5074 δυσφημίας
463 4997 598 5072 ἐγκλήματι
616 5003 797 5073 περιπέσωμεν,
825 5001 878 5054 ists
906 5000 1009 5065 ἑαυτοῦ,
1037 5001 1078 5053 sci
1164 5017 1179 5057 c
1198 5002 1307 5057 Craris.
1324 5005 1428 5056 caetra
1446 4998 1550 5055 Theod.
1566 4998 1757 5056 odenathus
1780 4997 1809 5055 in
1825 4998 1897 5069 Epir.
1991 5006 1992 5017 ¹

310 5087 430 5151 δεσπότην
442 5087 568 5144 ποιοῦντες
580 5082 663 5135 αὐτόν·
678 5083 773 5145 tamisie
784 5083 841 5156 γὰρ,
855 5083 889 5145 ὡς
902 5085 948 5152 ἤδη
964 5083 1079 5156 προείπο·
1129 5100 1191 5155 syn.
1207 5100 1264 5155 par.
1282 5084 1328 5138 iii.
1349 5081 1400 5136 aba
1410 5083 1439 5135 ἂν
1453 5076 1494 5135 οῦν
1512 5083 1614 5154 λέγοιτο
1625 5082 1666 5135 παλ
1681 5082 1734 5144 debe
1750 5076 1848 5152 tusca,
1857 5084 1901 5134 aci
1991 5134 1992 5145 γ

312 5186 367 5239 μεν,
387 5166 402 5220 ό
422 5169 467 5219 τοῦ
491 5166 546 5218 θεοῦ
565 5165 639 5236 λόγος
659 5167 729 5238 σαρκὶ
746 5165 799 5217 καθ’
820 5167 953 5219 ὑπόστασιν
968 5167 1021 5227 debe
1035 5166 1079 5237 μέν
1129 5168 1248 5234 δεσπότης
1264 5166 1278 5219 ό
1296 5164 1472 5237 ’spumata
1491 5162 1649 5236 timptatio
1670 5165 1685 5219 ό
1704 5162 1778 5226 ababa
1800 5164 1855 5226 όιός
1872 5182 1901 5219 τι
1991 5160 1992 5191 ³

311 5249 362 5305 iou
374 5254 423 5304 τῶν
437 5250 514 5316 ὅλον,
529 5249 642 5311 δεσπόζει
662 5247 689 5301 δὲ
709 5253 754 5302 τοῦ
774 5250 874 5311 παντός·
890 5248 946 5302 οὔτε
968 5247 994 5301 δὲ
1009 5248 1081 5312 αὐτὸς
1131 5250 1204 5321 όμοῦ,
1219 5250 1260 5301 καὶ
1272 5248 1407 5319 ἄνθρωπος.
1991 5250 1992 5253 ’

339 5423 351 5462 t
363 5417 437 5463 hiber.
447 5423 469 5464 si
480 5417 539 5464 Baat.
552 5422 606 5463 tan.
616 5413 653 5467 tv.
663 5427 711 5473 prr.
726 5415 745 5461 ii
758 5417 813 5463 iiiii.
826 5418 869 5464 PP.
883 5419 927 5465 aci.
939 5418 988 5463 tia
1000 5416 1067 5462 Η
1077 5417 1129 5473 Cap.
1142 5428 1183 5467 ιιι,
1195 5428 1272 5473 parag.
1284 5415 1356 5461 b.-8
1378 5415 1425 5460 tiae
1441 5425 1490 5471 aaa.
1502 5414 1518 5471 S
1531 5416 1541 5461 i
1554 5415 1600 5459 stt
1620 5420 1642 5459 st
1651 5413 1716 5459 Η
1726 5413 1742 5468 ς
1752 5411 1767 5457 θ
1777 5420 1800 5461 st
1810 5414 1845 5459 id·
