3990 6130
302 288 361 349 lli
810 283 1138 351 nescessitatum
1158 284 1377 355 DOGMll'l'UM

302 457 458 535 usurpatae
481 452 688 517 divimtatisei
702 451 821 516 crimen
835 453 1072 533 objicerezcum
1119 451 1373 533 apparuitnobis,
1386 451 1500 515 Filium
1509 452 1682 516 beidesum
1696 450 1884 515 Christum»
1992 442 1993 527 ᾗ

302 564 340 609 eo
358 547 486 610 nomine
502 547 655 627 populum
673 548 857 609 iudaeorum
871 547 1069 619 universum;
1124 547 1249 626 «aaut
1262 546 1406 608 divinitas
1422 546 1605 609 contrectari
1624 564 1690 608 non
1710 551 1822 627 potest,
1846 544 1889 608 ait
1992 554 1993 597 t

301 637 352 700 uel
377 639 488 700 saltem
512 640 642 701 eximios
660 640 694 702 in
706 640 759 701 illo
782 656 926 716 numero,
941 657 977 699 ac
989 655 1070 719 prae·
1121 636 1265 716 cyrillus.
1295 640 1416 701 Verum
1453 638 1669 701 contrectabile
1695 638 1813 700 iactum
1843 640 1890 698 est
1992 644 1993 695 ἶ

302 730 396 791 starrti
420 731 581 794 sanctitate
599 732 744 811 preditos
761 731 875 811 passim
897 730 1071 810 Scripturas
1120 727 1274 806 Verbum,
1303 737 1453 812 unquam
1481 750 1538 813 per
1563 730 1722 814 proprium
1747 747 1888 793 carnem.

302 821 659 887 afficerememinissent.
1121 822 1277 885 invisibile
1289 830 1356 885 erat
1372 829 1510 886 natura:
1536 824 1590 887 sed
1615 840 1673 905 per
1698 840 1812 901 corpus
1831 822 1891 884 luit
1992 860 1993 903 γ

343 916 451 977 Petrus
465 916 541 978 item
554 916 758 998 interroganti
775 912 923 992 Christo¹,
938 931 1071 995 quemse
1119 915 1333 997 aspectabile&
1349 937 1365 975 a

302 1026 367 1071 esse
377 1009 548 1084 crederent,
560 1010 668 1090 utique
677 1028 749 1072 oum
762 1009 836 1089 ipsis
846 1008 1069 1077 ambulantem,
1160 1008 1369 1071 Luculentum
1383 1006 1598 1090 quoqueillud
1618 1014 1664 1072 est
1681 1007 1766 1091 apud
1787 1008 1890 1072 doun·
1992 978 1993 1055 s

302 1106 334 1164 et
345 1101 536 1182 probamine
547 1120 579 1164 se
594 1107 769 1179 gerentem,
786 1120 825 1163 ex
836 1101 965 1163 coelestis
975 1099 1072 1161 Patris
1119 1118 1194 1164 nem
1206 1102 1240 1162 in
1253 1102 1383 1164 historia
1396 1104 1496 1164 curati
1508 1101 1643 1165 hominis
1660 1102 1745 1165 illius
1756 1102 1780 1180 ⁸,
1803 1102 1860 1182 qui
1870 1120 1892 1164 a
1992 1110 1993 1113 ’

302 1194 450 1267 instinctu
477 1195 638 1275 respondit
664 1194 825 1256 communi
846 1193 989 1256 omnium
1009 1210 1070 1254 no·
1120 1193 1279 1257 nativitate
1293 1214 1349 1257 sua
1362 1195 1592 1258 coeousiuerat:
1617 1195 1743 1276 mando
1756 1194 1843 1255 huuc
1855 1192 1891 1256 in

302 1285 409 1348 mine:
436 1286 482 1349 Το
504 1305 534 1348 es
560 1284 695 1350 Christus
712 1286 815 1349 Filius
827 1286 886 1349 Dei
897 1284 969 1357 vici,
985 1290 1016 1346 et
1031 1282 1070 1344 cb
1120 1287 1302 1367 templosibi
1317 1288 1445 1350 obvium
1458 1288 1672 1368 interrogavit,
1692 1287 1737 1350 ile
1750 1285 1893 1350 aeduin
1992 1308 1993 1317 ¹

302 1398 372 1441 eam
398 1380 622 1442 confemionem
647 1380 740 1455 illius,
763 1397 857 1459 quem
875 1377 1071 1459 praedicarat,
1122 1379 1237 1442 Filium
1253 1379 1329 1443 Dei?
1356 1387 1388 1443 et
1410 1381 1616 1462 respondente
1643 1380 1708 1459 illo,
1735 1379 1810 1456 Ouia
1834 1382 1890 1457 eet,

301 1491 356 1535 ore
368 1473 524 1550 laudatus,
535 1491 571 1535 ae
585 1472 714 1553 premio
728 1472 861 1533 donatus
873 1476 929 1532 est.
1121 1471 1257 1550 Domine,
1273 1480 1307 1535 ut
1320 1474 1438 1536 credam
1456 1478 1488 1534 tu
1499 1471 1587 1535 eum?
1600 1471 1680 1535 dixit
1692 1471 1723 1535 ei
1733 1471 1829 1545 desua
1846 1470 1892 1533 Et
1992 1494 1993 1503 ¹

342 1566 397 1626 Est
409 1567 504 1627 etiam
517 1564 552 1626 in
564 1565 665 1645 eapite
680 1563 781 1643 primo
800 1561 935 1643 epistolae
953 1558 994 1623 od
1010 1560 1070 1622 He·
1121 1563 1314 1639 uldaricum,
1329 1565 1426 1647 etqui
1440 1564 1695 1648 loquiturtecum,
1709 1564 1772 1646 ipse
1785 1564 1893 1629 erm

302 1656 394 1720 aaa
406 1676 471 1720 non
493 1658 622 1736 vulgare
644 1656 858 1718 testimonium
880 1673 942 1735 quo
958 1654 1072 1715 Christi
1121 1656 1174 1719 ilie
1192 1657 1256 1720 cit:
1272 1656 1366 1720 Credo
1382 1658 1516 1733 Homine,
1537 1664 1565 1720 et
1582 1656 1736 1739 procedens
1755 1654 1893 1719 edomuit

302 1751 371 1811 Filii
382 1751 438 1812 Dei
451 1749 615 1829 singularis
629 1748 761 1828 dignitas
775 1748 964 1810 adstruitur:
987 1745 1070 1826 quod
1120 1768 1198 1813 eum.
1209 1750 1308 1824 Quem
1320 1750 1425 1811 locum
1434 1749 1550 1812 ibidem
1560 1749 1695 1829 cyrillus
1704 1749 1894 1829 objicitNes·

302 1841 727 1922 Franooiordiensissynodus
738 1840 886 1921 expendit
897 1839 931 1900 in
945 1838 1072 1920 epistola
1120 1841 1893 1925 tomacumbaclnettca:eVidesquemadmodum

302 1935 461 2014 synodica.
490 1936 581 1995 Hunc
600 1932 696 2008 enim,
718 1950 813 2013 quem
834 1931 918 1993 misit
929 1932 1070 2011 inmun·
1121 1935 1259 1997 Christus
1272 1953 1337 1997 non
1353 1953 1441 2011 eum,
1460 1934 1516 2016 qui
1531 1939 1632 2015 gestat
1652 1935 1810 2012 ostendit,
1826 1954 1894 1998 non

302 2028 393 2105 dum,
414 2045 474 2107 per
497 2046 583 2108 quem
602 2027 754 2088 coenatore
778 2025 889 2087 loeutus
915 2031 965 2099 est,
986 2042 1072 2104 quem
1120 2026 1250 2088 interius
1274 2027 1444 2090 latentem:
1473 2028 1527 2090 sed
1552 2027 1752 2108 semetipsum
1772 2028 1893 2109 patius,

301 2116 1071 2196 constituitltoeredemantoniorumbunc,inquam,
1121 2119 1399 2197 velutunumoum
1411 2120 1562 2184 cernel.»

302 2213 448 2275 eumdem
461 2231 526 2275 non
535 2212 633 2274 alium
643 2230 708 2274 esse
719 2211 893 2292 profitetur,
909 2226 1006 2289 quam
1020 2207 1076 2290 qai
1161 2212 1242 2274 Vlll.
1265 2214 1331 2282 His,
1358 2213 1488 2294 albaque
1512 2212 1682 2293 Scriptura
1694 2211 1894 2289 testimoniis,

302 2304 375 2385 fecit
387 2305 508 2382 soemlc,
523 2311 555 2368 et
568 2305 621 2385 qui
636 2301 772 2385 splendor
781 2308 823 2364 est
837 2302 943 2383 glorie
955 2302 1071 2379 Patrai,
1122 2322 1192 2384 qua
1220 2305 1314 2367 missa
1339 2306 1491 2379 iacimus,
1518 2322 1559 2369 ne
1579 2305 1613 2366 in
1634 2304 1766 2385 longum
1794 2304 1896 2368 omtio

303 2406 330 2459 et
337 2398 440 2479 figura
449 2396 701 2477 substantioeejus,
711 2414 783 2476 quae
796 2412 907 2457 verum
921 2399 953 2456 et
967 2413 1071 2474 aequa·
1122 2402 1228 2459 nostra
1254 2400 1412 2479 procedat,
1442 2399 1566 2478 publiea
1591 2398 1730 2479 primum
1750 2398 1898 2461 Ecclesia

302 2490 365 2552 lem
378 2490 460 2550 Patri
473 2490 688 2550 demonstrant
710 2489 820 2549 Deum.
842 2488 887 2548 Ao
906 2486 1010 2547 statim
1035 2486 1074 2548 de
1122 2508 1185 2551 rcx
1209 2496 1369 2569 consonat,
1395 2491 1544 2571 legitimis
1566 2490 1763 2571 professionis
1784 2496 1899 2554 testata

302 2582 442 2663 bocipso
469 2583 570 2663 pergit
597 2581 684 2661 loqui
704 2581 748 2642 sic
776 2579 959 2661 Apostolus:
980 2579 1074 2641 Tanto
1122 2582 1277 2661 formulis,
1293 2582 1505 2666 quaesymbctc
1518 2589 1686 2661 uocantum
1701 2602 1736 2646 ae
1758 2584 1901 2664 synodo·

303 2672 405 2735 melior
416 2673 537 2756 Aegatis
550 2673 678 2754 effectus,
694 2681 803 2754 quanto
814 2670 998 2753 differentias
1007 2690 1075 2754 proe
1123 2692 1197 2737 rum
1210 2676 1352 2738 decretis.
1364 2678 1443 2737 Nam
1453 2675 1596 2757 symbola
1607 2676 1902 2739 omniatumvetus·

304 2764 478 2829 illacrima
499 2765 697 2829 hereditavit.
722 2766 875 2827 Hccverc
889 2784 1006 2828 nomen
1020 2767 1074 2828 de·
1125 2767 1254 2846 tissima,
1277 2786 1373 2848 quam
1394 2786 1464 2849 quae
1487 2768 1521 2828 in
1549 2768 1694 2847 Nicano,
1716 2770 1901 2849 caterisque

304 2858 401 2922 clarat
416 2877 509 2937 mox;
535 2858 595 2923 Coi
608 2858 686 2919 enim
705 2856 786 2919 dixit
799 2857 964 2939 aliquando
977 2859 1075 2940 Auge·
1124 2859 1235 2921 deinde
1250 2860 1397 2937 conciliis,
1406 2866 1474 2921 tum
1487 2860 1698 2939 generalibus,
1713 2866 1784 2922 tum
1794 2861 1904 2924 mino·

304 2951 525 3031 torum,inquit
547 2949 1077 3033 fitiusmeusestu,·eqcliodie9eaui
1125 2951 1212 3015 ribus
1235 2951 1328 3030 edita,
1354 2954 1543 3033 probataque
1566 2957 1649 3029 sunt,
1683 2971 1820 3014 cunum
1834 2970 1903 3016 esse

306 3044 357 3106 te?
379 3045 452 3105 Haec
470 3048 577 3105 autem
593 3042 807 3116 «testimonia,
832 3043 877 3103 ait
891 3042 1074 3104 Francoior·
1126 3045 1182 3106 Dei
1204 3044 1320 3106 Filium
1332 3045 1502 3125 praedicant
1514 3045 1714 3125 unigenitum
1727 3047 1904 3107 Dominum

305 3135 421 3197 diensis
433 3135 668 3216 synodioaynon
677 3135 1076 3214 seruum,ncnadoptivum
1126 3141 1269 3198 nostrum
1291 3138 1400 3199 iesum
1417 3136 1596 3200 Christum:
1621 3138 1680 3212 Qui
1701 3142 1831 3219 propter
1844 3155 1904 3200 nos

305 3227 413 3290 dicunt
429 3229 599 3289 Dominum
612 3231 756 3288 nostrum
776 3227 885 3288 desum
899 3226 1074 3302 Christum3
1125 3226 1318 3306 bomines,et
1325 3235 1451 3310 propter
1458 3235 1596 3291 nostram
1603 3230 1735 3291 salutem
1742 3229 1906 3293 descendit

305 3318 481 3397 sediilium,
492 3318 689 3382 etheredem
699 3318 953 3381 universorum.»
969 3320 1076 3398 Itaque
1126 3321 1165 3383 de
1178 3321 1283 3383 coelis:
1302 3327 1333 3382 et
1347 3322 1525 3384 incarnatus
1545 3326 1593 3384 est
1605 3323 1644 3384 de
1659 3321 1780 3401 Spiritu
1795 3328 1905 3385 wuda

306 3412 455 3493 peculiari
468 3413 603 3494 madum
617 3411 755 3490 ratione,
778 3416 810 3472 et
830 3411 952 3490 majori,
980 3428 1077 3490 quam
1128 3430 1167 3474 ex
1179 3413 1276 3475 Maria
1289 3414 1431 3493 Virgine,
1447 3420 1478 3475 et
1491 3416 1586 3476 homo
1599 3412 1698 3475 iactus
1713 3420 1769 3491 est,
1797 3415 1905 3478 cruci·

305 3505 606 3587 procaptuservilis,
622 3509 793 3585 creataeque
807 3503 1011 3581 conditionis,
1026 3503 1078 3564 Fi·
1128 3504 1221 3583 fixus,
1237 3523 1345 3585 passus
1362 3511 1394 3568 et
1413 3506 1562 3586 sepultus.
1578 3526 1594 3564 ο
1612 3508 1660 3567 Ita
1672 3506 1860 3584 Nicaeuum,
1875 3510 1907 3568 et
1992 3502 1993 3505 ’

305 3597 385 3660 lium
391 3599 446 3660 Dei
453 3597 740 3660 necesseesthabcri
747 3597 904 3675 Chrsrtum
911 3596 1080 3660 bominem
1129 3597 1518 3679 consuntinopolitauum,
1531 3597 1584 3660 cui
1596 3598 1760 3679 Ephesina.
1777 3599 1907 3662 Chalce-

242 3716 246 3724 ·
307 3691 431 3770 Alioqui
441 3690 521 3751 niliil
533 3689 731 3770 praestantius
744 3688 791 3749 illi
799 3688 967 3766 tribuetur,
984 3704 1080 3767 quam
1129 3690 1294 3760 donansis,
1335 3708 1371 3752 ac
1401 3690 1530 3771 reliquae
1560 3704 1670 3753 omnes
1699 3691 1908 3754 aecumenica

306 3779 445 3860 Angelis,
454 3785 490 3841 ut
503 3781 542 3841 de
550 3776 731 3840 hominibus
743 3776 862 3838 ceteris
875 3784 1006 3840 taceam.
1128 3782 1242 3863 synodi
1287 3783 1546 3864 subscripserunt.
1590 3783 1783 3846 Nominatim
1829 3802 1907 3847 uero

350 3873 442 3933 Hunc
459 3872 562 3952 ipsum
591 3872 727 3932 ioannes
746 3870 941 3950 Evangelista
962 3869 1080 3932 Filium
1129 3874 1386 3937 Chalcedonensis
1408 3876 1604 3956 superiorum
1617 3877 1739 3938 decreta
1756 3894 1908 3957 compro·

312 3963 371 4026 Dei
383 3965 497 4045 saepius
511 3963 660 4043 appellat3
672 3968 703 4024 et
714 3982 814 4024 uerum
823 3962 1079 4044 fitiumaelleum,
1129 3968 1219 4044 bans,
1234 3968 1273 4029 de
1287 3986 1351 4029 uno
1366 3968 1537 4047 eodemque
1552 3968 1616 4029 illio
1632 3968 1712 4030 cavit
1724 3967 1773 4029 bis
1786 3969 1907 4047 verbis,

310 4055 440 4134 Scimus,
456 4056 559 4137 inquit
565 4057 588 4125 ²,
609 4061 748 4138 quoniam
762 4054 859 4117 retiae
875 4054 930 4118 Det
948 4056 1037 4130 uenit,
1052 4063 1082 4118 et
1130 4079 1200 4140 qnae
1213 4061 1254 4121 ad
1268 4061 1459 4142 propositam
1471 4061 1677 4139 questionem
1690 4077 1855 4141 expressa,
1877 4068 1910 4125 et

310 4147 393 4211 dedit
420 4148 501 4210 oodr’s
528 4167 659 4227 sanum,
688 4156 724 4209 ut
749 4165 951 4229 cognoscamus
977 4167 1081 4210 vnum
1130 4152 1263 4214 illustria
1276 4158 1359 4228 suut,
1380 4153 1700 4233 oSequentesigitur,
1716 4153 1759 4215 ait
1772 4154 1807 4214 ia
1821 4155 1908 4233 Defi-

311 4239 416 4316 Deum,
436 4249 463 4303 et
476 4241 565 4302 amco
581 4241 612 4301 in
626 4240 770 4319 uacytlio
780 4240 856 4323 ejus.
872 4239 932 4302 Hic
942 4248 984 4302 est
996 4258 1082 4302 uerus
1129 4245 1244 4306 citicae
1252 4243 1334 4326 fidei,
1341 4250 1462 4307 sanctos
1473 4247 1593 4320 Patres,
1601 4264 1703 4307 unum
1713 4250 1745 4307 et
1754 4248 1910 4311 eumdem

311 4331 401 4411 Deua,
413 4340 440 4395 et
449 4332 637 4396 ottonianae.
648 4333 740 4394 Hune
749 4332 846 4413 igitur
859 4351 960 4394 uerum
973 4332 1079 4410 Deum,
1131 4336 1272 4417 profiteri
1296 4336 1408 4412 filium,
1436 4338 1606 4399 Dominum
1634 4344 1775 4401 nostrum
1794 4340 1911 4401 Jesum

312 4443 469 4508 verumque
481 4422 541 4488 Dei
552 4423 655 4507 fitium
669 4426 805 4487 affirmat
818 4425 1081 4506 assequeminitio
1130 4427 1285 4491 Christum
1310 4430 1473 4491 communi
1498 4446 1606 4492 omncs
1634 4448 1787 4492 musanen
1811 4431 1909 4494 doee-

311 4517 448 4597 epistolae
467 4517 600 4579 «ddisse
613 4536 646 4578 se
655 4517 870 4595 oculissuis,et
879 4518 1080 4598 perspexisse,
1130 4529 1228 4598 must,
1242 4546 1256 4575 a
1290 4527 1348 4582 etc.
1377 4539 1448 4601 quae
1475 4521 1549 4584 alibi
1571 4521 1638 4600 jam
1651 4521 1907 4603 descripsimus⁸.

310 4613 342 4671 et
364 4610 508 4672 manibus
528 4615 729 4673 contrectasse
749 4610 832 4686 dicit,
851 4609 992 4671 Verbum
1009 4609 1082 4671 vita
1130 4612 1209 4673 Vide
1221 4613 1356 4674 Leomm
1380 4631 1494 4693 papam
1515 4613 1550 4675 in
1568 4613 1698 4692 epistola
1715 4614 1842 4677 decimu
1870 4613 1912 4678 ad

311 4701 437 4777 seilicet,
452 4709 484 4765 et
500 4703 608 4781 vitam,
623 4721 695 4784 quae
708 4708 775 4766 erat
796 4701 881 4784 apud
894 4703 1033 4781 Patrem,
1050 4708 1082 4765 et
1130 4702 1320 4783 Flaccianum,
1335 4706 1436 4785 capite
1449 4705 1571 4785 quinto.

348 4901 369 4943 a
387 4887 497 4944 Cretes..
510 4882 559 4943 lib.
577 4887 614 4943 lli
629 4893 733 4945 contra
742 4891 857 4945 Nestor.
868 4887 917 4941 lici
930 4906 968 4942 τοι
977 4887 1006 4942 eb
1016 4887 1080 4941 θεῖ’ὀν
1130 4904 1185 4962 χεν,
1196 4885 1225 4941 οὖ
1241 4887 1282 4942 τὸν
1297 4886 1346 4940 ἔσω
1359 4886 1600 4962 reipuplicae-W
1611 4887 1699 4951 ὣςὲνα
1710 4888 1807 4962 prailius
1819 4889 1909 4948 {mebi

313 4967 378 5025 tutte
393 4968 491 5041 ἀναφὲς·
512 4969 577 5024 ἀλλὰ
597 4971 696 5045 γέγονεν
715 4970 790 5034 ἁπτὸς
804 4972 818 5026 d
831 4971 916 5044 λόγος,
931 4971 966 5033 ὥς
979 4971 1021 5024 διὰ
1038 4974 1081 5039 τῆς
1131 4968 1194 5043 gerb
1201 4973 1245 5037 τῆς
1258 4973 1358 5043 σαρκός.

313 5052 376 5117 ἰδίας
389 5053 485 5127 σαρκός·
505 5051 610 5127 ἆόρατος
626 5051 690 5108 κατὰ
710 5054 791 5127 φύσιν,
809 5051 907 5123 ἀλλ’ἥν
922 5052 1082 5127 ἔμφανὴςδιὰ
1167 5053 1332 5111 cChaleed.
1357 5071 1420 5125 syn.
1444 5059 1499 5112 eet.
1528 5072 1558 5112 v.
1583 5054 1720 5131 ‘Enipeum
1745 5057 1831 5114 τοίνυν
1856 5061 1912 5124 τοῖς

312 5136 439 5209 σώματος.
1132 5136 1210 5210 ἁγίοις
1222 5139 1353 5210 πατράσιν,
1379 5139 1421 5193 ἕνα
1436 5139 1478 5193 καὶ
1503 5139 1544 5194 ebs
1558 5138 1632 5194 ebibi
1650 5141 1783 5215 ὁμολογεῖν
1794 5143 1854 5198 triba
1868 5143 1912 5198 abt

349 5220 366 5276 b
386 5221 497 5277 Gutus..
513 5218 580 5278 ibid.
605 5214 683 5296 Ὀρᾷς
696 5221 763 5286 ὅπως
775 5220 804 5275 οὔ
818 5220 860 5294 abr
872 5225 995 5295 φοροῦντα
1009 5221 1083 5276 δίδοι·
1131 5219 1213 5293 κόριον
1224 5221 1296 5295 ἡμῶν
1316 5221 1416 5291 Ἰησοῦν
1430 5223 1546 5297 Χριστὸν,
1565 5224 1702 5297 συμφώνως
1720 5228 1828 5292 ἅπαντες
1847 5227 1912 5283 ἔκδι-

543 5350 546 5355 .
668 5344 671 5351 .
1131 5304 1263 5379 δόσκομον.

342 5445 353 5491 t
367 5442 418 5492 lot.
431 5454 503 5493 rra·
517 5444 551 5491 21
563 5443 626 5492 beta
639 5455 660 5499 r,
671 5440 733 5491 aa·
741 5445 756 5491 s
764 5448 827 5494 ecce.
835 5446 935 5498 u‚3t.-
944 5443 958 5491 t
966 5444 1013 5494 ue.
1025 5446 1052 5501 lt,
1065 5458 1085 5493 e.
1096 5459 1122 5494 ιι.
