4104 6160
879 316 1207 379 THEOLOGICORUM
1227 317 1457 380 DOGMA'I’UM.

1192 482 1225 542 in
1250 485 1406 564 Ephesiae
1422 489 1557 550 secunda
1570 489 1794 570 Eutychianam
1816 492 1946 554 stabilie-

1191 583 1267 636 runt
1286 577 1441 641 haeresim.
1464 582 1603 642 Potestne
1621 582 1742 644 minore
1755 602 1827 644 cum
1837 584 1947 661 judicio
2016 594 2017 659 t

1191 668 1355 747 quisquam
1393 672 1606 734 ratiocinando
1640 674 1756 753 aliquid
1788 675 1948 754 colligere?
2016 696 2017 703 ¹

579 719 781 806 CAPUT
838 717 943 802 ΧΗ·
1192 758 1396 841 Namsiquid
1414 763 1746 828 inestroborisinhac
1759 775 1948 847 mummo-

1191 849 1290 925 tione,
1307 855 1418 915 eodem
1435 856 1570 935 prolecto
1585 859 1657 936 jure
1670 860 1811 921 concludi
1825 863 1947 941 poterit.

1190 943 1395 1008 Athanasium
1401 948 1582 1011 haereticum
1590 950 1698 1026 fuisse;
1710 953 1792 1030 quod
1802 953 1946 1034 plerique,

375 1046 591 1128 Propugnctnr
618 1042 802 1122 Ephesinum
830 1041 1012 1118 concilium,
1047 1052 1074 1103 ct
1105 1042 1142 1105 ab
1190 1034 1244 1113 (lui
1259 1037 1383 1099 Nissffllw
1396 1041 1537 1117 ⁰⁰⁰0ffi02
1551 1048 1629 1123 step
1643 1051 1779 1125 tpnouetp,
1795 1047 1947 1125 flulusfflflt
1969 1055 2017 1150 Ἥ

415 1137 565 1217 Anonymi
593 1135 675 1216 falsu
716 1134 918 1196 criminatione
955 1133 1138 1215 desumitur.
1190 1129 1293 1205 quoad
1306 1130 1398 1205 vixit,
1415 1134 1586 1194 acerrimus
1597 1134 1739 1197 defensor
1750 1137 1825 1214 iuit,
1840 1142 1949 1201 assensi

417 1234 447 1293 Ι.
474 1227 734 1290 mmmm
762 1226 876 1307 cyrilli
903 1243 996 1306 puros
1019 1246 1077 1288 ene
1103 1228 1141 1290 ab
1191 1226 1290 1293 erant,
1306 1226 1337 1282 et
1349 1223 1610 1303 subscripserant;
1626 1229 1824 1306 postmodum
1837 1238 1951 1294 contra·

415 1321 497 1384 omni
520 1320 585 1380 tate
607 1318 736 1380 torosis.
764 1320 793 1378 2.
820 1317 916 1378 Futile
936 1328 1142 1399 ornamentum
1191 1312 1246 1370 ria
1260 1315 1365 1392 panis,
1381 1322 1412 1375 et
1426 1317 1550 1376 heresis
1562 1320 1769 1396 patrocinium
1783 1341 1951 1403 resumpse

414 1412 563 1493 Anonymi
574 1428 612 1471 η
624 1409 782 1489 desecabat,
793 1409 984 1490 quomdam
996 1411 1027 1471 571
1036 1410 1141 1492 Ephe.
1190 1409 1276 1476 runt,
1292 1406 1442 1467 Eusebius
1456 1409 1661 1487 cesariensis,
1677 1417 1708 1471 et
1719 1413 1796 1473 alter
1814 1415 1950 1478 Nicome-

415 1506 478 1567 sino
512 1503 666 1565 latrocinio
691 1500 731 1561 ud
762 1501 984 1582 Eutychianam
1015 1512 1141 1582 partem.
1191 1495 1319 1572 diensis3
1340 1499 1454 1578 aliique
1473 1501 1617 1580 plurimi:
1641 1504 1740 1582 quiet
1755 1506 1952 1571 Athanasium

416 1600 445 1658 3.
462 1595 622 1657 Theodotus
637 1595 814 1674 Ancyreum
828 1593 984 1655 catholicus
995 1595 1143 1675 cpr'sropus
1191 1586 1294 1665 ipsum
1308 1590 1341 1649 in
1356 1592 1461 1670 Tyria,
1474 1594 1681 1665 Antiochen&
1698 1597 1951 1678 Constantinopo-

417 1692 451 1749 2'n
462 1686 580 1748 heresis
600 1685 712 1745 crimen
727 1683 807 1764 falso
825 1692 942 1745 voratus
960 1684 1141 1764 desnrdr'tnr.
1192 1678 1299 1754 litans,
1315 1682 1444 1761 aliisque
1458 1685 1585 1762 synodis
1595 1686 1792 1765 damnarunt,
1807 1710 1843 1752 ac
1851 1692 1951 1771 digni·

419 1778 514 1857 anm
540 1780 692 1837 gementem
719 1776 855 1855 qnoedam
881 1776 1085 1857 explicantnr,
1110 1779 1141 1838 5,
1191 1777 1253 1832 tate
1280 1775 1453 1852 privarunt.
1476 1778 1596 1838 Poterit
1619 1785 1649 1839 et
1667 1782 1721 1859 qui
1745 1783 1787 1842 sic
1809 1783 1950 1864 disputat,

417 1870 551 1932 Maxime
563 1866 771 1928 similitudines
785 1866 822 1928 ab
835 1887 866 1928 eo
879 1868 993 1929 allate.
1192 1863 1405 1927 Sardicensem
1419 1868 1643 1931 catholicorum
1657 1873 1813 1951 synodum
1832 1876 1951 1938 haereti·

1192 1973 1259 2015 ram
1269 1956 1410 2034 judicare
1422 1979 1430 2033 ;
1452 1961 1598 2039 moniam
1616 1964 1736 2035 eodem,
1748 1984 1811 2044 quo
1822 1975 1869 2028 est
1882 1968 1953 2030 cele

212 2073 344 2128 mpiger.
417 2056 441 2116 Ι.
464 2053 520 2128 Qui
536 2052 685 2132 cyrillum
709 2051 999 2130 Apollinaristarum
1015 2052 1144 2113 haeresis
1192 2045 1280 2108 brata
1300 2055 1452 2127 tempore,
1476 2051 1568 2111 aliam
1582 2053 1688 2114 Ariani
1700 2056 1833 2137 episcopi
1849 2078 1952 2139 coege-

205 2134 338 2235 tntillum
376 2147 500 2208 affinem
528 2163 594 2206 esse
615 2144 807 2216 decreverat,
844 2161 909 2203 non
936 2150 1057 2222 poterat
1078 2162 1143 2205 non
1192 2142 1277 2209 runt,
1294 2155 1389 2216 quam
1405 2145 1435 2242 Pl
1450 2139 1664 2202 Sflfdlfflssssflffl
1678 2146 1901 2249 ”Ofillpffimlt
1924 2150 1953 2209 1¹1

214 2235 342 2279 acathium.
377 2241 486 2301 eadem
505 2237 663 2316 implicare
677 2236 831 2295 sententia
850 2235 1036 2313 Ephgginam
1051 2255 1143 2316 syno-
1192 2229 1480 2306 quaAillssnASllim,
1497 2236 1954 2315 etcaeteroS,qu11naatholira

377 2332 472 2391 dum:
488 2329 539 2389 cui
559 2346 624 2388 non
643 2325 826 2386 interfuerat
849 2326 960 2401 solum,
984 2328 1143 2389 sedetiam
1192 2320 1288 2381 ultera
1300 2322 1435 2382 restituti
1448 2329 1521 2382 sunt
1532 2325 1565 2384 in
1576 2326 1744 2405 integrum,
1761 2330 1875 2392 iterum
1890 2352 1954 2393 con·

376 2423 542 2504 praefuerat
564 2419 713 2498 Cyrillus,
729 2423 842 2496 preter
862 2436 966 2494 suam,
982 2420 1143 2499 principali
1192 2411 1391 2489 demnarunt,
1422 2420 1454 2475 et
1480 2415 1562 2477 illius
1596 2425 1663 2479 acta
1690 2421 1903 2499 resciderunt3
1923 2431 1955 2485 ut

376 2531 500 2594 quoque
519 2510 656 2572 Romani
683 2508 835 2588 pontificis
859 2510 1040 2571 auctoritate
1058 2512 1143 2571 adid
1193 2504 1326 2565 Hilarius
1350 2506 1463 2579 reiert3
1505 2508 1611 2587 quiet
1632 2512 1812 2590 synodicam
1831 2515 1954 2578 illorum

377 2607 559 2666 instructus:
575 2602 662 2681 cujus
675 2601 756 2660 vices
764 2600 808 2659 illi
825 2601 864 2660 ab
878 2600 1040 2662 Caelestino
1054 2619 1144 2662 man-
1191 2596 1337 2657 describit
1363 2597 1398 2656 in
1420 2598 1553 2659 ΑΜΒ]
1568 2602 1704 2676 mlSSflffls
1722 2610 1753 2664 θῐ
1765 2609 1956 2687 septlfflsslfltl

376 2698 462 2758 datas
484 2692 601 2768 fuisse¹,
615 2694 701 2753 testis
714 2696 760 2752 est
778 2692 916 2770 synodus
930 2691 997 2771 ipsa
1015 2693 1048 2753 in
1062 2694 1142 2754 rela-
1191 2688 1287 2749 trium
1303 2689 1491 2749 Arianorum
1506 2692 1719 2777 episcoporum
1733 2696 1955 2778 subscriptione

375 2789 461 2850 tione
470 2788 509 2848 ad
518 2787 718 2865 imperatores
729 2802 785 2863 per
799 2782 967 2862 Eutychem
976 2783 1143 2847 diaconum
1191 2779 1357 2841 firmatam.
1385 2781 1487 2842 Potest
1513 2789 1545 2843 et
1571 2789 1839 2863 argumentatione
1866 2792 1956 2851 simili

375 2881 480 2941 missa,
504 2879 587 2956 Ergo
606 2876 772 2937 concilium
784 2876 887 2954 ipsum
901 2874 1142 2938 OEcumenicum
1191 2872 1375 2934 catholicum
1390 2874 1428 2933 dc
1442 2875 1592 2937 trinium
1614 2878 1737 2955 dogma,
1762 2887 1793 2942 et
1815 2885 1955 2945 omnium

375 2971 556 3032 haereticum
574 2973 677 3040 vocat,
699 2973 730 3027 et
750 2967 843 3027 fuisse
857 2967 1040 3027 contendite
1054 2976 1141 3030 doad-
1192 2964 1230 3024 dc
1244 2982 1281 3024 eo
1292 2965 1494 3025 conciliorum
1506 2985 1542 3027 ac
1552 2968 1680 3029 Petrum
1693 2971 1822 3049 elevare,
1842 2993 1881 3036 ac
1892 2995 1956 3056 pes

375 3091 462 3144 copon
476 3067 517 3121 At
529 3061 643 3140 quihus
655 3057 847 3119 rationibus?
858 3060 998 3125 Quarum
1009 3058 1059 3119 vel
1072 3077 1141 3121 me·
1191 3057 1335 3117 sumdare
1349 3057 1482 3132 decreta,
1505 3059 1586 3137 quod
1605 3062 1805 3124 Ariminensis
1818 3068 1955 3145 synodus

306 3132 312 3145 '
375 3154 518 3216 mocrite·
543 3151 679 3212 moetos
700 3150 748 3210 his
772 3149 881 3210 litteris
907 3150 1038 3229 pudeat,
1063 3152 1141 3214 adeo
1190 3147 1339 3208 Artenam
1352 3149 1515 3227 perfidiam
1541 3156 1588 3211 tot
1609 3153 1822 3234 episcoporum
1846 3158 1955 3221 suffra-

374 3245 477 3308 suffles
489 3249 572 3317 sunt,
588 3248 619 3303 gt
630 3242 755 3320 ineptae,
1190 3239 1249 3317 giis
1273 3239 1503 3301 corroboratam
1520 3261 1556 3302 ac
1569 3245 1718 3306 sancitam
1732 3252 1868 3327 stupenti
1889 3251 1957 3312 orbi

416 3337 519 3399 Prima
532 3354 571 3397 ex
590 3331 852 3394 anathematismis
878 3331 986 3411 Cyrilli
1004 3335 1137 3412 petitur:
1190 3333 1417 3410 propemodum
1440 3334 1599 3407 universo,
1620 3343 1657 3396 ut
1673 3340 1717 3397 ait
1735 3339 1954 3421 Hieronymus,

374 3431 513 3508 quicum
532 3427 758 3506 Eutychianam
779 3424 940 3504 perfidiam
962 3426 1137 3504 redoleant,
1190 3423 1318 3484 invexit·
1349 3425 1487 3503 Denique
1520 3427 1628 3488 lesum
1653 3428 1755 3507 ipsum
1783 3431 1955 3495 Dominum

373 3522 413 3581 ab
427 3520 581 3601 Ephesino
590 3524 696 3579 tamen
706 3517 836 3578 concilio
846 3516 1017 3596 approbati,
1031 3521 1142 3580 ‹mnflr-
1190 3520 1332 3576 nostrum
1365 3516 1458 3576 Simili
1486 3518 1615 3578 rationis
1641 3521 1786 3582 acumine
1812 3525 1957 3602 probabit

374 3612 511 3691 marique
535 3615 617 3672 sunt.
647 3610 694 3668 Ita
714 3608 841 3687 quidem
861 3607 975 3686 fungus
995 3608 1062 3670 iste.
1079 3611 1140 3672 Sed
1189 3610 1528 3684 Anorrymus,n0nesse
1541 3608 1827 3692 Christum,Deique
1840 3615 1953 3689 filium,

372 3703 646 3763 anathematismos
669 3717 734 3758 una
754 3717 825 3759 eum
839 3699 959 3760 caeteris
981 3700 1139 3778 ejusdem·
1188 3700 1273 3779 quod
1282 3700 1405 3773 Petrus,
1419 3699 1471 3777 qui
1482 3705 1547 3760 tam
1560 3701 1675 3781 insigni
1686 3708 1851 3782 preconio.
1871 3709 1955 3770 velut

371 3794 456 3854 modi
478 3792 597 3871 scriptis
619 3790 743 3870 Cyrilli,
759 3795 854 3869 prout
875 3808 925 3850 res
951 3790 1080 3869 ferebat,
1105 3794 1139 3854 in
1188 3808 1227 3851 ex
1253 3790 1348 3851 totius
1373 3790 1539 3869 Apostolici
1562 3793 1694 3873 collegii,
1719 3795 1783 3856 imo
1812 3798 1955 3862 Ecclesia

371 3884 582 3963 superioribus
607 3882 705 3957 libris,
734 3887 765 3942 et
791 3882 851 3942 hoc
872 3882 1044 3959 presertim
1057 3883 1135 3963 ipso,
1186 3900 1328 3964 persona,
1346 3881 1504 3943 Christum
1526 3883 1624 3958 illum,
1650 3904 1686 3947 ac
1709 3888 1837 3950 Deivivi
1851 3891 1955 3954 tilium

370 3976 443 4036 satis
464 3994 617 4055 superque
637 3973 840 4052 purgavimus
859 3972 898 4032 ah
923 3974 981 4035 hac
1004 3973 1080 4034 falsa
1106 3982 1138 4037 et
1186 3974 1341 4053 professus
1366 3979 1443 4047 erat,
1468 3975 1552 4036 hunc
1578 3976 1681 4056 ipsum
1696 3984 1802 4058 postea
1816 3972 1965 4062 negavit,

369 4067 480 4127 stolida
502 4066 724 4127 criminatione.
754 4065 816 4125 Nec
842 4065 946 4149 inesse
966 4065 1137 4145 quidquam
1186 4071 1221 4125 ut
1248 4065 1286 4127 de
1312 4066 1395 4127 luda
1422 4066 1581 4144 proditore
1605 4074 1735 4147 taceam,
1751 4076 1783 4132 et
1799 4072 1957 4153 Apostolis

369 4158 560 4219 ostendimus
581 4156 697 4217 inillis
724 4157 986 4236 sententiisque
1000 4157 1135 4219 malevo·
1184 4156 1375 4236 reliquisse
1399 4158 1569 4237 discipulis,
1592 4159 1648 4239 qui
1673 4163 1819 4239 magistro
1844 4168 1956 4229 relicto

367 4250 471 4310 lorum
490 4251 725 4330 importunitate
751 4249 790 4310 ad
813 4249 964 4309 invidiam
986 4249 1135 4312 traductae
1184 4248 1246 4309 huo
1259 4248 1534 4329 illucquedispersi
1548 4258 1632 4328 sunt,
1648 4258 1680 4313 et
1692 4254 1726 4314 in
1739 4264 1882 4338 suscepta
1893 4259 1956 4322 fide

367 4349 440 4403 sunt
462 4342 613 4402 haereticae
635 4339 802 4420 opinionis,
818 4340 902 4420 quod
916 4357 980 4399 non
993 4345 1089 4417 recte,
1104 4347 1136 4402 et
1184 4340 1368 4401 titubarunt.

366 4433 513 4495 catholice
544 4438 729 4512 conceptum
762 4431 867 4492 fuerit.
904 4432 1004 4510 Atque
1040 4431 1134 4494 etiam
1224 4433 1295 4492 Haer
1314 4433 1339 4491 si
1357 4436 1431 4491 sunt
1452 4431 1597 4510 absurda,
1623 4440 1655 4495 et
1675 4436 1811 4515 infanda,
1826 4459 1902 4521 quae
1916 4462 1956 4506 ex

364 4531 472 4604 postea
481 4527 519 4588 de
532 4526 592 4586 illis
604 4544 643 4586 ex
651 4524 787 4604 professo
795 4523 1033 4602 disputabimus.
1045 4524 1135 4587 Nune
1183 4523 1302 4599 eadem,
1322 4529 1415 4602 atque
1428 4523 1481 4583 illa
1494 4524 1532 4584 de
1547 4525 1663 4604 Cyrillo
1677 4533 1723 4588 est
1736 4533 1912 4612 Anonymi,
1923 4536 1956 4596 vi

364 4617 641 4696 Anonymivanam
651 4622 682 4678 et
690 4617 810 4676 irritam
818 4614 1131 4693 argumentationem,
1183 4615 1459 4694 argumentationis
1472 4615 1668 4693 inieruntur;
1684 4628 1783 4698 polest
1807 4625 1957 4688 cruditus

364 4713 513 4786 tanquam
537 4706 661 4770 abunde
680 4707 810 4769 fractam
824 4707 973 4767 hactenus
987 4711 1017 4766 et
1030 4708 1135 4785 proili-
1182 4707 1277 4768 lector
1308 4707 1381 4767 inde
1415 4705 1582 4785 conjicere,
1612 4711 1666 4788 qui
1699 4730 1771 4772 cum
1803 4713 1954 4792 homine,

363 4805 467 4872 getam
481 4800 607 4860 missam
617 4800 757 4861 iacimus.
1182 4816 1338 4878 quamque
1352 4804 1451 4872 acuto,
1478 4817 1514 4859 ac
1538 4803 1702 4862 metuendo
1725 4820 1774 4864 res
1797 4805 1837 4866 sit
1861 4808 1957 4871 nohis

403 4891 444 4950 11.
469 4892 531 4951 Nec
544 4897 591 4951 est
609 4892 707 4970 pluris
734 4891 831 4952 altera
844 4890 1007 4969 pendenda
1031 4889 1129 4965 rati03
1183 4889 1291 4969 cyrilli
1311 4890 1440 4967 pariter,
1455 4896 1486 4951 et
1512 4892 1668 4954 catholica
1692 4895 1786 4973 partis
1808 4896 1953 4962 inimico.

361 4981 425 5041 imo
439 4982 535 5043 hebes
547 4983 645 5061 magis
659 4988 715 5060 est,
730 4987 762 5043 et
774 4981 910 5058 stupida,
932 4999 1027 5060 quam
1042 4999 1080 5041 ex
1094 4999 1131 5041 eo
1183 4981 1243 5042 Sed
1278 4980 1357 5041 nihil
1389 4982 1447 5043 ltoc
1478 4988 1543 5060 est,
1576 4985 1638 5045 nisi
1669 4992 1701 5046 et
1726 4985 1810 5049 illius
1835 4997 1956 5055 castere

360 5074 495 5149 conticit,
523 5075 607 5153 quod
629 5075 788 5136 iuvenalis
816 5072 1129 5152 hierosolymitanus,
1179 5072 1350 5134 videamus.

359 5163 474 5243 aliique
499 5165 673 5245 complures
690 5166 837 5246 episcopi,
859 5164 914 5244 qui
931 5164 964 5224 in
979 5164 1131 5244 Ephesina
1220 5165 1277 5224 Ill.
1300 5165 1407 5242 Pergit
1419 5164 1504 5225 enim
1528 5185 1566 5227 ex
1593 5169 1752 5231 Theodoto
1778 5171 1954 5254 Ancyrano

358 5256 1130 5338 synodoprimaspostCyrillumtenuerant,postea
1181 5255 1331 5335 cyrsslum
1370 5255 1529 5318 criminari
1570 5259 1695 5322 heresis
1729 5263 1952 5344 commune.

382 5454 396 5495 1
412 5453 467 5511 ltph.
478 5457 530 5512 Syn,
541 5463 583 5503 act
593 5469 630 5503 tu.
