3956 6158
127 1585 237 1685 Piltiiiais.

276 205 336 266 tta
774 208 1103 272 THEOLOGIGORUM
1124 210 1344 275 adunarunt

275 380 450 456 arpentum
464 376 508 436 ait
523 376 685 456 Apostolus
695 375 839 451 Petrus¹,
854 375 904 437 sed
914 382 1042 457 pretioso
1093 383 1199 439 tamen
1214 396 1286 439 eum
1301 378 1409 439 salutis
1422 395 1500 438 mene
1514 376 1663 438 miraculo
1678 390 1848 452 eomparan·

275 468 420 547 sanquine
445 468 532 549 quasi
561 473 632 549 aqna·
659 467 840 529 inmaeulati
864 467 994 540 Christi,
1018 475 1045 527 et
1093 471 1246 546 dumest;
1263 472 1317 547 ait,
1337 490 1442 550 paueae
1463 469 1621 549 sanguinis
1639 472 1736 546 guttae
1758 470 1848 525 totum

278 561 505 623 incontaminati
514 562 685 641 plurimum
696 562 916 622 sommendant
925 560 1046 639 antiqui
1093 564 1249 625 mundum
1284 564 1498 635 reformantes,
1520 563 1670 640 iaotaeque
1695 562 1770 619 sunt
1793 562 1849 616 ian-

278 654 392 729 Patres,
408 672 505 733 eaque
519 673 568 715 res
582 655 664 734 apud
677 654 746 715 illos
760 660 806 717 est
822 653 1044 728 vatlgatissima.
1095 673 1188 734 quam
1197 651 1851 736 eoagulnmlaetisomnibnshominihus‚nos

278 745 385 825 ltaque
424 746 529 827 paucis
568 747 764 826 singulorum
797 744 1046 808 commemoratis
1095 747 1129 807 in
1145 766 1245 808 unum
1269 749 1449 828 colligantes
1471 754 1502 808 et
1528 748 1778 821 congregantes&
1792 762 1806 798 ι
1821 740 1852 800 Et

277 839 470 912 testimoniis,
488 840 660 913 generatim
686 839 837 907 coniectas
864 839 1047 901 eorumdem
1095 840 1223 901 Basilius
1235 841 1268 901 in
1281 840 1410 901 homilia
1423 838 1626 900 adPaatmuaa
1643 852 1748 909 xanta,
1765 831 1852 895 multa

279 950 318 993 en
331 933 523 1008 auctoritate,
539 950 574 992 aa
588 930 741 994 sententia
762 932 897 994 rabones
910 950 972 1011 qua
986 948 1045 1010 po·
1095 932 1133 992 de
1143 933 1362 1012 Redemptoris
1373 932 1467 1011 hujus
1481 930 1661 1008 dignatione
1679 926 1851 1000 londonien,

277 1028 345 1085 tero
359 1023 509 1087 brevitate
520 1025 715 1104 complectar.
738 1026 874 1086 loannes
893 1022 1048 1103 imprimis
1095 1028 1126 1083 et
1146 1024 1310 1102 magnifiee
1324 1025 1480 1101 praedicat,
1499 1023 1533 1083 in
1544 1022 1613 1082 haee
1632 1019 1745 1081 Psalmi
1760 1016 1851 1090 uerba,

279 1115 518 1195 chrysostomus
559 1117 663 1176 laeum
703 1116 793 1177 illum
838 1114 975 1194 Apostoli
1009 1133 1047 1174 ex
1096 1111 1259 1177 Noadabit
1273 1115 1334 1177 Dea
1344 1115 1546 1196 placationem
1559 1133 1656 1188 mam,
1672 1119 1700 1173 et
1733 1109 1852 1191 pretium

278 1208 407 1287 epistola
421 1207 462 1269 ad
471 1208 615 1270 Romanoa
629 1227 777 1270 enarrans
797 1228 803 1268 :
818 1207 856 1269 Si
869 1207 945 1268 enim
961 1206 1048 1267 unias
1096 1206 1300 1288 redemptionis
1313 1209 1424 1269 animae
1437 1226 1509 1269 sun.
1528 1206 1628 1273 «Quid
1643 1205 1731 1266 enim
1744 1207 1852 1262 tantum

278 1299 379 1362 delicto
393 1320 469 1362 mors
483 1302 683 1383 aequauitper
696 1321 786 1362 unum
796 1322 805 1360 .·
817 1301 944 1361 miiitum
952 1298 1049 1380 napis
1095 1301 1230 1380 reperire
1253 1301 1349 1362 bomo
1370 1306 1481 1380 potest,
1504 1299 1616 1379 inquit,
1632 1303 1668 1358 ut
1681 1297 1735 1357 det
1749 1313 1802 1375 pro
1812 1312 1852 1354 re

279 1391 491 1454 abundantiam
502 1395 620 1473 pratia,
635 1401 664 1454 et
687 1393 858 1462 dominante,
875 1402 902 1453 et
915 1391 1047 1473 justitiae
1096 1394 1275 1475 demptione
1297 1395 1411 1454 animae
1436 1392 1529 1454 sarae?
1545 1392 1606 1453 Sed
1634 1390 1797 1451 inventum
1816 1389 1854 1446 est

279 1485 466 1566 accipientes,
477 1505 511 1564 an
526 1487 589 1547 uita
604 1486 766 1567 aequabunt
779 1504 834 1568 per
847 1504 938 1545 uuum
948 1485 1046 1546 iesum
1096 1504 1207 1561 uniam,
1223 1506 1280 1567 par
1293 1486 1439 1547 omnibus
1452 1485 1544 1546 simul
1555 1479 1725 1544 liberandis
1733 1477 1854 1541 homiui·

281 1575 479 1638 Cbra'stum¹:
509 1578 652 1641 observat
685 1598 749 1640 non
783 1579 895 1639 dixisse
916 1578 1048 1638 Paulum
1096 1578 1165 1653 bus,
1177 1581 1259 1658 quod
1272 1580 1305 1640 in
1315 1577 1538 1657 redemptionis
1551 1576 1730 1637 animarum
1744 1578 1852 1633 nostra·

277 1674 408 1749 qratiam
422 1671 600 1751 simpliciter
616 1672 687 1732 :sed
702 1671 915 1732 abundantiam
930 1669 1044 1750 qratia.
1096 1689 1168 1732 rum
1175 1672 1310 1751 pretium
1318 1677 1363 1732 est
1375 1672 1550 1750 impensum
1563 1673 1704 1741 3sanetus
1712 1665 1852 1737 videlieet,

283 1761 479 1823 «Nonenim
493 1766 647 1842 quantam
662 1781 740 1842 opus
755 1769 820 1823 erat
834 1762 924 1822 nobis
938 1762 976 1822 ad
996 1779 1047 1821 ex·
1096 1782 1132 1824 aa
1167 1764 1319 1842 pretiosus
1353 1762 1480 1842 sanguis
1514 1759 1639 1822 Domini
1669 1759 1770 1819 nostri
1792 1758 1854 1818 lesu

278 1855 485 1933 tinguendum
519 1861 690 1935 peecatum,
724 1860 848 1915 tantum
877 1873 916 1915 ex
947 1855 1047 1933 gratia
1097 1855 1219 1925 Christi,
1249 1874 1343 1935 quam
1370 1873 1427 1935 pro
1455 1854 1545 1914 nobis
1571 1851 1719 1912 omnibus
1747 1848 1853 1909 effudit.

279 1948 429 2008 duntaxat
442 1950 636 2027 accepimus:
654 1948 707 2008 sed
730 1948 829 2007 multo
843 1947 1011 2025 ampliusa.
1027 1968 1042 2005 n
1098 1948 1187 2008 Unde
1211 1953 1241 2008 et
1267 1949 1365 2028 pretio
1392 1947 1544 2026 redempti
1567 1963 1687 2007 sumus.
1714 1942 1749 2004 Si
1776 1942 1856 2016 initur

279 2041 360 2100 Tum
374 2041 431 2101 ista
446 2040 568 2120 subjicit
585 2061 592 2101 ε
609 2062 624 2098 ιι
648 2040 917 2107 Quemadmodum
932 2057 1005 2116 ergo
1020 2040 1045 2099 si
1096 2040 1191 2100 irater
1213 2059 1278 2100 uon
1305 2040 1450 2113 redimit;
1466 2040 1597 2099 redimet
1624 2034 1750 2097 bomo?
1768 2035 1855 2108 Quare

279 2132 348 2211 quis
362 2132 468 2193 decem
482 2133 589 2193 obolos
604 2133 768 2194 debentem
783 2132 918 2211 aliquem
931 2132 965 2193 in
979 2149 1046 2192 ear·
1097 2150 1168 2193 eum
1193 2133 1288 2192 homo
1316 2131 1468 2192 redimere
1493 2148 1551 2190 nos
1571 2133 1726 2208 nequeat3
1743 2126 1794 2206 qui
1807 2141 1855 2184 nos

279 2242 380 2285 aerem
394 2225 536 2302 conjiciat
552 2245 559 2284 :
576 2243 633 2286 nee
656 2225 759 2304 ipsum
777 2225 890 2301 solum,
907 2224 1048 2285 sedeam
1096 2225 1237 2299 redemit,
1252 2225 1347 2284 homa
1357 2242 1422 2283 non
1435 2220 1513 2283 esti.
1526 2244 1542 2280 a
1553 2223 1634 2301 Ergo
1646 2215 1855 2300 pretinmillnd

279 2334 316 2377 eo
327 2317 444 2396 pariter
455 2318 618 2395 conjugem
631 2317 736 2396 ipsius,
754 2316 884 2393 utilius,
900 2334 1048 2377 aenerves
1096 2316 1206 2376 mundi
1219 2315 1362 2376 totiusab
1377 2314 1503 2375 homine
1529 2313 1616 2375 nialla
1642 2313 1717 2373 satis
1736 2311 1856 2390 dignum

279 2408 362 2469 illius
376 2427 468 2469 carisa
484 2428 491 2469 :
507 2409 668 2469 tumalius
690 2410 830 2477 veniens,
853 2427 919 2470 non
940 2410 1048 2470 decem
1097 2407 1228 2487 dependi
1244 2407 1359 2487 potnit3
1377 2408 1430 2468 sed
1453 2408 1552 2467 Deum
1574 2405 1664 2465 illum
1689 2421 1756 2464 esse
1774 2420 1854 2481 opor·

280 2500 682 2576 obolostantumuumeret3
693 2501 746 2562 sed
758 2501 921 2562 innumera
932 2500 1048 2562 talenta
1097 2501 1166 2569 tuit,
1183 2506 1219 2561 nt
1241 2500 1373 2560 subinde
1397 2500 1497 2559 doeet.
1514 2498 1665 2559 Convenit
1677 2514 1751 2558 cum
1767 2495 1818 2555 illo
1830 2497 1857 2552 et

280 2594 348 2654 auri
362 2593 511 2671 largiatur
525 2611 578 2653 :aa
591 2592 730 2653 vinetum
744 2593 885 2653 istumin
897 2592 1047 2672 palatium
1098 2592 1222 2652 Proalus
1235 2593 1375 2653 oratione
1389 2589 1539 2671 primatie
1563 2588 1647 2650 bade
1672 2589 1712 2650 B.
1735 2584 1857 2667 Virqinis

279 2685 454 2747 introducat
468 2693 498 2746 et
512 2685 545 2745 in
561 2686 697 2763 supremi
712 2686 908 2764 magistratus
922 2685 1045 2760 solium;
1096 2684 1217 2759 Mariae,
1232 2684 1288 2764 qui
1310 2684 1352 2744 sie
1366 2683 1522 2764 disputat;
1538 2700 1609 2743 eum
1636 2682 1732 2741 hamo
1746 2686 1856 2760 pearata

278 2777 522 2857 participemque
556 2777 670 2838 summi
704 2777 842 2852 honoris,
873 2782 904 2837 et
936 2775 1048 2856 reliqui
1096 2777 1233 2837 irretitus
1247 2777 1280 2836 in
1301 2776 1364 2854 jus,
1380 2781 1411 2836 et
1436 2780 1620 2855 potestatem
1640 2771 1857 2833 diaboliveais-

278 2869 451 2948 splendoris
463 2869 565 2945 faeiat3
579 2888 644 2929 non
655 2868 721 2947 jam
733 2869 900 2929 foenerator
914 2869 1046 2929 mentio·
1097 2875 1154 2945 set,
1169 2868 1257 2929 nullo
1282 2869 1375 2928 modo
1403 2867 1494 2928 istiao
1534 2867 1612 2946 eripi
1638 2865 1788 2945 potuisse,
1805 2861 1856 2922 nisi

277 2979 351 3022 nem
369 2961 469 3022 iacere
494 2961 629 3040 amplius
650 2961 746 3039 possit
761 2962 869 3021 decem
884 2960 1047 3020 obolorum
1092 2961 1224 3040 justum,
1236 2959 1455 3038 ablegitimnm
1469 2959 1698 3039 persolveretur
1711 2957 1853 3037 pretinm:

277 3053 414 3116 illorum.
439 3055 497 3126 Ita,
524 3058 555 3114 et
581 3055 616 3113 in
640 3053 730 3113 nobis
752 3052 944 3113 factumest.
968 3054 1048 3112 Nam
1096 3052 1180 3131 quod
1194 3051 1326 3113 inueniri
1336 3070 1491 3131 nusquam
1500 3049 1700 3131 poterat,nisi
1708 3047 1856 3126 Deusipse

278 3146 377 3206 multo
405 3145 516 3226 plura,
543 3164 638 3225 quam
665 3145 872 3221 debebamus,
901 3145 1049 3224 persolvit
1096 3145 1276 3224 redemptor
1288 3145 1503 3205 interveniret.

279 3239 477 3315 Christusne
491 3244 579 3298 tanto
594 3238 694 3317 plura,
717 3243 833 3316 quanto
854 3235 967 3298 stillam
983 3237 1048 3298 exi·
1143 3263 1156 3290 c
1178 3238 1317 3298 Duorum
1330 3236 1434 3315 itaque
1446 3253 1570 3296 neeesse
1584 3240 1652 3297 erat
1671 3233 1812 3305 alterum,
1826 3234 1857 3291 at

278 3348 373 3410 guam
391 3330 717 3409 immensumpelagus
732 3329 851 3390 excedit
860 3328 882 3389 ί.
898 3350 913 3387 a
1097 3329 1147 3390 vel
1158 3328 1304 3390 omnibus
1311 3346 1349 3389 ex
1356 3328 1553 3389 damnatione
1567 3345 1652 3388 mars
1666 3321 1854 3388 inferretur³z

317 3423 371 3483 IV.
394 3422 559 3484 Deeodem
583 3422 742 3501 sanguinis
762 3421 874 3482 Christi
886 3422 984 3500 pretio
999 3421 1045 3481 lo·
1096 3420 1221 3500 quando
1243 3438 1352 3480 omnes
1379 3426 1600 3499 peceaverant;
1615 3419 1665 3480 vel
1688 3419 1858 3496 talerepen·

277 3532 376 3595 quens
390 3514 555 3594 Gregorius
567 3515 801 3575 Nazianzenus:
823 3513 910 3574 aSed
922 3513 1047 3574 nullum
1096 3515 1222 3575 deretur
1262 3512 1418 3593 pretium,
1459 3513 1543 3592 quod
1569 3513 1610 3573 ad
1637 3511 1857 3573 dissolvendum

313 3731 334 3774 u
353 3719 500 3776 canrsosr.
525 3717 601 3774 hom.
626 3733 643 3773 x
669 3716 699 3773 in
722 3715 803 3787 epist.
829 3715 871 3772 act
898 3719 978 3772 Boni.
999 3715 1046 3771 Διὰ
1095 3715 1256 3771 ueremini
1280 3713 1395 3790 Χριστός,
1419 3714 1460 3769 καί
1481 3713 1593 3787 τοσούτῳ
1606 3713 1719 3780 πλείονα,
1740 3710 1856 3786 όσιρπρθς

277 3795 351 3857 τοῦτο
365 3801 409 3855 aba
418 3797 484 3855 εἶπεν
499 3800 599 3854 ἐνταῦθα
610 3800 692 3873 χάριν,
702 3800 767 3853 ἀλλὰ
781 3799 919 3870 περισσείαν
934 3800 1043 3872 χάριτος.
1096 3801 1181 3872 ῥανίδα
1193 3802 1280 3873 μιαρόν
1293 3800 1400 3872 πέλαγος
1413 3799 1511 3872 ἄπειρον
1522 3812 1543 3853 ·.

277 3884 306 3939 οὗ
320 3884 366 3957 γὰρ
381 3886 438 3938 θσον
456 3882 591 3956 ἔγρῃζορεν
607 3882 640 3944 εἰς
654 3881 698 3950 τὴν
713 3887 757 3949 τῆς
776 3881 898 3953 ἁμαρτίας
912 3881 1044 3955 ἀναίρεσιν,
1131 3901 1146 3940 o
1167 3885 1293 3941 Ntzttaz.
1311 3884 1367 3939 fine
1381 3888 1451 3938 orat.
1468 3899 1531 3938 atti.
1547 3878 1624 3936 Οθδὲν
1638 3882 1665 3935 δὲ
1680 3875 1733 3936 aian
1748 3881 1855 3951 τδθεΰρα

276 3972 394 4022 τοσοῦτον
421 3965 539 4038 έλάόομεν
569 3969 644 4038 μόνον
673 3965 699 4018 ἐκ
726 3970 769 4032 τῆς
792 3967 903 4038 χάριτος·
927 3964 1046 4019 ἀλλὰκαὶ
1095 3972 1137 4036 τῆς
1151 3967 1211 4040 ἐμῆς
1225 3967 1355 4039 σωτηρίας.
1375 3966 1468 4039 ῥανίδες
1482 3967 1586 4038 αἵματος
1598 3965 1680 4038 ὀλίγαι
1699 3968 1789 4036 ιιόσρον
1803 3964 1854 4015 όλον

276 4053 365 4125 πολλῷ
379 4052 464 4105 πλέον.
1095 4051 1303 4115 ἀναπλάττουσαι,
1316 4050 1357 4104 καί
1370 4050 1479 4122 γίνονται
1490 4050 1595 4122 καθάπερ
1605 4051 1665 4112 όπδς
1677 4050 1780 4121 γάλακτι
1789 4049 1853 4101 πᾶσιν

312 4133 417 4191 bibiti.
437 4133 532 4205 Ὥσπερ
553 4128 594 4185 οὖν
624 4131 696 4195 εἴτις
715 4131 817 4194 όόολοδς
837 4133 896 4185 δέκα
914 4131 1046 4204 όρειλοντά
1095 4134 1231 4206 ἀνθρώποις
1245 4134 1313 4197 είςέν
1327 4133 1392 4205 ἡμᾶς
1405 4134 1547 4186 συνδέουσαι
1561 4132 1772 4203 ualeant-sonunt.

276 4239 331 4273 τινα
342 4218 547 4289 είςδεσμωτόριον
563 4214 674 4288 tuditan·
688 4215 731 4268 oda
745 4215 818 4269 αὐτὸν
835 4216 861 4269 δὲ
878 4217 964 4288 μόνον,
981 4215 1045 4270 ἀλλὰ
1131 4218 1152 4274 d
1172 4218 1257 4273 basin.
1277 4215 1311 4270 Οὔ
1326 4218 1400 4269 δώσει
1416 4210 1458 4268 οὗν
1477 4222 1513 4288 τῷ
1531 4217 1578 4287 θεῷ
1594 4214 1713 4289 έξίλορρο
1725 4210 1853 4268 {satuti

275 4302 315 4355 καί
328 4303 440 4373 γυναῖκα,
455 4300 496 4353 καί
509 4301 604 4363 παιδία,
619 4300 660 4351 καί
672 4298 766 4362 οἰκέτας
778 4300 811 4350 δι’
826 4298 910 4363 ababa,
929 4297 1004 4352 ἐλθὼν
1019 4300 1045 4354 δέ
1095 4301 1143 4373 γὰρ
1157 4300 1257 4354 δυ’ναται
1280 4300 1405 4370 ἄνθρωπος
1419 4298 1497 4371 εθρεῖν
1517 4300 1673 4367 τηλικοῦτον,
1692 4296 1733 4350 ίνα
1745 4300 1782 4350 δῶ
1800 4293 1853 4364 teta

276 4387 357 4457 ἕτερος
371 4384 404 4457 μὴ
425 4385 481 4445 τοὺς
502 4384 560 4437 δέκα
588 4383 692 4443 diobolae
716 4382 851 4435 ααταὸάλοι
881 4384 965 4454 μόνον,
981 4382 1045 4435 ἀλλὰ
1094 4384 1240 4455 λυτρώσεως
1264 4366 1307 4449 τῆς
1329 4383 1408 4454 ψυχῆς
1423 4381 1515 4451 αὐτοῦς
1541 4380 1610 4435 Ἀλλ’
1636 4382 1718 4452 εθρέθη
1745 4382 1771 4433 έν
1796 4379 1853 4449 θροῦ

276 4469 348 4542 μυρία
362 4461 455 4541 χρυσσῦ
468 4468 577 4521 τάλαντα
585 4466 727 4539 χαρίσαιτο,
737 4466 778 4517 καί
789 4463 822 4527 είς
832 4466 958 4537 βασιλικὰς
970 4466 1045 4528 αιίλὰς
1095 4467 1192 4520 πάντων
1208 4465 1342 4538 ἀνθρώπων
1362 4463 1484 4526 ἀντάξιον·
1500 4466 1515 4517 b
1529 4463 1599 4533 έδόθη
1621 4464 1656 4526 είς
1673 4462 1743 4534 τιμὴν
1757 4460 1851 4533 turpet

276 4552 402 4625 εἰσαγάγοι
416 4552 458 4605 τὀν
471 4551 610 4623 δεσμώτην,
625 4550 666 4602 καί
684 4548 716 4611 εἰς
733 4550 818 4620 θρόνον
833 4547 911 4621 ἀρχῆς
923 4549 1044 4622 θψηλοτά-
1095 4569 1157 4613 σεως
1178 4553 1221 4616 τῆς
1240 4549 1319 4621 ψυχῆς
1339 4546 1422 4620 ἡμῶν,
1437 4549 1467 4602 τό
1485 4549 1562 4620 ἅγιον,
1588 4550 1629 4601 καί
1649 4545 1781 4617 πολύτιμον
1796 4538 1852 4613 nipe

275 4656 326 4704 της,
347 4636 388 4688 καί
408 4635 489 4689 κοινόν
512 4634 578 4701 (for.
599 4632 730 4699 κοινωνόν)
758 4636 801 4699 τῆς
825 4632 951 4701 ἀνωτάτης
974 4637 1045 4705 τιμῆς
1095 4636 1138 4685 τοῦ
1151 4628 1234 4703 κυρίου
1248 4630 1319 4703 ἡμῶν
1347 4629 1433 4699 Ἰησοῦ
1447 4630 1566 4702 Χριστοῦ,
1589 4629 1759 4702 dirripiunt
1780 4626 1851 4698 ἐξέχεε

274 4721 398 4787 ποιήσειε,
419 4720 459 4771 καί
482 4721 525 4785 τῆς
539 4717 615 4785 ἄλλης
635 4714 799 4788 περιφανείας·
825 4716 868 4769 οὖν
889 4718 918 4769 ἂν
946 4718 1044 4770 δύναιτο
1094 4715 1202 4768 πάντων.
1218 4716 1302 4784 διόπερ
1316 4713 1355 4765 καί
1370 4717 1443 4785 τιμῆς
1460 4712 1638 4785 ἠγοράσθημεν.
1657 4712 1686 4766 El
1699 4705 1738 4764 oin
1753 4709 1850 4777 ἀδελφός

274 4802 363 4856 λοιπδν
379 4802 512 4874 μεμνῆσθαι
526 4806 577 4854 τῶν
595 4800 654 4853 δέκα
668 4799 765 4854 etatae
793 4799 808 4853 ό
829 4799 950 4862 δανείσας.
980 4801 1044 4855 ollam
1095 4794 1483 4868 οίλοτροοται,οὖλυτρόσεται
1499 4792 1851 4867 transmutationem

273 4885 315 4937 καὶ
329 4883 366 4954 ἐρ’
384 4883 454 4956 ἡμῶν
467 4885 562 4956 γέγονε.
575 4883 662 4955 πολλῷ
677 4882 724 4955 γὰρ
745 4882 849 4937 πλείονα
864 4878 899 4936 ὧν
914 4880 1044 4956 όρείλορεν
1093 4881 1265 4950 λυτρώσασθαι
1277 4879 1342 4951 ἡμᾶς
1355 4878 1384 4932 orl
1399 4878 1507 4944 διίναται,
1518 4879 1726 4952 όλυτριοσάμενος
1738 4871 1850 4947 δρᾶςοθῐ

1095 4965 1229 5037 ἅνθρωπος.

308 5147 376 5200 ‘Pro
388 5142 467 5196 κοινόν
480 5146 600 5213 legendum
619 5161 669 5199 esse
685 5144 804 5196 κοινωνόν
831 5147 911 5199 merito
938 5145 1044 5198 admonet
1091 5145 1192 5198 melioris
1206 5145 1311 5206 uoluat
1324 5144 1448 5199 editoribus
1463 5142 1650 5200 Βοιιείὶοίίιιίεὶιι
1667 5138 1845 5197 erueturne

274 5227 354 5278 ιιιοίοι
371 5224 465 5292 bnequ
487 5223 601 5277 eorrectio
636 5222 797 5291 manuscriptis
817 5223 934 5277 auditibus
952 5222 1050 5281 suffulta,
1693 5216 1713 5267 l.
1731 5215 1757 5267 [t
1776 5215 1801 5265 F.

305 5392 315 5432 1
328 5387 392 5434 lPtt.
407 5399 424 5441 a,
436 5387 470 5433 88.
483 5386 601 5432 --uuon
613 5395 635 5439 v,
645 5385 677 5430 u.
689 5407 716 5420 -
729 5387 744 5432 3
755 5384 822 5430 Praei.
837 5385 897 5431 Orat.
911 5397 927 5431 1.
