3936 6152
316 284 376 347 1104
829 289 1155 354 Tflaohootcohtttt
1175 287 1393 352 manarunt

318 474 449 538 ponens,
486 464 651 539 utramque
685 464 832 521 naturam
857 460 891 521 ia
919 458 1089 521 amicitiam
1141 458 1287 520 declarat.
1307 457 1426 539 Quippe
1436 459 1545 521 amerit
1564 458 1890 522 aeumdamGhriatun

320 550 516 628 consociavit,
532 558 563 612 et
578 552 762 629 impendens
780 552 870 613 nohis
885 572 904 614 a
918 555 1006 614 Patre
1020 570 1091 632 sup
1140 551 1269 612 missurn
1297 569 1378 628 esse,
1406 556 1441 611 ut
1466 552 1555 613 fieret
1581 551 1721 631 ejusdam
1748 553 1891 614 achiacum

321 642 451 722 plicium
476 643 542 722 ipse
569 645 774 706 sustinuitr.»
802 647 919 707 Eadem
944 644 1007 706 scre
1021 663 1092 705 sen·
1141 642 1333 717 substantiae,
1346 645 1405 704 boc
1426 648 1473 704 est
1494 642 1589 705 homo
1612 649 1667 705 :et
1683 643 1892 722 ejusdemcum

322 735 437 811 tentia,
453 736 506 796 sed
535 736 602 796 aliis
635 736 737 797 verbis
764 737 877 816 legitur
904 738 937 798 in
964 736 1092 798 homilia
1141 736 1204 796 Deo
1220 736 1309 796 Putre
1324 736 1470 797 mansisse
1484 734 1675 812 substantie,
1689 741 1839 815 quatenos
1852 738 1891 797 in·

325 843 460 888 lxxxvn
475 829 552 889 tomi
567 828 679 907 quinti,
694 846 764 907 quaa
776 836 822 890 ast
834 828 1055 890 ιίεΑοοεανὶοαι.
1140 827 1428 907 telligitur,eterat,
1444 834 1551 908 estque
1562 829 1681 889 Dens.»
1711 829 1756 889 Aa
1763 828 1891 905 subinde,

154 927 299 992 opitulata
365 919 429 980 XV.
455 920 584 997 Egregia
598 939 722 1000 quoque
735 919 903 982 mediatoris
914 921 1093 1000 hrrjusmodi
1146 920 1298 981 «Positus
1323 927 1369 981 ost
1396 920 1481 982 anim
1516 920 1666 982 mediator
1687 939 1745 1001 per
1772 921 1892 1001 seipsam

166 984 276 1028 nucum.
324 1016 441 1073 statrnn
455 1018 487 1073 ct
501 1013 636 1075 officium
649 1013 794 1074 describit
808 1015 842 1073 in
855 1014 1010 1093 plerisque
1018 1013 1092 1074 locis
1142 1012 1289 1091 colligans
1314 1014 1354 1074 ad
1379 1013 1531 1074 unitatem
1554 1011 1747 1074 habitudinis
1764 1031 1811 1087 ea,
1835 1032 1892 1094 qua

324 1104 553 1165 Alexandrinus
566 1105 701 1184 Cyrillus
723 1126 730 1166 ε
751 1124 886 1185 quorum
906 1106 956 1167 bio
975 1106 1094 1184 aliquos
1142 1111 1261 1166 nattuae
1274 1105 1446 1166 rationibus
1458 1105 1612 1185 penitusa
1629 1123 1661 1167 se
1675 1106 1808 1167 invicem
1820 1125 1893 1187 sepa·

323 1195 466 1257 referam.
483 1196 574 1257 Libro
599 1197 780 1258 c'nJoauueur
804 1198 980 1271 undecimo,
998 1196 1092 1258 verba
1142 1204 1209 1259 rata
1232 1203 1325 1274 sunt;
1353 1198 1452 1259 faetus
1474 1203 1521 1258 est
1543 1198 1627 1259 enim
1652 1197 1690 1274 is,
1718 1200 1774 1278 qui
1798 1206 1893 1262 natura

324 1305 471 1349 enarrans
497 1288 551 1349 illa
575 1288 698 1364 Christi,
724 1289 793 1370 Epo
817 1290 847 1349 t'u
870 1290 922 1365 eir,
948 1298 974 1350 et
1002 1297 1035 1349 ta
1061 1292 1094 1350 ic
1143 1290 1314 1365 hauserat,
1329 1290 1424 1351 homo
1438 1288 1610 1352 revomi.»

323 1379 398 1455 me¹,
424 1386 483 1442 etc.
508 1381 664 1442 Christum
690 1381 723 1441 in
747 1381 837 1442 nobis
864 1382 998 1442 residere
1017 1381 1093 1442 dicit
1182 1383 1298 1443 Auctor
1324 1382 1462 1443 homilia
1488 1381 1523 1443 de
1550 1381 1761 1444 luminatione
1785 1382 1893 1445 Domui

323 1477 473 1552 tunquam
494 1472 679 1547 bominem²,
696 1474 968 1552 corpore,qua11do
988 1474 1091 1534 nobis-
1141 1475 1239 1536 nostri
1250 1520 1258 1543 ‚
1293 1492 1363 1553 quaa
1397 1475 1479 1535 inter
1512 1492 1606 1555 opera
1630 1475 1839 1555 chrysostomi
1857 1482 1893 1538 etl

323 1584 396 1627 cum
409 1567 443 1626 in
456 1573 647 1627 sacramento
660 1566 797 1645 corporis
817 1567 865 1626 sui
884 1567 1042 1641 misectur,
1061 1572 1093 1627 et
1142 1585 1264 1642 excusa,
1295 1567 1485 1644 «Mediator,
1505 1567 1618 1647 inquit,
1643 1567 1706 1628 uisi
1728 1570 1892 1647 eognahone

323 1657 430 1719 unitur
446 1678 453 1719 :
467 1665 536 1719 tum
549 1665 585 1719 ut
599 1659 699 1718 Deum
714 1657 871 1736 conjungi,
889 1659 1005 1737 proprii
1021 1657 1090 1738 Spi·
1137 1660 1267 1738 junctus
1278 1660 1318 1720 sit
1330 1677 1403 1722 cum
1415 1659 1475 1732 his,
1491 1660 1573 1720 inter
1591 1678 1669 1739 quos
1687 1660 1891 1736 mediatorcst,

321 1750 927 1829 ritusefficientiarenovantemspiritum
937 1755 1090 1810 nostrum.
1141 1770 1206 1812 non
1233 1757 1421 1831 potestesse
1447 1751 1611 1813 mediator.
1637 1753 1791 1826 Quoniam
1814 1755 1893 1832 ipim

322 1843 438 1905 Deinde
451 1845 494 1905 ita
507 1842 661 1903 concludit
678 1862 685 1903 :
705 1863 721 1900 a
735 1842 903 1903 Vinculum
916 1842 1011 1921 igitur
1025 1842 1093 1902 ani·
1141 1844 1293 1904 mediator
1308 1844 1363 1906 Dei
1376 1850 1407 1904 et
1418 1843 1584 1905 hominum
1597 1851 1642 1906 est
1655 1845 1805 1922 Gluistrrs,
1817 1864 1892 1926 opor·

321 1936 391 1995 tatis
412 1942 526 1996 nostrae
547 1953 619 1996 cum
648 1936 710 1995 lieo
737 1941 768 1995 ot
795 1936 884 1996 Patre
905 1935 1002 2013 liquat
1027 1953 1092 1996 esse
1140 1936 1225 1997 tebat
1238 1937 1713 2014 ipsumdemcustrari,tam1ieo
1726 1940 1892 2016 cognatione

321 2027 508 2089 Christum:
531 2028 585 2107 qui
609 2033 640 2088 et
663 2046 718 2087 nos
737 2033 885 2106 tanquam
908 2026 1003 2087 homo
1025 2044 1091 2087 sus·
1141 2028 1353 2106 conjunctum,
1369 2047 1463 2107 quam
1488 2029 1687 2104 hominihus;
1712 2035 1745 2090 et
1764 2048 1892 2110 apparare

322 2138 434 2196 pensos
452 2122 546 2181 habet
567 2139 605 2180 ax
624 2120 747 2198 seipso:
770 2124 801 2179 et
823 2124 972 2198 unquam
994 2120 1090 2197 Deus,
1141 2121 1226 2181 velut
1240 2122 1407 2199 quamdam
1421 2121 1681 2200 dispensationem
1690 2122 1892 2201 mediamque

320 2215 356 2274 in
371 2215 434 2275 Deo
449 2214 632 2275 naturaliter
652 2213 732 2272 inest
745 2211 883 2290 genitore
901 2210 1088 2291 proprium
1142 2219 1173 2274 et
1186 2215 1252 2274 Deo
1276 2213 1435 2274 divinitate
1455 2213 1653 2292 jungeretur,
1678 2220 1709 2275 ct
1730 2214 1892 2276 hominihus

321 2307 395 2366 Haec
408 2307 454 2366 vis
468 2312 524 2384 est,
539 2310 570 2367 et
582 2306 662 2365 ratio
675 2304 868 2377 substantivi,
881 2303 1092 2382 naturalisque
1141 2304 1336 2366 humanitate
1350 2315 1396 2366 ’.υ

321 2398 498 2459 mediatoris
525 2418 532 2459 :
561 2397 620 2476 qui
641 2415 707 2458 non
727 2396 827 2456 officio
854 2395 965 2465 solum,
990 2397 1091 2456 conci·
1181 2397 1334 2457 Maximus
1356 2405 1476 2476 martyr
1496 2398 1530 2458 iu
1550 2398 1699 2477 opusculo
1715 2399 1847 2478 quodam
1862 2399 1893 2461 cd
1932 2416 1966 2463 nr

320 2489 478 2570 liandique
500 2490 680 2563 iunctione3
704 2489 757 2549 sed
776 2487 946 2549 substantia
963 2488 1040 2566 ipsa,
1062 2492 1093 2549 et
1140 2489 1285 2550 loannem
1302 2488 1537 2565 Cubicularium,
1553 2491 1588 2553 in
1611 2509 1673 2570 quo
1687 2491 1761 2552 fidoi
1778 2490 1893 2554 formula
1922 2486 1966 2533 “¹¹

321 2584 484 2659 exstantia,
501 2582 699 2664 quauirique
720 2582 925 2650 eonnectitur,
946 2580 1040 2642 talem
1059 2599 1091 2642 se
1141 2582 1338 2658 continetur,
1372 2581 1411 2643 dc
1444 2582 1579 2643 naturali
1610 2583 1784 2645 mediatore
1815 2603 1893 2664 agens

321 2693 385 2736 esse
399 2677 521 2755 probat.
1141 2674 1260 2735 Christo
1274 2674 1417 2747 Domino,
1433 2676 1566 2736 affirmat
1578 2675 1663 2737 hunc
1678 2682 1825 2745 enatura.
1841 2678 1892 2738 sira

362 2768 445 2830 idern
468 2769 502 2828 in
530 2767 610 2829 libro
637 2768 680 2828 VI
708 2767 809 2846 operis
834 2765 984 2844 ejusdam,
1003 2787 1015 2823 ι
1035 2767 1091 2827 l’er
1140 2766 1312 2827 substantia
1338 2784 1404 2828 esse
1428 2767 1600 2846 duplicem,
1629 2774 1794 2849 propterea
1822 2769 1892 2849 quod
1965 2844 1966 2847 φ

319 2859 421 2933 illum,
438 2861 492 2936 ait,
514 2861 599 2922 velut
620 2879 676 2939 par
701 2858 914 2933 mediatorem,
938 2876 996 2918 nos
1019 2877 1092 2920 cum
1140 2877 1213 2920 eum
1232 2860 1272 2919 sit
1290 2859 1441 2920 mediator
1465 2860 1519 2920 lloi
1538 2866 1569 2921 et
1588 2861 1767 2937 homiuum,
1788 2868 1892 2942 oporiet

321 2953 409 3013 Patre
433 2953 589 3032 conjungi.
616 2952 734 3031 Quippe
748 2950 887 3011 Christus
904 2956 960 3018 cst,
977 2951 1088 3029 inquit,
1141 2950 1230 3011 illum
1242 2950 1417 3012 naturalem
1426 2951 1557 3024 remiis,
1573 2953 1654 3014 inter
1668 2971 1747 3032 quos
1758 2954 1893 3015 mediator

322 3045 409 3108 veluit
432 3045 602 3106 confinium
625 3044 781 3123 quoddam
801 3060 955 3121 supremae
978 3042 1091 3102 divini·
1141 3050 1197 3118 est,
1216 3060 1337 3104 seruare
1355 3044 1571 3122 cognationem
1594 3063 1630 3106 co
1653 3045 1733 3125 ipso,
1756 3046 1836 3126 qnod
1855 3051 1891 3105 at

320 3137 411 3213 tatis,
436 3144 466 3198 et
499 3135 702 3199 humanitatis
738 3157 745 3195 :
775 3140 810 3195 ut
837 3134 891 3213 qui
919 3134 1012 3196 simul
1046 3140 1092 3195 est
1140 3141 1309 3213 utrumque
1326 3156 1333 3196 :
1350 3141 1505 3196 utravera
1523 3136 1556 3197 in
1574 3138 1686 3217 seipso,
1706 3144 1737 3198 et
1750 3156 1805 3218 per
1820 3137 1891 3217 seip-

320 3234 472 3307 utraqua,
503 3237 533 3291 et
557 3232 719 3307 tantopere
754 3227 905 3305 disjuncta
931 3227 964 3286 in
989 3227 1091 3306 seipso
1139 3245 1209 3288 sum
1223 3244 1295 3287 cum
1308 3227 1480 3289 coelestibus
1494 3234 1617 3291 terrena
1630 3230 1891 3310 coujungensms

321 3323 410 3401 qnasi
423 3321 561 3383 eontinet
578 3341 585 3381 ι
602 3340 638 3382 ac
655 3320 721 3381 Deo
732 3320 858 3399 quidem
880 3326 911 3380 et
930 3319 1023 3393 Patri,
1040 3324 1090 3378 ut·
1139 3319 1279 3381 teriolom
1294 3319 1459 3381 homiuum
1473 3327 1630 3395 naturam,
1646 3341 1717 3402 quaa
1731 3341 1770 3384 ex
1783 3326 1890 3403 peccat]

321 3421 394 3495 pote
422 3420 534 3477 natura
560 3416 652 3490 lleus,
682 3412 845 3492 copulatur
874 3432 881 3472 :
911 3410 1091 3473 homiuibus
1139 3412 1238 3474 bostis
1260 3418 1327 3475 erat
1348 3413 1596 3490 reddita,Deoct
1622 3415 1705 3477 Patri
1727 3415 1887 3487 concilians,

323 3527 394 3570 vero
408 3514 557 3588 tanquam
571 3508 842 3568 homoreveraa»
1140 3509 1303 3580 servatam,
1326 3504 1359 3565 in
1383 3505 1549 3566 amicitiam
1572 3513 1741 3587 receptam,
1761 3514 1792 3568 at
1817 3503 1889 3566 dciii·

355 3597 1089 3677 SicinlibroIIIaduersasNestort'um,utramqna
1137 3605 1249 3670 rutrum,
1269 3616 1334 3657 non
1357 3597 1515 3659 identitate
1536 3604 1669 3673 uraturae,
1683 3601 1737 3661 aad
1762 3600 1889 3660 incarna-

319 3690 495 3756 medietcrr‘s
520 3700 641 3773 φυσικὴν,
672 3697 702 3753 ot
727 3700 840 3774 σχετικὴν
868 3691 1090 3773 proprietatem
1138 3690 1231 3751 tionis
1261 3688 1412 3751 ineffabili
1446 3690 1583 3767 uirtute,
1611 3691 1725 3752 divinae
1755 3691 1889 3772 particeps
1962 3764 1963 3775 φ

356 3909 377 3948 a
387 3889 616 3947 Caats.hom.de
623 3894 689 3945 Asc.
697 3889 809 3961 Καθάπερ
816 3888 863 3962 γὰρ
871 3888 914 3941 bric
922 3893 994 3943 τινῶν
1002 3887 1088 3960 ἀψιμα-
1139 3886 1201 3953 θεὸς,
1217 3891 1254 3959 τῷ
1270 3888 1328 3959 θεῷ,
1343 3887 1385 3941 καί
1398 3888 1482 3959 πατρί’
1500 3887 1637 3960 ἀνθρώποις
1659 3888 1685 3943 δέ
1700 3890 1785 3963 πάλιν,
1804 3891 1837 3951 ὡς
1852 3905 1888 3940 κατ

319 3978 364 4052 χίᾳ
377 3975 540 4041 διαστάντων,
557 3973 639 4046 έτερός
652 3991 688 4035 τις
702 3971 726 4025 έν
738 3974 806 4045 μέσῳ
820 3973 969 4042 παρεντεθεῖς
981 3972 1034 4023 λόει
1044 3970 1087 4039 τὴν
1138 3970 1251 4040 ἀληθειαν
1265 3971 1400 4041 ἅνθρωπος.

318 4068 369 4117 τῶν
380 4058 509 4131 ἐριζόντων
521 4059 613 4130 μάχην,
621 4058 662 4110 καί
676 4058 811 4129 διχόνοιαν·
827 4055 892 4109 οὕτω
901 4056 941 4108 καί
955 4055 969 4108 ό
984 4052 1088 4125 Χριστός
1176 4051 1259 4109 did.
1284 4050 1493 4117 Ὧςίπέσταλταί
1515 4073 1551 4117 τε,
1571 4056 1613 4109 καὶ
1628 4056 1729 4127 γέγονεν
1742 4054 1887 4128 pitanen
1961 4074 1962 4091 ν

318 4143 441 4212 ίποίησεν.
466 4142 586 4214 ὠργίζετο
608 4139 668 4213 ἡμῖν
687 4140 721 4202 ὡς
741 4141 804 4202 θεὸς,
823 4138 893 4211 ἡμεῖς
914 4136 940 4190 δέ
957 4142 1001 4205 τῆς
1015 4136 1088 4190 αὑτοῦ
1138 4156 1199 4199 σιος·
1222 4137 1347 4190 τουτέστιν
1361 4138 1494 4208 ιίνόρωτιος·
1511 4137 1642 4209 όμοοιίσιος
1661 4138 1687 4192 bl
1713 4136 1888 4211 μεμενηκδνςααὶ

317 4220 514 4298 κατεφρονοῖνμεν
534 4224 618 4296 ὀργῆς,
640 4225 683 4277 τόν
706 4222 875 4295 φιλάνθρωπον
889 4223 1008 4289 δεσπότην
1027 4219 1089 4274 ἀπο·
1137 4221 1204 4293 αὐτῷ
1218 4225 1255 4292 τῷ
1273 4224 1330 4291 θεῷ,
1346 4220 1387 4274 καί
1408 4219 1499 4293 πατρὶ,
1520 4220 1579 4274 καόό
1591 4221 1632 4274 καί
1646 4224 1749 4288 νοεῖται,
1761 4224 1801 4275 καὶ
1815 4219 1842 4289 ἢν
1853 4238 1886 4280 ττ,

319 4312 488 4384 στρεφόμενοι·
499 4308 540 4360 καί
551 4307 626 4378 μέσον
636 4306 722 4360 έαυτδν
733 4304 874 4378 έμδαλώνό
891 4304 993 4378 Χριστδς
1007 4303 1090 4357 ἕκατί·
1136 4303 1177 4357 καί
1198 4301 1248 4357 ἔστι
1265 4302 1327 4373 θεὸς,
1341 4309 1395 4359 elo.
1414 4304 1521 4357 Τέδειται
1535 4302 1615 4357 δὲκαὶ
1634 4305 1735 4377 μεσίτης
1746 4306 1844 4359 συνδέων
1860 4303 1888 4355 a·
1960 4340 1961 4343 κ

319 4413 363 4467 ραν
378 4394 448 4465 φύσιν
462 4389 495 4452 είς
506 4390 589 4462 φιλίαν
603 4390 732 4461 συνήγαγε,
747 4390 788 4442 καί
802 4388 846 4456 τὴν
860 4387 927 4460 παρὰ
939 4392 983 4442 τοῦ
999 4386 1089 4459 πατρός
1138 4386 1224 4440 ἑαυτοῦ
1238 4386 1299 4459 τρδς
1308 4384 1411 4454 ίνὸτητα
1421 4386 1536 4459 σχετικὴν
1549 4388 1581 4440 τὰ
1594 4391 1646 4450 τοῖς
1660 4392 1704 4455 τῆς
1717 4388 1805 4459 φίσνως
1816 4387 1888 4458 λόγους

319 4475 470 4549 έτικειμένην
480 4473 539 4546 ἡμῖν
551 4471 624 4535 αδτδς
632 4472 753 4545 τιμωρίαν
767 4471 904 4544 ίντιέμεινεν.
1139 4469 1281 4542 ὁλοτρότως
1301 4469 1417 4537 ἀλλήλων
1437 4471 1580 4542 διῃρημένα.
1602 4471 1689 4543 γέγονα
1713 4470 1767 4543 γὰρ,
1790 4471 1839 4530 θεός
1857 4471 1887 4521 ὧν

355 4560 372 4616 b
391 4561 502 4615 Crater.
518 4557 541 4612 ΙΙ
557 4560 590 4611 itt
602 4559 688 4612 loon.
708 4555 845 4628 Σύνδεσμος
859 4549 902 4608 οὖν
918 4554 966 4626 ἄρα
978 4558 1022 4621 τῆς
1036 4552 1088 4606 ίνό-
1138 4554 1216 4624 φύσει,
1230 4553 1292 4608 κατὰ
1314 4553 1427 4623 ἀλήθειαν
1455 4554 1588 4627 ἅνθρωπος.
1612 4554 1723 4612 Videat
1746 4552 1841 4623 dialog.
1857 4554 1887 4609 dt

318 4662 391 4712 τητος
408 4641 478 4715 ἡμῶν
507 4644 551 4708 τῆς
573 4639 632 4712 πρὸς
659 4639 729 4703 θεὸν,
753 4638 794 4692 καὶ
821 4639 916 4710 πατέρα
939 4637 1088 4708 διαφαίνεται
1137 4639 1255 4693 locarat.

318 4725 434 4798 Χριστός,
451 4724 536 4779 ἑαυτοῦ
552 4723 595 4795 μὲν
609 4722 673 4795 ἡμᾶς
687 4720 828 4794 ἐξαρτήσας,
844 4722 878 4784 ὡς
891 4721 1025 4793 ἄνθρωπος,
1040 4720 1088 4794 θεῷ
1173 4736 1188 4776 e
1205 4722 1283 4778 Tam.
1303 4722 1324 4778 V
1337 4721 1478 4792 chrysost.
1491 4720 1586 4777 homil.
1597 4738 1708 4788 οανιιν,
1722 4737 1789 4778 rara.
1800 4720 1842 4777 tt.
1862 4715 1887 4770 Ὅ

318 4807 345 4862 δὲ
355 4809 389 4871 ὡς
402 4808 453 4870 daha
467 4807 608 4880 ἐνυπάρχων
623 4813 729 4878 φυσικῶς
742 4811 779 4878 τῷ
795 4804 848 4877 ἰδίῳ
861 4805 998 4876 γεννητορι.
1139 4804 1237 4875 μεσίτης
1255 4803 1296 4857 ἐὰν
1320 4803 1353 4877 pt,
1373 4803 1418 4877 ἔχη
1434 4803 1571 4876 συγγένειαν
1593 4805 1654 4876 τρδς
1675 4805 1706 4858 τὰ
1719 4804 1884 4876 manum

355 4892 466 4947 tidem
481 4890 526 4945 lib.
551 4891 594 4945 Vl.
614 4890 652 4943 Δι’
673 4889 748 4943 αὐτοῦ
768 4888 805 4953 δέ,
825 4889 859 4952 ὡς
880 4887 921 4941 διὰ
940 4888 1038 4959 μεσίτου
1052 4892 1088 4958 τῷ
1139 4886 1237 4959 μεσίτης
1257 4882 1318 4941 εἶναι
1340 4886 1369 4940 οὗ
1383 4888 1493 4941 δύναται.
1516 4885 1568 4941 ἐπεὶ
1588 4882 1631 4940 οὖν
1654 4889 1749 4960 μεσίτης
1769 4887 1831 4947 θεοῦ,
1851 4883 1885 4935 ud

319 4975 393 5046 πατρί
408 4974 588 5045 συναπτόμεθα.
604 4974 716 5045 μεθόριον
732 4971 780 5043 γὰρ
796 4973 879 5043 ὥσπερ
893 4990 917 5024 τι
935 4971 1049 5038 θεότητός
1063 4989 1088 5024 τι
1137 4969 1270 5040 όνθρώτων
1283 4969 1387 5041 Χριστός
1409 4969 1482 5043 typis
1501 4968 1576 5023 αὐτόν
1589 4972 1711 5045 δειχθῆναι
1731 4972 1830 5040 συγγενῆ
1848 4970 1885 5018 τοῖν
1958 4982 1959 5009 ν

318 5061 362 5125 τῆς
377 5056 504 5120 ἀνωτάτω,
532 5057 574 5110 καί
595 5055 779 5127 ἀνδρωτότητός
800 5053 864 5109 ἔστιν
887 5055 901 5108 ό
925 5053 1038 5126 Χριστός,
1064 5051 1087 5106 έν
1137 5046 1201 5116 deod,
1220 5052 1262 5105 καί
1282 5057 1387 5124 συγγενῆ
1407 5060 1455 5107 τῶν
1480 5052 1624 5125 ἀνθρώπων,
1639 5053 1678 5106 καί
1696 5055 1795 5123 φανῆναι
1813 5051 1883 5117 ὥσπερ
1958 5018 1959 5089 ί

318 5140 401 5212 ταύτῷ
414 5159 439 5193 τε
453 5142 488 5193 ὢν
503 5138 677 5211 τὰάμφότερα,
687 5140 728 5191 καὶ
742 5131 796 5191 οίον
811 5138 920 5209 συνέρων
930 5136 954 5190 έν
969 5136 1048 5210 έαυτῷ
1058 5136 1088 5191 τὰ
1137 5133 1191 5187 τινὰ
1204 5133 1344 5207 οἰκονομίαν
1355 5137 1431 5207 μέσην
1442 5136 1456 5189 ό
1472 5136 1512 5188 καὶ
1529 5137 1577 5207 θεῷ
1591 5136 1769 5207 συναττομίνην
1779 5132 1837 5186 κατὰ
1847 5128 1883 5195 ἢν

319 5228 437 5278 τοσοῦτον
460 5223 618 5294 διωκισμένα.
643 5218 684 5274 καί
707 5221 855 5276 συνάπτεται
881 5220 940 5293 μέν,
964 5220 1087 5292 ὡςφύσει
1138 5218 1250 5286 θεότητα,
1273 5220 1315 5272 καί
1339 5218 1474 5291 ἀνθρώποις
1495 5219 1622 5291 ἡνωμένην
1649 5217 1709 5272 κατὰ
1734 5216 1777 5285 τὴν
1805 5214 1883 5283 δικρα-

1138 5302 1243 5368 πότητοι.
1957 5300 1958 5305 ’

347 5470 358 5515 1
373 5472 435 5516 locu,
450 5479 504 5522 arn,
518 5467 553 5512 tta
567 5486 595 5502 ι-
608 5465 623 5509 2
635 5465 758 5522 ΰιτ111.111).
771 5464 807 5518 xt,
819 5465 845 5510 lo
856 5468 919 5512 Ιαακ.
933 5476 981 5521 rap.
992 5477 1031 5509 τιιι
