3956 6158
344 267 403 333 tte
853 266 1177 347 THEOICGICORUM
1197 268 1415 337 DOGMATUM

343 433 530 511 rudimenta,
567 433 789 513 benignissimo
823 434 952 495 creatori
987 439 1112 515 peceato
1162 434 1374 511 mediatorem,
1401 444 1431 498 et
1453 437 1641 500 sacerdotem
1657 443 1851 515 nostramet
1867 455 1905 515 eo,

343 527 435 609 primi
451 528 586 607 parentis
605 527 758 587 offensum
772 527 954 606 sibimetipsi
969 527 1001 586 in
1016 544 1111 586 saeerr·
1163 545 1225 606 quo
1240 526 1285 588 tas
1297 533 1353 597 est,
1370 530 1463 591 modo
1478 549 1534 611 pro
1555 530 1647 590 nobis
1664 530 1834 610 interpellet
1850 548 1906 592 exo·

342 618 445 680 lorum
472 619 534 681 fine
560 621 712 680 conciliet.
735 620 768 679 Si
796 621 878 680 solus
905 622 984 680 Deus
1005 638 1013 682 :
1037 617 1111 699 quid
1162 627 1271 699 ratque
1288 621 1420 682 Patrem.

343 718 468 774 excuset
491 712 623 779 sibimet,
645 713 728 791 quod
756 711 866 772 sufficit
886 703 1058 772 remisisse?
1078 710 1110 771 Si
1202 712 1290 773 Certe
1304 713 1451 791 Origenes
1463 713 1543 777 titro
1558 721 1665 777 octavo
1679 722 1780 777 contra
1796 714 1908 793 Celsum,

342 810 446 865 autem
458 804 542 864 solas
553 804 668 880 homo;
686 824 747 884 quo
765 804 874 865 effectu
893 804 951 864 sihi
973 803 1110 865 mortalis
1161 811 1242 864 recte
1258 805 1502 867 Christianorum
1516 806 1777 868 institutumillud
1789 808 1908 887 exponit,

341 896 528 971 reconciliat,
544 897 628 975 quod
643 897 859 957 diuinitesnon
871 895 1012 955 relaxat?
1024 896 1111 955 Unus
1162 895 1272 956 Christi
1286 898 1325 958 ad
1338 898 1461 961 Patrem
1483 901 1677 965 exorandam
1698 899 1909 979 interponendi,

341 993 386 1049 est
400 1006 473 1067 ergo
497 990 587 1058 Deus,
608 994 638 1049 et
659 989 771 1064 homo;
799 990 853 1068 qui
875 989 929 1048 sibi
955 987 1110 1048 mundum
1161 989 1263 1049 everha
1275 989 1340 1050 istis
1355 1009 1361 1049 :
1379 1012 1394 1047 u
1404 993 1522 1052 Verum
1542 1011 1642 1054 unum
1658 994 1768 1068 Deum,
1784 999 1814 1053 et
1825 1010 1910 1054 riuum

340 1080 406 1159 ipse
417 1081 631 1156 commendet;
647 1082 700 1160 qui
715 1100 771 1159 pro
787 1080 891 1141 seccrrli
903 1081 965 1140 rita
978 1079 1036 1139 sihi
1052 1080 1108 1139 Pa·
1160 1079 1254 1160 ipsius
1269 1081 1380 1158 filium,
1396 1084 1588 1157 aeVerbnm,
1600 1090 1630 1145 et
1642 1084 1910 1164 imaginemquan·

338 1172 395 1232 tris
412 1173 477 1233 filio
504 1173 653 1253 supplicet
680 1172 762 1232 tilius
789 1173 909 1232 matria.
933 1173 1019 1233 Unde
1044 1190 1108 1231 non
1160 1172 1199 1231 tis
1215 1192 1378 1252 possumus
1395 1176 1680 1256 supplicationibus,
1704 1184 1735 1238 et
1750 1177 1909 1257 postulatio

340 1264 418 1325 dixit
443 1266 619 1347 Apostolus,
635 1265 789 1325 mundum
810 1265 1011 1325 reconcilians
1031 1265 1105 1337 ltco,
1160 1264 1253 1326 nibus
1281 1268 1410 1328 colimus
1431 1268 1594 1331 offerentes
1617 1271 1832 1333 universorum
1857 1271 1907 1331 Dua

339 1358 390 1417 sed
406 1357 485 1417 sihi:
504 1376 543 1417 ne
563 1358 641 1418 forte
662 1377 718 1437 pro
739 1358 951 1437 redemptione
976 1356 1108 1417 humani
1160 1359 1350 1435 precationes
1367 1380 1422 1440 per
1442 1362 1637 1440 unigenitum
1661 1364 1759 1443 ipsias
1774 1384 1782 1424 :
1798 1363 1845 1423 cni
1854 1362 1905 1442 pri·

338 1450 458 1527 generis
472 1450 572 1509 solum
592 1450 751 1510 hominem
772 1469 873 1510 orasse
893 1450 1036 1523 sentirem
1053 1450 1107 1528 qni
1158 1467 1245 1511 mum
1266 1451 1334 1513 illas
1357 1453 1534 1527 deferimus,
1551 1460 1697 1533 rogantes
1718 1474 1801 1531 enm,
1816 1460 1847 1514 ut
1861 1455 1905 1537 qni

338 1542 445 1620 utique
460 1542 518 1601 nisi
539 1542 570 1602 in
596 1542 767 1602 diuinitatis
793 1549 937 1602 uatrrram
962 1541 1108 1601 transiret
1156 1543 1333 1623 propitiatio
1347 1552 1457 1625 estpro
1479 1547 1753 1626 peccatisnostris,
1775 1553 1903 1626 tanquam

336 1639 521 1715 assumptus,
538 1653 602 1695 non
614 1634 715 1694 solnm
733 1634 963 1694 obnoxietatem
974 1633 1106 1693 humani
1156 1635 1307 1712 Pontifex,
1323 1644 1442 1699 nostras
1455 1658 1562 1721 preces
1576 1644 1607 1700 et
1620 1639 1778 1715 sacrificia,
1789 1646 1818 1700 et
1828 1643 1902 1701 inter·

336 1727 457 1802 generis
471 1726 557 1787 trulla
571 1726 789 1786 intercessione
804 1727 993 1800 dissolveret,
1008 1726 1060 1785 sed
1074 1730 1106 1785 et
1155 1727 1336 1809 pelletiones
1350 1732 1457 1792 atterat
1475 1750 1621 1813 supremo
1635 1732 1778 1793 omnium
1791 1734 1898 1795 neom

336 1819 399 1898 ipse
413 1820 587 1880 commanis
599 1820 693 1879 debiti
706 1820 858 1880 sarcinam
873 1818 1024 1898 parentali
1038 1817 1101 1878 chi·
1195 1821 1274 1881 Nam
1291 1824 1372 1901 quod
1400 1824 1517 1899 itidem,
1539 1830 1574 1885 ut
1594 1826 1628 1885 in
1648 1825 1759 1885 sanetis
1778 1824 1900 1899 femmas,

335 1911 702 1991 rographosnstineret.n
1155 1931 1217 1973 non
1232 1913 1275 1973 sie
1289 1914 1457 1993 loquimur,
1485 1914 1605 1977 Christe
1628 1915 1696 1978 riti·
1715 1916 1837 1977 Deiera
1855 1934 1900 1996 prr

375 2005 456 2065 XVI.
479 2005 593 2064 Eodem
608 2004 754 2082 pertinet,
774 2003 856 2082 quod
874 2002 1055 2063 Ambrosius
1070 2003 1102 2062 in
1154 2003 1255 2082 noluis;
1271 2005 1302 2066 id
1317 2025 1353 2066 eo
1363 2007 1409 2080 fit,
1425 2028 1465 2071 ue
1480 2007 1512 2069 in
1527 2014 1704 2085 sanctornm
1719 2009 1840 2073 etiamn
1859 2026 1899 2068 or·

334 2098 477 2175 perbrevi
491 2102 622 2157 traetatn
636 2094 672 2156 de
691 2095 811 2156 Psalmo
826 2113 880 2155 arx
901 2096 1006 2155 scribit
1023 2115 1030 2156 :
1047 2095 1101 2155 nbi
1153 2095 1258 2158 dinem
1272 2099 1427 2161 Christum
1446 2101 1633 2183 redigemus,
1652 2101 1803 2179 ambigue
1817 2101 1900 2162 notio

333 2206 457 2251 eausam
464 2188 604 2267 inquirit,
620 2206 675 2248 our
689 2207 706 2246 n
725 2185 929 2247 Daaidsedens
947 2186 1103 2269 propheta·
1152 2189 1202 2249 nis
1213 2196 1245 2251 et
1257 2193 1585 2272 potestatisutrobique
1596 2199 1745 2275 rrsarpato
1756 2192 1896 2261 semino.

332 2278 409 2339 tur¹.
418 2280 594 2359 Stephanus
604 2285 709 2340 antem
724 2298 797 2340 eum
806 2280 1006 2359 lapideretur,
1017 2285 1100 2339 stan·

332 2376 395 2432 tem
420 2372 510 2433 illum
534 2369 569 2433 se'
594 2371 705 2432 vidisse
721 2377 850 2432 testatus
870 2377 926 2445 est,
955 2372 1039 2451 qnod
1059 2372 1101 2432 sie

330 2464 471 2543 explicat.
480 2487 491 2522 ι
501 2466 683 2525 Haerentem
691 2463 992 2543 propter·oa,inquit'‚
1004 2481 1100 2524 assu-

330 2556 389 2617 otis
403 2556 477 2616 viris
490 2556 572 2617 diota
595 2556 729 2616 arbitror
741 2575 805 2616 esse
824 2556 861 2616 de
879 2556 1020 2631 Domino,
1036 2575 1100 2616 non
1386 2583 1566 2665 CAPUT
1607 2586 1666 2666 lx

329 2666 391 2729 quo
410 2649 473 2710 sint
497 2648 652 2710 contraria
679 2648 749 2722 sihi,
774 2649 828 2709 secl
851 2658 886 2708 ut
912 2649 1005 2708 modo
1033 2649 1100 2727 ejus
1672 2647 1680 2665 ‘

328 2742 476 2820 potentia,
489 2742 580 2802 modo
591 2741 1008 2801 misericordiadescribatnr.
1020 2741 1099 2800 Nam

327 2833 435 2912 utique
449 2853 506 2912 pro
516 2840 666 2913 potestate
678 2834 759 2909 regis
781 2834 886 2894 sedere
901 2833 1024 2909 dicitnr,
1040 2851 1097 2911 pro

327 2921 464 2983 bonitate
492 2921 701 2983 intercessoris
725 2927 805 2982 stare
829 2923 1017 3000 suggeritur.
1045 2922 1097 2980 Ait
1149 2916 1191 2978 De
1205 2918 1310 2979 merito
1326 2918 1442 2981 Christi
1456 2919 1639 3001 mediatoris,
1655 2930 1682 2984 et
1704 2921 1889 3003 satisfactione.

326 3014 411 3074 enim
424 3017 458 3075 B.
475 3016 639 3095 Apostolus
656 3034 662 3074 :
679 3015 752 3096 qnia
774 3013 946 3075 aduocatam
960 3012 1096 3076 habemus
1188 3015 1216 3071 t.
1244 3010 1323 3087 Ouid
1344 3018 1482 3074 meritum
1502 3034 1521 3074 a
1540 3014 1740 3095 satisfactione
1761 3012 1891 3089 distutrt
1959 3044 1960 3063 ι

326 3106 408 3187 apud
429 3107 552 3167 Patrem
575 3107 673 3168 Jesum
703 3105 866 3167 Christum.
895 3107 996 3167 iudex
1021 3124 1094 3184 ergo
1186 3104 1262 3182 qaid
1285 3103 1367 3165 illud
1385 3106 1530 3187 requirat.
1558 3106 1709 3170 Christum
1733 3126 1827 3170 reuera
1845 3124 1890 3167 me
1958 3156 1959 3171 ι

325 3198 465 3260 Christus
479 3217 550 3260 oum
564 3199 695 3273 residet;
711 3199 877 3259 advocatus
891 3205 946 3271 est,
964 3217 1035 3258 eum
1050 3217 1096 3259 as·
1184 3195 1284 3256 rus'sse.
1302 3199 1331 3257 2.
1344 3197 1469 3259 Paetum
1484 3218 1549 3260 cum
1561 3197 1792 3261 Christoiaitum
1806 3198 1888 3261 aaa.
1957 3250 1958 3279 ,

324 3293 434 3371 surgit.
450 3293 552 3353 Jndex
560 3291 651 3372 plane
665 3291 683 3351 J
686 3291 804 3365 udaeis;
820 3292 986 3351 advocatus
1002 3292 1094 3352 Chri·
1185 3291 1214 3349 3.
1233 3289 1345 3351 Merita
1355 3288 1447 3371 ipsias
1461 3290 1582 3371 infinita
1596 3292 1698 3372 faisse,
1714 3300 1742 3354 et
1754 3290 1890 3375 offensabat
1956 3354 1957 3387 ,

324 3382 439 3443 stianis.
457 3384 537 3444 Hine
557 3382 639 3443 enim
659 3388 743 3442 stans
756 3382 839 3461 apud
854 3384 988 3458 Patrem,
1005 3381 1092 3443 Chri·
1184 3380 1245 3455 tas,
1271 3401 1325 3462 pro
1351 3381 1459 3462 quitus
1482 3384 1635 3463 satisfecit,
1665 3384 1757 3449 mrulto
1783 3388 1887 3466 majora,

324 3475 496 3536 stianornm
510 3476 581 3536 licet
592 3475 788 3556 peccantium
798 3481 1019 3535 cansasexorat
1032 3495 1038 3535 :
1050 3475 1094 3537 ibi
1178 3472 1351 3555 probatura
1370 3473 1547 3555 Smipturis,
1565 3484 1593 3537 et
1613 3476 1764 3539 Patribus.
1787 3479 1814 3541 a.
1830 3476 1887 3536 Tun

323 3568 459 3629 residens
482 3586 554 3628 enm
581 3569 692 3641 Patre,
726 3567 953 3627 Pharisaeorum
982 3567 1092 3631 subse·
1182 3565 1488 3646 arpnrrsentationibus
1529 3587 1567 3628 en
1603 3566 1803 3631 denmmtratis
1832 3568 1886 3647 jan
1954 3562 1955 3567 ’

324 3660 487 3739 quantiam
500 3666 625 3739 peraeta
638 3659 835 3720 condemnat.
850 3659 913 3719 illis
927 3659 1093 3737 indignans
1180 3658 1341 3739 principiis
1358 3657 1497 3723 deductis.
1509 3662 1539 3721 7.
1553 3659 1626 3722 Item
1643 3680 1682 3723 ea
1695 3660 1886 3743 comparatione
1953 3646 1954 3661 ¹

323 3753 520 3813 vehementer
534 3752 710 3825 ulciscitur3
726 3751 774 3811 his
798 3750 1007 3811 interveniens
1016 3751 1092 3811 leni·
1180 3747 1389 3829 redemptionis
1411 3770 1477 3817 aaut
1499 3756 1646 3815 creatione
1664 3774 1671 3813 :
1687 3771 1747 3833 qua
1760 3753 1846 3833 major
1865 3758 1886 3812 et

320 3849 369 3905 ter
382 3844 555 3905 miseretur.
573 3844 630 3904 liic
641 3849 712 3919 stat,
725 3848 761 3903 nt
783 3844 928 3923 suscipiat
942 3843 1090 3922 Stephani
1176 3842 1325 3923 potentior
1340 3842 1393 3903 iila
1406 3850 1597 3907 rruonstratur.

320 3938 465 4016 martyris
479 3936 640 4016 spiritum;
655 3936 699 3995 ibi
718 3936 841 4006 residet,
858 3941 892 3995 ut
905 3936 1091 3998 condemnet

318 4031 335 4090 J
341 4030 408 4090 udae
423 4029 588 4110 proditoris
602 4028 782 4089 admissum.
795 4049 809 4083 o
825 4028 903 4087 Nem
916 4046 972 4107 pro
984 4028 1089 4089 direr—
1179 4026 1205 4086 1.
1227 4025 1402 4087 Mediatoris
1415 4027 1496 4088 hanc
1510 4028 1692 4107 primariam
1709 4027 1815 4090 Christi
1826 4026 1882 4087 lun·

318 4122 359 4182 sis
373 4122 502 4198 naturis,
525 4121 656 4197 diversa,
672 4127 703 4181 et
724 4120 839 4198 alioqui
864 4120 1028 4193 contraria,
1050 4120 1088 4182 de
1138 4119 1272 4179 ctionem
1282 4118 1353 4197 jure
1376 4137 1484 4179 omnes
1507 4126 1686 4193 numerant,
1704 4121 1755 4183 Dei
1773 4119 1882 4200 gratian

317 4215 428 4275 eodem
443 4214 563 4274 Christo
576 4212 737 4291 praedicari
751 4213 861 4279 solent,
873 4219 908 4271 ut
921 4211 995 4271 slihi
1011 4211 1087 4273 dixi.
1138 4211 1646 4275 acreconailiationemhominihus
1657 4214 1776 4285 mereri,
1784 4228 1882 4293 proque

358 4307 463 4368 Unum
491 4307 550 4367 hoe
577 4310 672 4365 restat
692 4305 821 4365 allatum
844 4304 876 4363 in
894 4304 1031 4364 medinm
1049 4306 1088 4365 ab
1136 4303 1261 4364 illorum
1276 4302 1399 4363 offensis
1412 4303 1491 4367 irato
1514 4305 1596 4364 Patri
1619 4306 1765 4369 merendo
1784 4302 1881 4365 aam-

318 4399 470 4483 Rupert03
488 4416 544 4460 nos
568 4417 633 4458 non
659 4415 748 4457 orare
776 4397 943 4468 Christum,
969 4403 1004 4457 ut
1031 4416 1087 4476 pro
1137 4414 1216 4457 sere.
1240 4395 1384 4472 Quoniam
1406 4397 1527 4476 quidem
1551 4396 1629 4457 Deris
1641 4406 1705 4458 erat
1726 4399 1757 4457 in
1783 4395 1881 4460 Christo

316 4491 405 4552 nobis
419 4494 541 4552 Patrem
555 4493 708 4569 preeetnr.
725 4490 843 4549 Verum
858 4489 883 4548 si
902 4488 1019 4549 seruilis
1033 4488 1086 4549 illa
1137 4486 1278 4549 ruendum
1299 4486 1495 4549 reconcilians
1521 4488 1590 4557 sitn',
1606 4509 1664 4550 non
1691 4497 1821 4570 reputans
1833 4484 1880 4547 tta

315 4584 464 4662 precandi
474 4583 553 4642 ratio
567 4587 755 4659 segregetur,
769 4599 832 4659 qna
857 4581 1084 4656 sanetiomnes,
1136 4580 1246 4641 delicta
1267 4579 1410 4658 ipsorum,
1437 4586 1473 4639 ut
1491 4580 1536 4640 ait
1558 4578 1743 4659 Apostolns⁸
1759 4597 1827 4659 :per
1842 4595 1878 4636 rs

315 4675 424 4753 angeli
432 4674 637 4752 hominesque
658 4677 833 4747 censentur,
851 4671 890 4731 de
908 4690 970 4750 qua
992 4671 1085 4750 paulo
1137 4672 1344 4752 demptionem,
1356 4690 1423 4752 qua
1446 4672 1538 4732 estin
1562 4670 1682 4735 Christo
1706 4672 1782 4734 lesu.
1804 4669 1877 4744 Oura

313 4772 386 4828 ante
409 4766 549 4840 memini,
567 4765 656 4836 nihil,
682 4765 809 4844 opinor,
831 4763 986 4842 prohibet,
1009 4763 1085 4842 quin
1130 4764 1288 4844 proposuit
1306 4762 1381 4824 Deus
1406 4763 1656 4846 propitiationem
1678 4784 1731 4847 per
1754 4759 1876 4847 fidenis

312 4859 465 4920 Christum
498 4858 659 4918 hominem
686 4857 855 4935 allegemus
889 4856 929 4915 ad
958 4856 1084 4915 Patrem
1133 4856 1278 4935 sanguine
1293 4854 1416 4936 iarius&
1434 4857 1525 4916 Hune
1548 4857 1768 4931 satisfactionis,
1782 4861 1877 4935 cupre

348 5043 500 5097 aOrrrsnn.
523 5038 570 5095 tib.
599 5038 658 5096 i'ltl
684 5043 759 5093 cont·
787 5036 856 5094 Cels.
882 5034 958 5088 ’mit
979 5035 1019 5088 rhu
1040 5035 1082 5087 tua
1133 5028 1215 5105 γενοῦς
1232 5034 1315 5089 αὑτοῦ·
1332 5029 1468 5108 ᾧπρῶτον
1489 5034 1751 5109 apooptpopsuaitlu,
1775 5031 1874 5094 litabat

310 5125 374 5188 θεὸν,
389 5126 430 5177 καὶ
445 5124 486 5178 aba
496 5122 599 5176 iuuetis
615 5120 699 5185 airon,
715 5122 755 5174 uui
769 5121 854 5191 λόγον,
871 5118 1082 5182 salamanassar
1133 5117 1204 5171 αὐτὸν
1218 5117 1323 5190 ἱλασμὸν
1339 5117 1399 5171 ὄντα
1417 5118 1471 5188 περὶ
1486 5124 1536 5170 τῶν
1552 5116 1677 5191 ἁμαρτιῶν
1689 5117 1756 5189 ἡμῶν
1769 5132 1872 5188 aarum·

310 5206 372 5260 uaris
392 5207 422 5261 :b
436 5206 538 5259 δυνατὸν
560 5205 617 5277 ἡμῖν
640 5205 750 5268 ἱκεσίαις,
774 5204 815 5256 καὶ
836 5201 948 5264 dimissam
968 5203 1079 5273 σέὸομεν,
1131 5204 1182 5271 priv
1195 5201 1227 5263 ὡς
1241 5200 1366 5274 ἀρχιερέα,
1381 5202 1421 5253 καὶ
1443 5198 1530 5273 εὐχὰς,
1551 5202 1593 5254 καὶ
1614 5200 1656 5265 τὰ(
1676 5201 1767 5266 Mae,
1786 5200 1821 5253 sul
1838 5194 1871 5253 uit

310 5291 476 5362 προσάγοντες
489 5295 526 5360 τῷ
539 5290 586 5361 θεῷ
600 5295 650 5342 τῶν
665 5289 730 5340 ὅλων
747 5286 790 5348 τὰς
805 5285 878 5358 εὐχὰς
892 5283 933 5338 διὰ
944 5289 987 5338 τοῦ
1003 5304 1080 5357 poso·
1131 5282 1244 5346 ἐντεύξεις
1258 5285 1329 5357 ἡμῶν
1343 5289 1392 5339 τῶν
1409 5282 1447 5338 ἐπὶ
1461 5284 1559 5338 πάντων
1574 5284 1631 5357 θεῷ.

337 5448 348 5491 1
361 5446 444 5495 Prutm.
456 5457 497 5493 err.
510 5444 834 5492 metamaucensium.
849 5444 890 5491 -t
900 5442 920 5490 lt
930 5444 979 5491 cor.
994 5454 1014 5488 ι.
1028 5441 1062 5489 tu.
1072 5442 1125 5488 -t
1138 5443 1192 5489 mm
1204 5452 1246 5495 uu,
1259 5440 1294 5487 tt.
