<?xml version="1.0" encoding="UTF-8"?>
<!DOCTYPE html PUBLIC "-//W3C//DTD XHTML 1.0 Transitional//EN"
    "http://www.w3.org/TR/xhtml1/DTD/xhtml1-transitional.dtd">
<html xmlns="http://www.w3.org/1999/xhtml" xml:lang="en" lang="en">
 <head>
  <title>
</title>
<meta http-equiv="Content-Type" content="text/html;charset=utf-8" />
  <meta name='ocr-system' content='tesseract 3.04.00' />
  <meta name='ocr-capabilities' content='ocr_page ocr_carea ocr_par ocr_line ocrx_word'/>
</head>
<body>
  <div class='ocr_page' id='page_1' title='image "./dogmatatheologi00zaccgoog_0100.png"; bbox 0 0 4104 6160; ppageno 0'>
   <div class='ocr_carea' id='block_1_1' title="bbox 424 316 1691 401">
    <p class='ocr_par' dir='ltr' id='par_1_1' title="bbox 424 316 1691 401">
     <span class='ocr_line' id='line_1_1' title="bbox 424 316 1691 401; baseline 0.002 -23"><span class='ocrx_word' id='word_1_1' title='bbox 424 396 425 401; x_wconf 8' lang='grc' dir='ltr'>γ</span> <span class='ocrx_word' id='word_1_2' title='bbox 529 317 580 378; x_wconf 87' lang='lat' dir='ltr'>DE</span> <span class='ocrx_word' id='word_1_3' title='bbox 599 317 910 396; x_wconf 84' lang='lat' dir='ltr'>INGARNATIONE,</span> <span class='ocrx_word' id='word_1_4' title='bbox 932 317 1007 378; x_wconf 90' lang='lat' dir='ltr'><strong>LIB.</strong></span> <span class='ocrx_word' id='word_1_5' title='bbox 1029 318 1081 394; x_wconf 90' lang='lat' dir='ltr'>VI,</span> <span class='ocrx_word' id='word_1_6' title='bbox 1104 316 1192 379; x_wconf 83' lang='lat' dir='ltr'>CAP.</span> <span class='ocrx_word' id='word_1_7' title='bbox 1214 318 1294 379; x_wconf 85' lang='lat' dir='ltr'>xtV.</span> <span class='ocrx_word' id='word_1_8' title='bbox 1655 323 1691 381; x_wconf 78' lang='lat' dir='ltr'>st</span> 
     </span>
    </p>
   </div>
   <div class='ocr_carea' id='block_1_2' title="bbox 107 482 1709 3875">
    <p class='ocr_par' dir='ltr' id='par_1_2' title="bbox 107 482 1709 3875">
     <span class='ocr_line' id='line_1_2' title="bbox 108 482 1695 565; baseline -0.001 -19"><span class='ocrx_word' id='word_1_9' title='bbox 108 484 201 565; x_wconf 80' lang='lat' dir='ltr'>puni3</span> <span class='ocrx_word' id='word_1_10' title='bbox 223 484 278 546; x_wconf 84' lang='lat' dir='ltr'>sed</span> <span class='ocrx_word' id='word_1_11' title='bbox 292 483 400 546; x_wconf 88' lang='lat' dir='ltr'>ambas</span> <span class='ocrx_word' id='word_1_12' title='bbox 413 485 493 544; x_wconf 91' lang='lat' dir='ltr'>inter</span> <span class='ocrx_word' id='word_1_13' title='bbox 505 500 538 544; x_wconf 87' lang='lat' dir='ltr'>sc</span> <span class='ocrx_word' id='word_1_14' title='bbox 551 487 700 563; x_wconf 87' lang='lat' dir='ltr'>pereunte</span> <span class='ocrx_word' id='word_1_15' title='bbox 717 482 874 552; x_wconf 88' lang='lat' dir='ltr'>alterutra,</span> <span class='ocrx_word' id='word_1_16' title='bbox 929 501 992 545; x_wconf 90' lang='lat' dir='ltr'>una</span> <span class='ocrx_word' id='word_1_17' title='bbox 1001 484 1242 563; x_wconf 84' lang='lat' dir='ltr'>quaedamtertia</span> <span class='ocrx_word' id='word_1_18' title='bbox 1256 484 1467 563; x_wconf 80' lang='lat' dir='ltr'><strong>componitur,</strong></span> <span class='ocrx_word' id='word_1_19' title='bbox 1479 502 1580 562; x_wconf 86' lang='lat' dir='ltr'>neque</span> <span class='ocrx_word' id='word_1_20' title='bbox 1594 490 1695 564; x_wconf 87' lang='lat' dir='ltr'>parles</span> 
     </span>
     <span class='ocr_line' id='line_1_3' title="bbox 108 575 1696 656; baseline -0.001 -18"><span class='ocrx_word' id='word_1_21' title='bbox 108 578 160 639; x_wconf 81' lang='lat' dir='ltr'>rel</span> <span class='ocrx_word' id='word_1_22' title='bbox 167 582 281 638; x_wconf 89' lang='lat' dir='ltr'>neutra</span> <span class='ocrx_word' id='word_1_23' title='bbox 289 582 482 652; x_wconf 81' lang='lat' dir='ltr'>remanente,</span> <span class='ocrx_word' id='word_1_24' title='bbox 494 575 593 636; x_wconf 89' lang='lat' dir='ltr'>sedin</span> <span class='ocrx_word' id='word_1_25' title='bbox 606 576 730 636; x_wconf 80' lang='lat' dir='ltr'>tertiam</span> <span class='ocrx_word' id='word_1_26' title='bbox 742 575 879 654; x_wconf 84' lang='lat' dir='ltr'>aliquam</span> <span class='ocrx_word' id='word_1_27' title='bbox 927 576 1009 637; x_wconf 86' lang='lat' dir='ltr'>inter</span> <span class='ocrx_word' id='word_1_28' title='bbox 1018 594 1050 637; x_wconf 90' lang='lat' dir='ltr'>se</span> <span class='ocrx_word' id='word_1_29' title='bbox 1062 576 1188 656; x_wconf 89' lang='lat' dir='ltr'>propria</span> <span class='ocrx_word' id='word_1_30' title='bbox 1196 578 1325 637; x_wconf 89' lang='lat' dir='ltr'>nomina</span> <span class='ocrx_word' id='word_1_31' title='bbox 1334 576 1564 637; x_wconf 84' lang='lat' dir='ltr'>communicant</span> <span class='ocrx_word' id='word_1_32' title='bbox 1575 597 1583 652; x_wconf 90' lang='lat'>;</span> <span class='ocrx_word' id='word_1_33' title='bbox 1594 595 1696 655; x_wconf 88' lang='lat' dir='ltr'>neque</span> 
     </span>
     <span class='ocr_line' id='line_1_4' title="bbox 108 666 1695 749; baseline -0.001 -19"><span class='ocrx_word' id='word_1_34' title='bbox 108 668 329 749; x_wconf 79' lang='lat' dir='ltr'>degenerante,</span> <span class='ocrx_word' id='word_1_35' title='bbox 356 667 492 743; x_wconf 76' lang='lat' dir='ltr'>misceri,</span> <span class='ocrx_word' id='word_1_36' title='bbox 518 672 610 746; x_wconf 90' lang='lat' dir='ltr'>atque</span> <span class='ocrx_word' id='word_1_37' title='bbox 630 666 790 729; x_wconf 85' lang='lat' dir='ltr'>conlundi.</span> <span class='ocrx_word' id='word_1_38' title='bbox 817 666 879 728; x_wconf 85' lang='lat' dir='ltr'>Sed</span> <span class='ocrx_word' id='word_1_39' title='bbox 928 672 1030 729; x_wconf 90' lang='lat' dir='ltr'>totum</span> <span class='ocrx_word' id='word_1_40' title='bbox 1054 668 1296 747; x_wconf 80' lang='lat' dir='ltr'>appellationem</span> <span class='ocrx_word' id='word_1_41' title='bbox 1314 669 1397 747; x_wconf 89' lang='lat' dir='ltr'>capit</span> <span class='ocrx_word' id='word_1_42' title='bbox 1409 666 1603 746; x_wconf 89' lang='lat' dir='ltr'>singularum</span> <span class='ocrx_word' id='word_1_43' title='bbox 1620 687 1695 747; x_wconf 90' lang='lat' dir='ltr'>par·</span> 
     </span>
     <span class='ocr_line' id='line_1_5' title="bbox 109 758 1697 841; baseline -0.001 -18"><span class='ocrx_word' id='word_1_44' title='bbox 109 760 175 823; x_wconf 78' lang='lat' dir='ltr'>baso</span> <span class='ocrx_word' id='word_1_45' title='bbox 188 780 259 839; x_wconf 91' lang='lat' dir='ltr'>suo,</span> <span class='ocrx_word' id='word_1_46' title='bbox 270 759 317 823; x_wconf 86' lang='lat' dir='ltr'>uti</span> <span class='ocrx_word' id='word_1_47' title='bbox 330 759 408 837; x_wconf 80' lang='lat' dir='ltr'>uixi,</span> <span class='ocrx_word' id='word_1_48' title='bbox 423 759 490 822; x_wconf 92' lang='lat' dir='ltr'>loco</span> <span class='ocrx_word' id='word_1_49' title='bbox 502 759 689 821; x_wconf 86' lang='lat' dir='ltr'>reservanda</span> <span class='ocrx_word' id='word_1_50' title='bbox 703 764 785 821; x_wconf 88' lang='lat' dir='ltr'>sunt.</span> <span class='ocrx_word' id='word_1_51' title='bbox 927 760 1019 821; x_wconf 91' lang='lat' dir='ltr'>tium.</span> <span class='ocrx_word' id='word_1_52' title='bbox 1044 760 1113 821; x_wconf 91' lang='lat' dir='ltr'>Non</span> <span class='ocrx_word' id='word_1_53' title='bbox 1141 761 1226 823; x_wconf 92' lang='lat' dir='ltr'>enim</span> <span class='ocrx_word' id='word_1_54' title='bbox 1246 761 1352 823; x_wconf 88' lang='lat' dir='ltr'>anima</span> <span class='ocrx_word' id='word_1_55' title='bbox 1366 758 1505 840; x_wconf 80' lang='lat' dir='ltr'>corpus¹,</span> <span class='ocrx_word' id='word_1_56' title='bbox 1522 760 1572 822; x_wconf 89' lang='lat' dir='ltr'>vel</span> <span class='ocrx_word' id='word_1_57' title='bbox 1585 779 1697 841; x_wconf 87' lang='lat' dir='ltr'>corpus</span> 
     </span>
     <span class='ocr_line' id='line_1_6' title="bbox 148 849 1698 933; baseline 0.002 -22"><span class='ocrx_word' id='word_1_58' title='bbox 148 853 199 914; x_wconf 89' lang='lat' dir='ltr'>Vl.</span> <span class='ocrx_word' id='word_1_59' title='bbox 221 852 369 915; x_wconf 89' lang='lat' dir='ltr'>Nuncad</span> <span class='ocrx_word' id='word_1_60' title='bbox 381 851 598 933; x_wconf 88' lang='lat' dir='ltr'>purgandum,</span> <span class='ocrx_word' id='word_1_61' title='bbox 615 857 647 913; x_wconf 89' lang='lat' dir='ltr'>et</span> <span class='ocrx_word' id='word_1_62' title='bbox 666 851 705 912; x_wconf 91' lang='lat' dir='ltr'>ab</span> <span class='ocrx_word' id='word_1_63' title='bbox 722 849 880 930; x_wconf 85' lang='lat' dir='ltr'>Anonymi</span> <span class='ocrx_word' id='word_1_64' title='bbox 927 852 1034 913; x_wconf 88' lang='lat' dir='ltr'>anima</span> <span class='ocrx_word' id='word_1_65' title='bbox 1058 850 1185 914; x_wconf 91' lang='lat' dir='ltr'>dicitur:</span> <span class='ocrx_word' id='word_1_66' title='bbox 1215 872 1272 915; x_wconf 90' lang='lat' dir='ltr'>nec</span> <span class='ocrx_word' id='word_1_67' title='bbox 1300 854 1394 915; x_wconf 88' lang='lat' dir='ltr'>homo</span> <span class='ocrx_word' id='word_1_68' title='bbox 1418 851 1543 932; x_wconf 87' lang='lat' dir='ltr'>proprie</span> <span class='ocrx_word' id='word_1_69' title='bbox 1569 858 1698 914; x_wconf 82' lang='lat' dir='ltr'>vocatur</span> 
     </span>
     <span class='ocr_line' id='line_1_7' title="bbox 107 941 1242 1023; baseline 0.001 -17"><span class='ocrx_word' id='word_1_70' title='bbox 107 944 267 1007; x_wconf 82' lang='lat' dir='ltr'>calumnia</span> <span class='ocrx_word' id='word_1_71' title='bbox 284 943 483 1005; x_wconf 85' lang='lat' dir='ltr'>liberandum</span> <span class='ocrx_word' id='word_1_72' title='bbox 504 943 708 1005; x_wconf 76' lang='lat' dir='ltr'>Athanasium</span> <span class='ocrx_word' id='word_1_73' title='bbox 728 941 881 1002; x_wconf 86' lang='lat' dir='ltr'>nonnulla</span> <span class='ocrx_word' id='word_1_74' title='bbox 928 962 1051 1023; x_wconf 91' lang='lat' dir='ltr'>corpus,</span> <span class='ocrx_word' id='word_1_75' title='bbox 1067 945 1242 1007; x_wconf 82' lang='lat' dir='ltr'>relanima.</span> 
     </span>
     <span class='ocr_line' id='line_1_8' title="bbox 107 1035 1699 1119; baseline 0.001 -20"><span class='ocrx_word' id='word_1_76' title='bbox 107 1055 145 1099; x_wconf 82' lang='lat' dir='ltr'>ex</span> <span class='ocrx_word' id='word_1_77' title='bbox 157 1056 196 1099; x_wconf 89' lang='lat' dir='ltr'>eo</span> <span class='ocrx_word' id='word_1_78' title='bbox 211 1036 392 1098; x_wconf 66' lang='grc' dir='ltr'>ῐεεθωοωίο</span> <span class='ocrx_word' id='word_1_79' title='bbox 404 1035 577 1116; x_wconf 82' lang='lat' dir='ltr'>proteram,</span> <span class='ocrx_word' id='word_1_80' title='bbox 594 1036 707 1114; x_wconf 89' lang='lat' dir='ltr'>quibus</span> <span class='ocrx_word' id='word_1_81' title='bbox 721 1039 878 1114; x_wconf 88' lang='lat' dir='ltr'>appareat,</span> <span class='ocrx_word' id='word_1_82' title='bbox 969 1036 1086 1098; x_wconf 86' lang='lat' dir='ltr'>Deinde</span> <span class='ocrx_word' id='word_1_83' title='bbox 1103 1035 1256 1099; x_wconf 72' lang='lat' dir='ltr'>Christum</span> <span class='ocrx_word' id='word_1_84' title='bbox 1270 1036 1343 1099; x_wconf 89' lang='lat' dir='ltr'>alibi</span> <span class='ocrx_word' id='word_1_85' title='bbox 1357 1037 1432 1099; x_wconf 84' lang='lat' dir='ltr'>dicit</span> <span class='ocrx_word' id='word_1_86' title='bbox 1444 1047 1602 1119; x_wconf 78' lang='lat' dir='ltr'>utrumque</span> <span class='ocrx_word' id='word_1_87' title='bbox 1613 1039 1699 1100; x_wconf 81' lang='lat' dir='ltr'>iutel-</span> 
     </span>
     <span class='ocr_line' id='line_1_9' title="bbox 108 1126 1698 1209; baseline 0.001 -18"><span class='ocrx_word' id='word_1_88' title='bbox 108 1129 269 1191; x_wconf 59' lang='lat' dir='ltr'>Obrimum</span> <span class='ocrx_word' id='word_1_89' title='bbox 274 1146 383 1190; x_wconf 76' lang='lat' dir='ltr'>revera</span> <span class='ocrx_word' id='word_1_90' title='bbox 394 1128 558 1190; x_wconf 87' lang='lat' dir='ltr'>exdnabus</span> <span class='ocrx_word' id='word_1_91' title='bbox 563 1132 756 1189; x_wconf 89' lang='lat' dir='ltr'>constantem</span> <span class='ocrx_word' id='word_1_92' title='bbox 762 1126 881 1187; x_wconf 88' lang='lat' dir='ltr'>naturis</span> <span class='ocrx_word' id='word_1_93' title='bbox 931 1127 997 1209; x_wconf 66' lang='lat' dir='ltr'>ttqt,</span> <span class='ocrx_word' id='word_1_94' title='bbox 1011 1131 1111 1190; x_wconf 84' lang='lat' dir='ltr'>lleum</span> <span class='ocrx_word' id='word_1_95' title='bbox 1124 1129 1275 1207; x_wconf 86' lang='lat' dir='ltr'>videlicet,</span> <span class='ocrx_word' id='word_1_96' title='bbox 1285 1137 1316 1191; x_wconf 86' lang='lat' dir='ltr'>et</span> <span class='ocrx_word' id='word_1_97' title='bbox 1325 1130 1498 1192; x_wconf 87' lang='lat' dir='ltr'>homiuem:</span> <span class='ocrx_word' id='word_1_98' title='bbox 1510 1150 1545 1191; x_wconf 91' lang='lat' dir='ltr'>ao</span> <span class='ocrx_word' id='word_1_99' title='bbox 1557 1131 1698 1192; x_wconf 85' lang='lat' dir='ltr'>Verbum</span> 
     </span>
     <span class='ocr_line' id='line_1_10' title="bbox 107 1218 1698 1301; baseline -0.001 -17"><span class='ocrx_word' id='word_1_100' title='bbox 107 1223 156 1301; x_wconf 89' lang='lat' dir='ltr'>pie</span> <span class='ocrx_word' id='word_1_101' title='bbox 169 1241 207 1283; x_wconf 90' lang='lat' dir='ltr'>ac</span> <span class='ocrx_word' id='word_1_102' title='bbox 219 1220 371 1283; x_wconf 86' lang='lat' dir='ltr'>catholice</span> <span class='ocrx_word' id='word_1_103' title='bbox 385 1220 475 1282; x_wconf 91' lang='lat' dir='ltr'>illum</span> <span class='ocrx_word' id='word_1_104' title='bbox 489 1237 667 1297; x_wconf 76' lang='lat' dir='ltr'>agnoscere,</span> <span class='ocrx_word' id='word_1_105' title='bbox 686 1238 743 1281; x_wconf 91' lang='lat' dir='ltr'>nec</span> <span class='ocrx_word' id='word_1_106' title='bbox 755 1218 881 1280; x_wconf 88' lang='lat' dir='ltr'>affinem</span> <span class='ocrx_word' id='word_1_107' title='bbox 930 1221 1016 1281; x_wconf 88' lang='lat' dir='ltr'>carni</span> <span class='ocrx_word' id='word_1_108' title='bbox 1029 1239 1094 1282; x_wconf 89' lang='lat' dir='ltr'>csse</span> <span class='ocrx_word' id='word_1_109' title='bbox 1109 1221 1306 1301; x_wconf 90' lang='lat' dir='ltr'>copulatum:</span> <span class='ocrx_word' id='word_1_110' title='bbox 1323 1241 1435 1301; x_wconf 88' lang='lat' dir='ltr'>neque,</span> <span class='ocrx_word' id='word_1_111' title='bbox 1456 1228 1492 1283; x_wconf 88' lang='lat' dir='ltr'>ut</span> <span class='ocrx_word' id='word_1_112' title='bbox 1506 1222 1698 1284; x_wconf 88' lang='lat' dir='ltr'>Samosateni</span> 
     </span>
     <span class='ocr_line' id='line_1_11' title="bbox 108 1311 1700 1392; baseline -0.001 -17"><span class='ocrx_word' id='word_1_113' title='bbox 108 1331 170 1375; x_wconf 61' lang='lat' dir='ltr'>me</span> <span class='ocrx_word' id='word_1_114' title='bbox 183 1313 232 1374; x_wconf 87' lang='lat' dir='ltr'>illi</span> <span class='ocrx_word' id='word_1_115' title='bbox 248 1312 374 1389; x_wconf 75' lang='lat' dir='ltr'>haeresi,</span> <span class='ocrx_word' id='word_1_116' title='bbox 385 1331 480 1392; x_wconf 90' lang='lat' dir='ltr'>quam</span> <span class='ocrx_word' id='word_1_117' title='bbox 498 1313 665 1388; x_wconf 64' lang='lat' dir='ltr'>ciamare,</span> <span class='ocrx_word' id='word_1_118' title='bbox 681 1317 713 1372; x_wconf 88' lang='lat' dir='ltr'>ct</span> <span class='ocrx_word' id='word_1_119' title='bbox 723 1312 880 1373; x_wconf 90' lang='lat' dir='ltr'>immerito</span> <span class='ocrx_word' id='word_1_120' title='bbox 930 1311 1072 1391; x_wconf 89' lang='lat' dir='ltr'>discipuli</span> <span class='ocrx_word' id='word_1_121' title='bbox 1094 1314 1288 1392; x_wconf 76' lang='lat' dir='ltr'>nuganturt,</span> <span class='ocrx_word' id='word_1_122' title='bbox 1312 1333 1331 1375; x_wconf 91' lang='lat' dir='ltr'>a</span> <span class='ocrx_word' id='word_1_123' title='bbox 1345 1332 1376 1375; x_wconf 88' lang='lat' dir='ltr'>se</span> <span class='ocrx_word' id='word_1_124' title='bbox 1403 1314 1536 1376; x_wconf 84' lang='lat' dir='ltr'>invicem</span> <span class='ocrx_word' id='word_1_125' title='bbox 1559 1315 1622 1375; x_wconf 92' lang='lat' dir='ltr'>duo</span> <span class='ocrx_word' id='word_1_126' title='bbox 1644 1316 1700 1375; x_wconf 88' lang='lat' dir='ltr'>illa</span> 
     </span>
     <span class='ocr_line' id='line_1_12' title="bbox 109 1404 1700 1486; baseline -0.001 -19"><span class='ocrx_word' id='word_1_127' title='bbox 109 1408 296 1486; x_wconf 82' lang='lat' dir='ltr'>Anonymus</span> <span class='ocrx_word' id='word_1_128' title='bbox 309 1404 442 1484; x_wconf 88' lang='lat' dir='ltr'>affingit.</span> <span class='ocrx_word' id='word_1_129' title='bbox 930 1404 1075 1484; x_wconf 87' lang='lat' dir='ltr'>separari,</span> <span class='ocrx_word' id='word_1_130' title='bbox 1093 1405 1232 1466; x_wconf 86' lang='lat' dir='ltr'>Verbum</span> <span class='ocrx_word' id='word_1_131' title='bbox 1248 1413 1279 1467; x_wconf 91' lang='lat' dir='ltr'>et</span> <span class='ocrx_word' id='word_1_132' title='bbox 1298 1406 1471 1467; x_wconf 87' lang='lat' dir='ltr'>hominem.</span> <span class='ocrx_word' id='word_1_133' title='bbox 1494 1407 1583 1472; x_wconf 89' lang='lat' dir='ltr'>Quod</span> <span class='ocrx_word' id='word_1_134' title='bbox 1597 1407 1700 1485; x_wconf 91' lang='lat' dir='ltr'>ipsum</span> 
     </span>
     <span class='ocr_line' id='line_1_13' title="bbox 143 1494 1700 1578; baseline 0 -19"><span class='ocrx_word' id='word_1_135' title='bbox 143 1498 233 1559; x_wconf 84' lang='lat' dir='ltr'>Inter</span> <span class='ocrx_word' id='word_1_136' title='bbox 252 1497 312 1558; x_wconf 86' lang='lat' dir='ltr'>has</span> <span class='ocrx_word' id='word_1_137' title='bbox 330 1495 489 1558; x_wconf 78' lang='lat' dir='ltr'>Athanasii</span> <span class='ocrx_word' id='word_1_138' title='bbox 503 1494 682 1569; x_wconf 87' lang='lat' dir='ltr'>sententias,</span> <span class='ocrx_word' id='word_1_139' title='bbox 698 1496 799 1576; x_wconf 89' lang='lat' dir='ltr'>primo</span> <span class='ocrx_word' id='word_1_140' title='bbox 812 1495 880 1555; x_wconf 92' lang='lat' dir='ltr'>loco</span> <span class='ocrx_word' id='word_1_141' title='bbox 930 1496 1061 1559; x_wconf 82' lang='lat' dir='ltr'>subinde</span> <span class='ocrx_word' id='word_1_142' title='bbox 1085 1499 1215 1577; x_wconf 74' lang='lat' dir='ltr'>repetit,</span> <span class='ocrx_word' id='word_1_143' title='bbox 1245 1520 1260 1555; x_wconf 82' lang='lat' dir='ltr'>a</span> <span class='ocrx_word' id='word_1_144' title='bbox 1283 1498 1458 1573; x_wconf 84' lang='lat' dir='ltr'>Christum,</span> <span class='ocrx_word' id='word_1_145' title='bbox 1482 1499 1621 1577; x_wconf 87' lang='lat' dir='ltr'>inquam,</span> <span class='ocrx_word' id='word_1_146' title='bbox 1649 1501 1700 1578; x_wconf 91' lang='lat' dir='ltr'>pie</span> 
     </span>
     <span class='ocr_line' id='line_1_14' title="bbox 109 1588 1699 1669; baseline -0.001 -18"><span class='ocrx_word' id='word_1_147' title='bbox 109 1591 323 1651; x_wconf 75' lang='lat' dir='ltr'>memorandae</span> <span class='ocrx_word' id='word_1_148' title='bbox 342 1594 417 1650; x_wconf 88' lang='lat' dir='ltr'>sunt</span> <span class='ocrx_word' id='word_1_149' title='bbox 434 1589 505 1663; x_wconf 79' lang='lat' dir='ltr'>illac,</span> <span class='ocrx_word' id='word_1_150' title='bbox 528 1589 563 1649; x_wconf 91' lang='lat' dir='ltr'>iu</span> <span class='ocrx_word' id='word_1_151' title='bbox 585 1589 700 1669; x_wconf 90' lang='lat' dir='ltr'>quibus</span> <span class='ocrx_word' id='word_1_152' title='bbox 724 1588 881 1649; x_wconf 82' lang='lat' dir='ltr'>Christum</span> <span class='ocrx_word' id='word_1_153' title='bbox 930 1588 1061 1668; x_wconf 80' lang='lat' dir='ltr'>intelligi</span> <span class='ocrx_word' id='word_1_154' title='bbox 1080 1594 1284 1668; x_wconf 75' lang='lat' dir='ltr'>utrumque⁶t</span> <span class='ocrx_word' id='word_1_155' title='bbox 1314 1591 1456 1669; x_wconf 90' lang='lat' dir='ltr'>quamvis</span> <span class='ocrx_word' id='word_1_156' title='bbox 1483 1590 1522 1650; x_wconf 92' lang='lat' dir='ltr'>ab</span> <span class='ocrx_word' id='word_1_157' title='bbox 1551 1591 1699 1650; x_wconf 91' lang='lat' dir='ltr'>alterutro</span> 
     </span>
     <span class='ocr_line' id='line_1_15' title="bbox 110 1681 1698 1762; baseline -0.001 -18"><span class='ocrx_word' id='word_1_158' title='bbox 110 1683 278 1744; x_wconf 82' lang='lat' dir='ltr'>bominum</span> <span class='ocrx_word' id='word_1_159' title='bbox 303 1681 440 1743; x_wconf 81' lang='lat' dir='ltr'>affirmat</span> <span class='ocrx_word' id='word_1_160' title='bbox 468 1682 570 1742; x_wconf 88' lang='lat' dir='ltr'>Deum</span> <span class='ocrx_word' id='word_1_161' title='bbox 593 1699 658 1741; x_wconf 84' lang='lat' dir='ltr'>esse</span> <span class='ocrx_word' id='word_1_162' title='bbox 684 1699 817 1756; x_wconf 88' lang='lat' dir='ltr'>verum,</span> <span class='ocrx_word' id='word_1_163' title='bbox 846 1698 882 1740; x_wconf 86' lang='lat' dir='ltr'>ac</span> <span class='ocrx_word' id='word_1_164' title='bbox 930 1699 1157 1761; x_wconf 88' lang='lat' dir='ltr'>nonnunquam</span> <span class='ocrx_word' id='word_1_165' title='bbox 1184 1681 1342 1762; x_wconf 83' lang='lat' dir='ltr'>Scriptura</span> <span class='ocrx_word' id='word_1_166' title='bbox 1364 1700 1480 1743; x_wconf 88' lang='lat' dir='ltr'>nomen</span> <span class='ocrx_word' id='word_1_167' title='bbox 1504 1682 1550 1742; x_wconf 93' lang='lat' dir='ltr'>illi</span> <span class='ocrx_word' id='word_1_168' title='bbox 1562 1682 1698 1742; x_wconf 84' lang='lat' dir='ltr'>tribuat:</span> 
     </span>
     <span class='ocr_line' id='line_1_16' title="bbox 111 1772 1700 1855; baseline 0.001 -21"><span class='ocrx_word' id='word_1_169' title='bbox 111 1792 217 1836; x_wconf 86' lang='lat' dir='ltr'>rerum</span> <span class='ocrx_word' id='word_1_170' title='bbox 229 1775 350 1855; x_wconf 84' lang='lat' dir='ltr'>pariter</span> <span class='ocrx_word' id='word_1_171' title='bbox 364 1774 535 1835; x_wconf 89' lang='lat' dir='ltr'>hominem.</span> <span class='ocrx_word' id='word_1_172' title='bbox 550 1774 588 1834; x_wconf 91' lang='lat' dir='ltr'>Ut</span> <span class='ocrx_word' id='word_1_173' title='bbox 598 1775 631 1834; x_wconf 90' lang='lat' dir='ltr'>in</span> <span class='ocrx_word' id='word_1_174' title='bbox 640 1773 721 1834; x_wconf 89' lang='lat' dir='ltr'>libro</span> <span class='ocrx_word' id='word_1_175' title='bbox 729 1773 767 1833; x_wconf 82' lang='lat' dir='ltr'>dc</span> <span class='ocrx_word' id='word_1_176' title='bbox 779 1772 883 1834; x_wconf 85' lang='lat' dir='ltr'>lucur-</span> <span class='ocrx_word' id='word_1_177' title='bbox 930 1782 965 1834; x_wconf 92' lang='lat' dir='ltr'>ut</span> <span class='ocrx_word' id='word_1_178' title='bbox 978 1792 1050 1836; x_wconf 90' lang='lat' dir='ltr'>cum</span> <span class='ocrx_word' id='word_1_179' title='bbox 1063 1774 1223 1836; x_wconf 89' lang='lat' dir='ltr'>hominem</span> <span class='ocrx_word' id='word_1_180' title='bbox 1249 1793 1322 1836; x_wconf 90' lang='lat' dir='ltr'>eum</span> <span class='ocrx_word' id='word_1_181' title='bbox 1335 1782 1426 1836; x_wconf 84' lang='lat' dir='ltr'>vocat</span> <span class='ocrx_word' id='word_1_182' title='bbox 1437 1794 1495 1850; x_wconf 90' lang='lat' dir='ltr'>;.ao</span> <span class='ocrx_word' id='word_1_183' title='bbox 1508 1774 1647 1834; x_wconf 82' lang='lat' dir='ltr'>vicissim</span> <span class='ocrx_word' id='word_1_184' title='bbox 1660 1775 1700 1835; x_wconf 91' lang='lat' dir='ltr'>ab</span> 
     </span>
     <span class='ocr_line' id='line_1_17' title="bbox 110 1865 1701 1947; baseline -0.001 -19"><span class='ocrx_word' id='word_1_185' title='bbox 110 1866 228 1928; x_wconf 64' lang='lat' dir='ltr'>maone</span> <span class='ocrx_word' id='word_1_186' title='bbox 252 1865 371 1933; x_wconf 84' lang='lat' dir='ltr'>scribit.</span> <span class='ocrx_word' id='word_1_187' title='bbox 396 1866 466 1927; x_wconf 87' lang='lat' dir='ltr'>ideo</span> <span class='ocrx_word' id='word_1_188' title='bbox 483 1865 623 1926; x_wconf 89' lang='lat' dir='ltr'>Verbum</span> <span class='ocrx_word' id='word_1_189' title='bbox 641 1865 803 1926; x_wconf 87' lang='lat' dir='ltr'>hominem</span> <span class='ocrx_word' id='word_1_190' title='bbox 817 1882 882 1926; x_wconf 87' lang='lat' dir='ltr'>esse</span> <span class='ocrx_word' id='word_1_191' title='bbox 930 1866 1037 1928; x_wconf 78' lang='lat' dir='ltr'>diuina</span> <span class='ocrx_word' id='word_1_192' title='bbox 1050 1872 1163 1926; x_wconf 91' lang='lat' dir='ltr'>natura</span> <span class='ocrx_word' id='word_1_193' title='bbox 1174 1873 1349 1947; x_wconf 89' lang='lat' dir='ltr'>nuncupet,</span> <span class='ocrx_word' id='word_1_194' title='bbox 1375 1872 1406 1927; x_wconf 89' lang='lat' dir='ltr'>et</span> <span class='ocrx_word' id='word_1_195' title='bbox 1428 1867 1522 1944; x_wconf 89' lang='lat' dir='ltr'>hujus</span> <span class='ocrx_word' id='word_1_196' title='bbox 1536 1868 1565 1926; x_wconf 91' lang='lat' dir='ltr'>ei</span> <span class='ocrx_word' id='word_1_197' title='bbox 1576 1867 1701 1945; x_wconf 89' lang='lat' dir='ltr'>propria</span> 
     </span>
     <span class='ocr_line' id='line_1_18' title="bbox 110 1957 1700 2037; baseline -0.003 -16"><span class='ocrx_word' id='word_1_198' title='bbox 110 1958 238 2035; x_wconf 68' lang='lat' dir='ltr'>imum,</span> <span class='ocrx_word' id='word_1_199' title='bbox 258 1980 272 2016; x_wconf 77' lang='lat' dir='ltr'>r</span> <span class='ocrx_word' id='word_1_200' title='bbox 289 1965 326 2020; x_wconf 91' lang='lat' dir='ltr'>ut</span> <span class='ocrx_word' id='word_1_201' title='bbox 348 1959 491 2019; x_wconf 88' lang='lat' dir='ltr'>homines</span> <span class='ocrx_word' id='word_1_202' title='bbox 519 1957 625 2037; x_wconf 87' lang='lat' dir='ltr'>ipsum</span> <span class='ocrx_word' id='word_1_203' title='bbox 651 1957 818 2032; x_wconf 86' lang='lat' dir='ltr'>intuentes,</span> <span class='ocrx_word' id='word_1_204' title='bbox 844 1975 883 2018; x_wconf 83' lang='lat' dir='ltr'>ex</span> <span class='ocrx_word' id='word_1_205' title='bbox 931 1958 1080 2019; x_wconf 83' lang='lat' dir='ltr'>duntaxat</span> <span class='ocrx_word' id='word_1_206' title='bbox 1093 1958 1314 2027; x_wconf 86' lang='lat' dir='ltr'>accommodet,</span> <span class='ocrx_word' id='word_1_207' title='bbox 1331 1959 1415 2036; x_wconf 90' lang='lat' dir='ltr'>quod</span> <span class='ocrx_word' id='word_1_208' title='bbox 1429 1977 1493 2018; x_wconf 91' lang='lat' dir='ltr'>non</span> <span class='ocrx_word' id='word_1_209' title='bbox 1507 1958 1550 2018; x_wconf 89' lang='lat' dir='ltr'>sic</span> <span class='ocrx_word' id='word_1_210' title='bbox 1563 1964 1609 2018; x_wconf 88' lang='lat' dir='ltr'>cst</span> <span class='ocrx_word' id='word_1_211' title='bbox 1621 1959 1700 2018; x_wconf 91' lang='lat' dir='ltr'>acci-</span> 
     </span>
     <span class='ocr_line' id='line_1_19' title="bbox 110 2049 1701 2129; baseline -0.002 -17"><span class='ocrx_word' id='word_1_212' title='bbox 110 2049 345 2112; x_wconf 86' lang='lat' dir='ltr'>admirabilibus</span> <span class='ocrx_word' id='word_1_213' title='bbox 379 2049 447 2128; x_wconf 86' lang='lat' dir='ltr'>ejus</span> <span class='ocrx_word' id='word_1_214' title='bbox 480 2049 626 2129; x_wconf 89' lang='lat' dir='ltr'>operibus</span> <span class='ocrx_word' id='word_1_215' title='bbox 660 2050 883 2128; x_wconf 87' lang='lat' dir='ltr'>persuaderent</span> <span class='ocrx_word' id='word_1_216' title='bbox 930 2050 1091 2129; x_wconf 86' lang='lat' dir='ltr'>piendum,</span> <span class='ocrx_word' id='word_1_217' title='bbox 1107 2056 1281 2128; x_wconf 75' lang='lat' dir='ltr'>«tanquam</span> <span class='ocrx_word' id='word_1_218' title='bbox 1295 2050 1486 2129; x_wconf 81' lang='lat' dir='ltr'>hypostasim</span> <span class='ocrx_word' id='word_1_219' title='bbox 1496 2049 1593 2109; x_wconf 91' lang='lat' dir='ltr'>divini</span> <span class='ocrx_word' id='word_1_220' title='bbox 1606 2050 1701 2109; x_wconf 90' lang='lat' dir='ltr'>Verbi</span> 
     </span>
     <span class='ocr_line' id='line_1_20' title="bbox 112 2140 1702 2222; baseline -0.001 -19"><span class='ocrx_word' id='word_1_221' title='bbox 112 2141 166 2203; x_wconf 81' lang='lat' dir='ltr'>sahi</span> <span class='ocrx_word' id='word_1_222' title='bbox 179 2161 247 2203; x_wconf 88' lang='lat' dir='ltr'>non</span> <span class='ocrx_word' id='word_1_223' title='bbox 265 2159 343 2203; x_wconf 91' lang='lat' dir='ltr'>eum</span> <span class='ocrx_word' id='word_1_224' title='bbox 364 2159 431 2203; x_wconf 84' lang='lat' dir='ltr'>esse</span> <span class='ocrx_word' id='word_1_225' title='bbox 453 2141 605 2202; x_wconf 81' lang='lat' dir='ltr'>duntaxat</span> <span class='ocrx_word' id='word_1_226' title='bbox 631 2141 804 2214; x_wconf 87' lang='lat' dir='ltr'>hominem,</span> <span class='ocrx_word' id='word_1_227' title='bbox 829 2140 882 2202; x_wconf 90' lang='lat' dir='ltr'>sed</span> <span class='ocrx_word' id='word_1_228' title='bbox 931 2141 970 2202; x_wconf 86' lang='lat' dir='ltr'>ab</span> <span class='ocrx_word' id='word_1_229' title='bbox 988 2142 1115 2203; x_wconf 89' lang='lat' dir='ltr'>homine</span> <span class='ocrx_word' id='word_1_230' title='bbox 1136 2141 1308 2221; x_wconf 87' lang='lat' dir='ltr'>disjungat,</span> <span class='ocrx_word' id='word_1_231' title='bbox 1333 2144 1385 2222; x_wconf 89' lang='lat' dir='ltr'>qui</span> <span class='ocrx_word' id='word_1_232' title='bbox 1405 2161 1443 2203; x_wconf 80' lang='lat' dir='ltr'>ex</span> <span class='ocrx_word' id='word_1_233' title='bbox 1457 2142 1553 2203; x_wconf 88' lang='lat' dir='ltr'>Maria</span> <span class='ocrx_word' id='word_1_234' title='bbox 1569 2142 1702 2221; x_wconf 88' lang='lat' dir='ltr'>sumpsit</span> 
     </span>
     <span class='ocr_line' id='line_1_21' title="bbox 112 2231 1111 2312; baseline -0.003 -17"><span class='ocrx_word' id='word_1_235' title='bbox 112 2234 202 2295; x_wconf 86' lang='lat' dir='ltr'>etiam</span> <span class='ocrx_word' id='word_1_236' title='bbox 216 2235 330 2309; x_wconf 69' lang='lat' dir='ltr'>Deum</span> <span class='ocrx_word' id='word_1_237' title='bbox 347 2233 456 2295; x_wconf 82' lang='lat' dir='ltr'>otveri</span> <span class='ocrx_word' id='word_1_238' title='bbox 469 2233 523 2294; x_wconf 83' lang='lat' dir='ltr'>[lei</span> <span class='ocrx_word' id='word_1_239' title='bbox 536 2232 696 2308; x_wconf 87' lang='lat' dir='ltr'>Verbum,</span> <span class='ocrx_word' id='word_1_240' title='bbox 711 2251 747 2293; x_wconf 88' lang='lat' dir='ltr'>ac</span> <span class='ocrx_word' id='word_1_241' title='bbox 760 2231 882 2312; x_wconf 85' lang='lat' dir='ltr'>sapien·</span> <span class='ocrx_word' id='word_1_242' title='bbox 931 2232 1111 2294; x_wconf 68' lang='lat' dir='ltr'>initiunt.»</span> 
     </span>
     <span class='ocr_line' id='line_1_22' title="bbox 112 2324 1699 2407; baseline 0 -20"><span class='ocrx_word' id='word_1_243' title='bbox 112 2325 214 2389; x_wconf 60' lang='lat' dir='ltr'>tame.</span> <span class='ocrx_word' id='word_1_244' title='bbox 230 2346 247 2383; x_wconf 78' lang='lat' dir='ltr'>s</span> <span class='ocrx_word' id='word_1_245' title='bbox 264 2327 436 2405; x_wconf 82' lang='lat' dir='ltr'>Etpoatea:</span> <span class='ocrx_word' id='word_1_246' title='bbox 449 2324 753 2400; x_wconf 78' lang='lat' dir='ltr'>«Quemadmodum,</span> <span class='ocrx_word' id='word_1_247' title='bbox 769 2324 881 2404; x_wconf 88' lang='lat' dir='ltr'>inquit,</span> <span class='ocrx_word' id='word_1_248' title='bbox 935 2395 937 2399; x_wconf 10' lang='lat'><strong>¹</strong></span> <span class='ocrx_word' id='word_1_249' title='bbox 971 2327 1038 2388; x_wconf 89' lang='lat' dir='ltr'>Vll.</span> <span class='ocrx_word' id='word_1_250' title='bbox 1054 2327 1102 2388; x_wconf 89' lang='lat' dir='ltr'>Ad</span> <span class='ocrx_word' id='word_1_251' title='bbox 1119 2325 1187 2387; x_wconf 84' lang='lat' dir='ltr'>brec</span> <span class='ocrx_word' id='word_1_252' title='bbox 1209 2326 1243 2386; x_wconf 89' lang='lat' dir='ltr'>in</span> <span class='ocrx_word' id='word_1_253' title='bbox 1266 2326 1395 2407; x_wconf 87' lang='lat' dir='ltr'>epistola</span> <span class='ocrx_word' id='word_1_254' title='bbox 1418 2324 1458 2387; x_wconf 86' lang='lat' dir='ltr'>ad</span> <span class='ocrx_word' id='word_1_255' title='bbox 1484 2325 1699 2401; x_wconf 73' lang='lat' dir='ltr'>Actiocdutscs,</span> 
     </span>
     <span class='ocr_line' id='line_1_23' title="bbox 112 2416 1701 2498; baseline 0.001 -20"><span class='ocrx_word' id='word_1_256' title='bbox 112 2436 169 2497; x_wconf 78' lang='lat' dir='ltr'>cpia</span> <span class='ocrx_word' id='word_1_257' title='bbox 192 2418 327 2479; x_wconf 88' lang='lat' dir='ltr'>minime</span> <span class='ocrx_word' id='word_1_258' title='bbox 351 2416 544 2497; x_wconf 79' lang='lat' dir='ltr'>aspectabilis</span> <span class='ocrx_word' id='word_1_259' title='bbox 572 2422 629 2491; x_wconf 89' lang='lat' dir='ltr'>est,</span> <span class='ocrx_word' id='word_1_260' title='bbox 656 2434 695 2477; x_wconf 85' lang='lat' dir='ltr'>ex</span> <span class='ocrx_word' id='word_1_261' title='bbox 719 2416 883 2478; x_wconf 80' lang='lat' dir='ltr'>creationis</span> <span class='ocrx_word' id='word_1_262' title='bbox 931 2417 1419 2498; x_wconf 73' lang='lat' dir='ltr'>quamexAlexandrinasynodo</span> <span class='ocrx_word' id='word_1_263' title='bbox 1433 2417 1569 2497; x_wconf 87' lang='lat' dir='ltr'>scripsit;</span> <span class='ocrx_word' id='word_1_264' title='bbox 1591 2420 1701 2479; x_wconf 79' lang='lat' dir='ltr'>«Cum</span> 
     </span>
     <span class='ocr_line' id='line_1_24' title="bbox 113 2507 1703 2590; baseline 0.001 -21"><span class='ocrx_word' id='word_1_265' title='bbox 113 2510 255 2590; x_wconf 87' lang='lat' dir='ltr'>operibus</span> <span class='ocrx_word' id='word_1_266' title='bbox 274 2509 492 2590; x_wconf 78' lang='lat' dir='ltr'>cognoscitur:</span> <span class='ocrx_word' id='word_1_267' title='bbox 512 2508 666 2570; x_wconf 90' lang='lat' dir='ltr'>sichomo</span> <span class='ocrx_word' id='word_1_268' title='bbox 684 2507 791 2584; x_wconf 86' lang='lat' dir='ltr'>lactus,</span> <span class='ocrx_word' id='word_1_269' title='bbox 806 2508 884 2569; x_wconf 91' lang='lat' dir='ltr'>etin</span> <span class='ocrx_word' id='word_1_270' title='bbox 932 2527 1040 2571; x_wconf 85' lang='lat' dir='ltr'>revera</span> <span class='ocrx_word' id='word_1_271' title='bbox 1052 2509 1295 2582; x_wconf 87' lang='lat' dir='ltr'>Deiessetfilius,</span> <span class='ocrx_word' id='word_1_272' title='bbox 1311 2510 1424 2590; x_wconf 86' lang='lat' dir='ltr'>inquit,</span> <span class='ocrx_word' id='word_1_273' title='bbox 1438 2508 1537 2570; x_wconf 84' lang='lat' dir='ltr'>iactus</span> <span class='ocrx_word' id='word_1_274' title='bbox 1551 2516 1597 2570; x_wconf 89' lang='lat' dir='ltr'>est</span> <span class='ocrx_word' id='word_1_275' title='bbox 1608 2512 1703 2571; x_wconf 87' lang='lat' dir='ltr'>etiam</span> 
     </span>
     <span class='ocr_line' id='line_1_25' title="bbox 111 2600 1703 2682; baseline 0 -19"><span class='ocrx_word' id='word_1_276' title='bbox 111 2608 385 2682; x_wconf 80' lang='lat' dir='ltr'>corpusreccptus,</span> <span class='ocrx_word' id='word_1_277' title='bbox 401 2621 440 2664; x_wconf 81' lang='lat' dir='ltr'>ex</span> <span class='ocrx_word' id='word_1_278' title='bbox 454 2601 599 2681; x_wconf 89' lang='lat' dir='ltr'>operibus</span> <span class='ocrx_word' id='word_1_279' title='bbox 613 2600 752 2679; x_wconf 87' lang='lat' dir='ltr'>dignosci</span> <span class='ocrx_word' id='word_1_280' title='bbox 770 2606 882 2680; x_wconf 89' lang='lat' dir='ltr'>potest,</span> <span class='ocrx_word' id='word_1_281' title='bbox 931 2602 1069 2664; x_wconf 87' lang='lat' dir='ltr'>hominis</span> <span class='ocrx_word' id='word_1_282' title='bbox 1087 2603 1170 2663; x_wconf 86' lang='lat' dir='ltr'>iilius</span> <span class='ocrx_word' id='word_1_283' title='bbox 1186 2623 1193 2663; x_wconf 92' lang='lat'><strong>:</strong></span> <span class='ocrx_word' id='word_1_284' title='bbox 1208 2607 1240 2664; x_wconf 86' lang='lat' dir='ltr'>et</span> <span class='ocrx_word' id='word_1_285' title='bbox 1259 2621 1330 2663; x_wconf 91' lang='lat' dir='ltr'>cum</span> <span class='ocrx_word' id='word_1_286' title='bbox 1354 2602 1533 2678; x_wconf 80' lang='lat' dir='ltr'>unigenitus</span> <span class='ocrx_word' id='word_1_287' title='bbox 1546 2607 1625 2663; x_wconf 86' lang='lat' dir='ltr'>esset</span> <span class='ocrx_word' id='word_1_288' title='bbox 1649 2603 1703 2663; x_wconf 85' lang='lat' dir='ltr'>Dei</span> 
     </span>
     <span class='ocr_line' id='line_1_26' title="bbox 112 2693 1701 2774; baseline -0.001 -19"><span class='ocrx_word' id='word_1_289' title='bbox 112 2694 168 2755; x_wconf 87' lang='lat' dir='ltr'>Dei</span> <span class='ocrx_word' id='word_1_290' title='bbox 199 2713 267 2756; x_wconf 82' lang='lat' dir='ltr'>csse</span> <span class='ocrx_word' id='word_1_291' title='bbox 301 2695 422 2770; x_wconf 79' lang='lat' dir='ltr'>uirtus,</span> <span class='ocrx_word' id='word_1_292' title='bbox 451 2699 482 2754; x_wconf 89' lang='lat' dir='ltr'>et</span> <span class='ocrx_word' id='word_1_293' title='bbox 507 2693 669 2767; x_wconf 90' lang='lat' dir='ltr'>Verbum,</span> <span class='ocrx_word' id='word_1_294' title='bbox 701 2711 766 2754; x_wconf 89' lang='lat' dir='ltr'>non</span> <span class='ocrx_word' id='word_1_295' title='bbox 788 2693 883 2754; x_wconf 92' lang='lat' dir='ltr'>homo</span> <span class='ocrx_word' id='word_1_296' title='bbox 933 2694 1028 2770; x_wconf 88' lang='lat' dir='ltr'>filius,</span> <span class='ocrx_word' id='word_1_297' title='bbox 1040 2694 1124 2755; x_wconf 90' lang='lat' dir='ltr'>idem</span> <span class='ocrx_word' id='word_1_298' title='bbox 1134 2699 1165 2755; x_wconf 92' lang='lat' dir='ltr'>et</span> <span class='ocrx_word' id='word_1_299' title='bbox 1173 2694 1399 2774; x_wconf 86' lang='lat' dir='ltr'>primogenitus</span> <span class='ocrx_word' id='word_1_300' title='bbox 1411 2693 1510 2754; x_wconf 84' lang='lat' dir='ltr'>iactus</span> <span class='ocrx_word' id='word_1_301' title='bbox 1519 2700 1565 2755; x_wconf 91' lang='lat' dir='ltr'>est</span> <span class='ocrx_word' id='word_1_302' title='bbox 1575 2695 1608 2754; x_wconf 94' lang='lat' dir='ltr'>in</span> <span class='ocrx_word' id='word_1_303' title='bbox 1622 2695 1701 2755; x_wconf 92' lang='lat' dir='ltr'>mul-</span> 
     </span>
     <span class='ocr_line' id='line_1_27' title="bbox 114 2782 1702 2867; baseline -0.001 -19"><span class='ocrx_word' id='word_1_304' title='bbox 114 2784 263 2867; x_wconf 71' lang='lat' dir='ltr'>(simplex)</span> <span class='ocrx_word' id='word_1_305' title='bbox 290 2786 347 2865; x_wconf 86' lang='lat' dir='ltr'>qni</span> <span class='ocrx_word' id='word_1_306' title='bbox 369 2786 439 2847; x_wconf 82' lang='lat' dir='ltr'>haec</span> <span class='ocrx_word' id='word_1_307' title='bbox 459 2782 632 2865; x_wconf 64' lang='lat' dir='ltr'>operatura</span> <span class='ocrx_word' id='word_1_308' title='bbox 650 2805 666 2843; x_wconf 82' lang='lat' dir='ltr'>u</span> <span class='ocrx_word' id='word_1_309' title='bbox 684 2785 772 2846; x_wconf 84' lang='lat' dir='ltr'>Idam</span> <span class='ocrx_word' id='word_1_310' title='bbox 790 2784 884 2845; x_wconf 89' lang='lat' dir='ltr'>etiam</span> <span class='ocrx_word' id='word_1_311' title='bbox 933 2785 973 2846; x_wconf 89' lang='lat' dir='ltr'>tis</span> <span class='ocrx_word' id='word_1_312' title='bbox 985 2786 1142 2846; x_wconf 83' lang='lat' dir='ltr'>iratribus.</span> <span class='ocrx_word' id='word_1_313' title='bbox 1160 2786 1231 2846; x_wconf 87' lang='lat' dir='ltr'>ideo</span> <span class='ocrx_word' id='word_1_314' title='bbox 1245 2804 1311 2846; x_wconf 90' lang='lat' dir='ltr'>non</span> <span class='ocrx_word' id='word_1_315' title='bbox 1324 2785 1402 2846; x_wconf 88' lang='lat' dir='ltr'>aller</span> <span class='ocrx_word' id='word_1_316' title='bbox 1415 2785 1542 2863; x_wconf 89' lang='lat' dir='ltr'>quidem</span> <span class='ocrx_word' id='word_1_317' title='bbox 1555 2791 1633 2864; x_wconf 89' lang='lat' dir='ltr'>erat,</span> <span class='ocrx_word' id='word_1_318' title='bbox 1649 2788 1702 2865; x_wconf 91' lang='lat' dir='ltr'>qui</span> 
     </span>
     <span class='ocr_line' id='line_1_28' title="bbox 112 2875 1699 2958; baseline 0.001 -21"><span class='ocrx_word' id='word_1_319' title='bbox 112 2876 143 2937; x_wconf 90' lang='lat' dir='ltr'>iu</span> <span class='ocrx_word' id='word_1_320' title='bbox 155 2878 299 2939; x_wconf 87' lang='lat' dir='ltr'>oratione</span> <span class='ocrx_word' id='word_1_321' title='bbox 312 2883 436 2958; x_wconf 77' lang='lat' dir='ltr'>quarta,</span> <span class='ocrx_word' id='word_1_322' title='bbox 455 2898 470 2934; x_wconf 87' lang='lat' dir='ltr'>u</span> <span class='ocrx_word' id='word_1_323' title='bbox 486 2895 524 2937; x_wconf 82' lang='lat' dir='ltr'>ex</span> <span class='ocrx_word' id='word_1_324' title='bbox 531 2877 579 2951; x_wconf 86' lang='lat' dir='ltr'>iis,</span> <span class='ocrx_word' id='word_1_325' title='bbox 594 2895 663 2956; x_wconf 82' lang='lat' dir='ltr'>quaa</span> <span class='ocrx_word' id='word_1_326' title='bbox 677 2875 818 2937; x_wconf 87' lang='lat' dir='ltr'>Verbuin</span> <span class='ocrx_word' id='word_1_327' title='bbox 829 2894 885 2956; x_wconf 91' lang='lat' dir='ltr'>per</span> <span class='ocrx_word' id='word_1_328' title='bbox 934 2884 1006 2940; x_wconf 87' lang='lat' dir='ltr'>ante</span> <span class='ocrx_word' id='word_1_329' title='bbox 1019 2877 1233 2938; x_wconf 88' lang='lat' dir='ltr'>Abrahamum</span> <span class='ocrx_word' id='word_1_330' title='bbox 1246 2877 1305 2937; x_wconf 88' lang='lat' dir='ltr'>fuit</span> <span class='ocrx_word' id='word_1_331' title='bbox 1319 2877 1373 2937; x_wconf 86' lang='lat' dir='ltr'>Dei</span> <span class='ocrx_word' id='word_1_332' title='bbox 1393 2877 1476 2937; x_wconf 91' lang='lat' dir='ltr'>filius</span> <span class='ocrx_word' id='word_1_333' title='bbox 1484 2896 1492 2951; x_wconf 95' lang='lat'>;</span> <span class='ocrx_word' id='word_1_334' title='bbox 1513 2877 1592 2938; x_wconf 86' lang='lat' dir='ltr'>alter</span> <span class='ocrx_word' id='word_1_335' title='bbox 1614 2896 1699 2946; x_wconf 87' lang='lat' dir='ltr'>vero,</span> 
     </span>
     <span class='ocr_line' id='line_1_29' title="bbox 110 2968 1701 3050; baseline 0 -19"><span class='ocrx_word' id='word_1_336' title='bbox 110 2968 358 3031; x_wconf 87' lang='lat' dir='ltr'>instrumentum</span> <span class='ocrx_word' id='word_1_337' title='bbox 369 2968 508 3050; x_wconf 90' lang='lat' dir='ltr'>corporis</span> <span class='ocrx_word' id='word_1_338' title='bbox 534 2968 582 3029; x_wconf 92' lang='lat' dir='ltr'>sui</span> <span class='ocrx_word' id='word_1_339' title='bbox 591 2968 696 3029; x_wconf 82' lang='lat' dir='ltr'>divine</span> <span class='ocrx_word' id='word_1_340' title='bbox 711 2968 815 3046; x_wconf 88' lang='lat' dir='ltr'>gessit,</span> <span class='ocrx_word' id='word_1_341' title='bbox 831 2973 886 3028; x_wconf 88' lang='lat' dir='ltr'>ant</span> <span class='ocrx_word' id='word_1_342' title='bbox 935 2971 989 3048; x_wconf 90' lang='lat' dir='ltr'>qui</span> <span class='ocrx_word' id='word_1_343' title='bbox 1004 2968 1295 3049; x_wconf 88' lang='lat' dir='ltr'>postAbrahamum</span> <span class='ocrx_word' id='word_1_344' title='bbox 1315 2968 1452 3029; x_wconf 83' lang='lat' dir='ltr'>exstitit:</span> <span class='ocrx_word' id='word_1_345' title='bbox 1470 2987 1528 3030; x_wconf 89' lang='lat' dir='ltr'>nec</span> <span class='ocrx_word' id='word_1_346' title='bbox 1546 2969 1625 3029; x_wconf 86' lang='lat' dir='ltr'>alter</span> <span class='ocrx_word' id='word_1_347' title='bbox 1638 2971 1701 3047; x_wconf 92' lang='lat' dir='ltr'>ille,</span> 
     </span>
     <span class='ocr_line' id='line_1_30' title="bbox 112 3059 1700 3142; baseline 0 -20"><span class='ocrx_word' id='word_1_348' title='bbox 112 3061 199 3135; x_wconf 82' lang='lat' dir='ltr'>dixit,</span> <span class='ocrx_word' id='word_1_349' title='bbox 214 3080 403 3142; x_wconf 86' lang='lat' dir='ltr'>cognoscere</span> <span class='ocrx_word' id='word_1_350' title='bbox 416 3062 537 3135; x_wconf 82' lang='lat' dir='ltr'>noscit,</span> <span class='ocrx_word' id='word_1_351' title='bbox 550 3059 884 3140; x_wconf 83' lang='lat' dir='ltr'>ipsumcumlleussit,</span> <span class='ocrx_word' id='word_1_352' title='bbox 935 3061 990 3140; x_wconf 90' lang='lat' dir='ltr'>qui</span> <span class='ocrx_word' id='word_1_353' title='bbox 1000 3063 1153 3121; x_wconf 86' lang='lat' dir='ltr'>Lazarum</span> <span class='ocrx_word' id='word_1_354' title='bbox 1167 3060 1326 3134; x_wconf 82' lang='lat' dir='ltr'>excitarit3</span> <span class='ocrx_word' id='word_1_355' title='bbox 1342 3059 1430 3132; x_wconf 81' lang='lat' dir='ltr'>alter,</span> <span class='ocrx_word' id='word_1_356' title='bbox 1447 3061 1502 3138; x_wconf 87' lang='lat' dir='ltr'>qui</span> <span class='ocrx_word' id='word_1_357' title='bbox 1515 3060 1552 3121; x_wconf 90' lang='lat' dir='ltr'>de</span> <span class='ocrx_word' id='word_1_358' title='bbox 1567 3060 1619 3119; x_wconf 92' lang='lat' dir='ltr'>illo</span> <span class='ocrx_word' id='word_1_359' title='bbox 1633 3079 1700 3122; x_wconf 90' lang='lat' dir='ltr'>sus·</span> 
     </span>
     <span class='ocr_line' id='line_1_31' title="bbox 110 3151 1703 3231; baseline -0.001 -16"><span class='ocrx_word' id='word_1_360' title='bbox 110 3154 185 3215; x_wconf 83' lang='lat' dir='ltr'>talia</span> <span class='ocrx_word' id='word_1_361' title='bbox 197 3155 320 3230; x_wconf 81' lang='lat' dir='ltr'>iacere3</span> <span class='ocrx_word' id='word_1_362' title='bbox 336 3172 507 3230; x_wconf 83' lang='lat' dir='ltr'>aurursus,</span> <span class='ocrx_word' id='word_1_363' title='bbox 522 3170 593 3214; x_wconf 90' lang='lat' dir='ltr'>cum</span> <span class='ocrx_word' id='word_1_364' title='bbox 606 3152 778 3213; x_wconf 85' lang='lat' dir='ltr'>viderimus</span> <span class='ocrx_word' id='word_1_365' title='bbox 797 3169 885 3212; x_wconf 89' lang='lat' dir='ltr'>eum·</span> <span class='ocrx_word' id='word_1_366' title='bbox 936 3153 1047 3214; x_wconf 86' lang='lat' dir='ltr'>citatus</span> <span class='ocrx_word' id='word_1_367' title='bbox 1069 3157 1115 3213; x_wconf 88' lang='lat' dir='ltr'>est</span> <span class='ocrx_word' id='word_1_368' title='bbox 1133 3173 1140 3213; x_wconf 92' lang='lat'><strong>:</strong></span> <span class='ocrx_word' id='word_1_369' title='bbox 1155 3152 1209 3213; x_wconf 87' lang='lat' dir='ltr'>scd</span> <span class='ocrx_word' id='word_1_370' title='bbox 1230 3152 1314 3213; x_wconf 91' lang='lat' dir='ltr'>idem</span> <span class='ocrx_word' id='word_1_371' title='bbox 1336 3151 1427 3231; x_wconf 89' lang='lat' dir='ltr'>plane</span> <span class='ocrx_word' id='word_1_372' title='bbox 1450 3159 1515 3213; x_wconf 86' lang='lat' dir='ltr'>crat</span> <span class='ocrx_word' id='word_1_373' title='bbox 1536 3171 1542 3211; x_wconf 94' lang='lat'><strong>:</strong></span> <span class='ocrx_word' id='word_1_374' title='bbox 1564 3153 1703 3214; x_wconf 89' lang='lat' dir='ltr'>humano</span> 
     </span>
     <span class='ocr_line' id='line_1_32' title="bbox 112 3244 1704 3325; baseline -0.001 -18"><span class='ocrx_word' id='word_1_375' title='bbox 112 3244 185 3307; x_wconf 87' lang='lat' dir='ltr'>dem</span> <span class='ocrx_word' id='word_1_376' title='bbox 196 3247 342 3307; x_wconf 84' lang='lat' dir='ltr'>humano</span> <span class='ocrx_word' id='word_1_377' title='bbox 360 3263 448 3306; x_wconf 91' lang='lat' dir='ltr'>more</span> <span class='ocrx_word' id='word_1_378' title='bbox 461 3244 567 3324; x_wconf 88' lang='lat' dir='ltr'>loqui,</span> <span class='ocrx_word' id='word_1_379' title='bbox 585 3263 620 3305; x_wconf 86' lang='lat' dir='ltr'>ar</span> <span class='ocrx_word' id='word_1_380' title='bbox 639 3244 720 3324; x_wconf 85' lang='lat' dir='ltr'>pati,</span> <span class='ocrx_word' id='word_1_381' title='bbox 735 3261 887 3304; x_wconf 87' lang='lat' dir='ltr'>nonaum</span> <span class='ocrx_word' id='word_1_382' title='bbox 935 3245 1061 3325; x_wconf 92' lang='lat' dir='ltr'>quidem</span> <span class='ocrx_word' id='word_1_383' title='bbox 1076 3262 1163 3305; x_wconf 89' lang='lat' dir='ltr'>more</span> <span class='ocrx_word' id='word_1_384' title='bbox 1185 3245 1309 3319; x_wconf 55' lang='lat' dir='ltr'>dicem</span> <span class='ocrx_word' id='word_1_385' title='bbox 1325 3244 1380 3303; x_wconf 88' lang='lat' dir='ltr'>uhi</span> <span class='ocrx_word' id='word_1_386' title='bbox 1399 3245 1528 3304; x_wconf 87' lang='lat' dir='ltr'>Lazarus</span> <span class='ocrx_word' id='word_1_387' title='bbox 1538 3245 1639 3322; x_wconf 81' lang='lat' dir='ltr'>jacet?</span> <span class='ocrx_word' id='word_1_388' title='bbox 1657 3246 1704 3306; x_wconf 87' lang='lat' dir='ltr'>di-</span> 
     </span>
     <span class='ocr_line' id='line_1_33' title="bbox 111 3335 1706 3414; baseline -0.001 -16"><span class='ocrx_word' id='word_1_389' title='bbox 111 3339 288 3399; x_wconf 75' lang='lat' dir='ltr'>nesoituros</span> <span class='ocrx_word' id='word_1_390' title='bbox 302 3355 361 3398; x_wconf 87' lang='lat' dir='ltr'>nos</span> <span class='ocrx_word' id='word_1_391' title='bbox 379 3354 472 3397; x_wconf 89' lang='lat' dir='ltr'>carue</span> <span class='ocrx_word' id='word_1_392' title='bbox 487 3342 628 3414; x_wconf 85' lang='lat' dir='ltr'>suscepta</span> <span class='ocrx_word' id='word_1_393' title='bbox 639 3335 800 3396; x_wconf 89' lang='lat' dir='ltr'>hominem</span> <span class='ocrx_word' id='word_1_394' title='bbox 822 3353 887 3396; x_wconf 89' lang='lat' dir='ltr'>csse</span> <span class='ocrx_word' id='word_1_395' title='bbox 936 3338 1138 3411; x_wconf 82' lang='lat' dir='ltr'>vincentem,</span> <span class='ocrx_word' id='word_1_396' title='bbox 1154 3336 1239 3397; x_wconf 92' lang='lat' dir='ltr'>hunc</span> <span class='ocrx_word' id='word_1_397' title='bbox 1252 3355 1271 3395; x_wconf 92' lang='lat' dir='ltr'>a</span> <span class='ocrx_word' id='word_1_398' title='bbox 1283 3341 1384 3396; x_wconf 90' lang='lat' dir='ltr'>morte</span> <span class='ocrx_word' id='word_1_399' title='bbox 1398 3337 1549 3395; x_wconf 90' lang='lat' dir='ltr'>suscitans</span> <span class='ocrx_word' id='word_1_400' title='bbox 1562 3345 1586 3395; x_wconf 66' lang='grc' dir='ltr'>ν.</span> <span class='ocrx_word' id='word_1_401' title='bbox 1600 3357 1616 3393; x_wconf 81' lang='lat' dir='ltr'>s</span> <span class='ocrx_word' id='word_1_402' title='bbox 1632 3338 1706 3409; x_wconf 82' lang='lat' dir='ltr'>Quis</span> 
     </span>
     <span class='ocr_line' id='line_1_34' title="bbox 112 3427 1703 3508; baseline -0.001 -19"><span class='ocrx_word' id='word_1_403' title='bbox 112 3428 298 3493; x_wconf 61' lang='lat' dir='ltr'>factum.»</span> <span class='ocrx_word' id='word_1_404' title='bbox 335 3429 401 3490; x_wconf 88' lang='lat' dir='ltr'>Hoc</span> <span class='ocrx_word' id='word_1_405' title='bbox 427 3429 529 3508; x_wconf 90' lang='lat' dir='ltr'>ipsum</span> <span class='ocrx_word' id='word_1_406' title='bbox 558 3429 672 3506; x_wconf 86' lang='lat' dir='ltr'>passim</span> <span class='ocrx_word' id='word_1_407' title='bbox 701 3427 888 3488; x_wconf 85' lang='lat' dir='ltr'>Athanasius</span> <span class='ocrx_word' id='word_1_408' title='bbox 936 3447 1000 3489; x_wconf 91' lang='lat' dir='ltr'>nou</span> <span class='ocrx_word' id='word_1_409' title='bbox 1021 3428 1135 3488; x_wconf 89' lang='lat' dir='ltr'>istisin</span> <span class='ocrx_word' id='word_1_410' title='bbox 1156 3427 1259 3490; x_wconf 79' lang='lat' dir='ltr'>uerbis</span> <span class='ocrx_word' id='word_1_411' title='bbox 1277 3431 1422 3487; x_wconf 90' lang='lat' dir='ltr'>naturam</span> <span class='ocrx_word' id='word_1_412' title='bbox 1446 3432 1610 3504; x_wconf 89' lang='lat' dir='ltr'>utramque</span> <span class='ocrx_word' id='word_1_413' title='bbox 1631 3446 1703 3506; x_wconf 90' lang='lat' dir='ltr'>per-</span> 
     </span>
     <span class='ocr_line' id='line_1_35' title="bbox 112 3518 1708 3599; baseline -0.001 -18"><span class='ocrx_word' id='word_1_414' title='bbox 112 3518 281 3599; x_wconf 80' lang='lat' dir='ltr'>significat.</span> <span class='ocrx_word' id='word_1_415' title='bbox 312 3521 365 3580; x_wconf 84' lang='lat' dir='ltr'>Fst</span> <span class='ocrx_word' id='word_1_416' title='bbox 392 3526 498 3580; x_wconf 90' lang='lat' dir='ltr'>autem</span> <span class='ocrx_word' id='word_1_417' title='bbox 521 3518 572 3579; x_wconf 90' lang='lat' dir='ltr'>hic</span> <span class='ocrx_word' id='word_1_418' title='bbox 590 3520 675 3580; x_wconf 87' lang='lat' dir='ltr'>locus</span> <span class='ocrx_word' id='word_1_419' title='bbox 693 3520 730 3579; x_wconf 87' lang='lat' dir='ltr'>ad</span> <span class='ocrx_word' id='word_1_420' title='bbox 758 3521 887 3580; x_wconf 91' lang='lat' dir='ltr'>demon·</span> <span class='ocrx_word' id='word_1_421' title='bbox 937 3521 1058 3596; x_wconf 83' lang='lat' dir='ltr'>lectam,</span> <span class='ocrx_word' id='word_1_422' title='bbox 1093 3521 1153 3581; x_wconf 87' lang='lat' dir='ltr'>hoc</span> <span class='ocrx_word' id='word_1_423' title='bbox 1175 3525 1221 3580; x_wconf 90' lang='lat' dir='ltr'>est</span> <span class='ocrx_word' id='word_1_424' title='bbox 1242 3520 1343 3579; x_wconf 88' lang='lat' dir='ltr'>Deum</span> <span class='ocrx_word' id='word_1_425' title='bbox 1364 3518 1467 3593; x_wconf 87' lang='lat' dir='ltr'>simul,</span> <span class='ocrx_word' id='word_1_426' title='bbox 1493 3524 1524 3578; x_wconf 89' lang='lat' dir='ltr'>et</span> <span class='ocrx_word' id='word_1_427' title='bbox 1546 3518 1708 3580; x_wconf 89' lang='lat' dir='ltr'>homiuem</span> 
     </span>
     <span class='ocr_line' id='line_1_36' title="bbox 112 3609 1709 3689; baseline 0 -16"><span class='ocrx_word' id='word_1_428' title='bbox 112 3613 277 3673; x_wconf 74' lang='lat' dir='ltr'>strmdam</span> <span class='ocrx_word' id='word_1_429' title='bbox 301 3617 487 3672; x_wconf 84' lang='lat' dir='ltr'>naturarum</span> <span class='ocrx_word' id='word_1_430' title='bbox 504 3609 727 3684; x_wconf 85' lang='lat' dir='ltr'>differentiam,</span> <span class='ocrx_word' id='word_1_431' title='bbox 748 3611 890 3672; x_wconf 90' lang='lat' dir='ltr'>etunius</span> <span class='ocrx_word' id='word_1_432' title='bbox 940 3611 1176 3673; x_wconf 81' lang='lat' dir='ltr'>animadvertit?</span> <span class='ocrx_word' id='word_1_433' title='bbox 1210 3612 1274 3672; x_wconf 89' lang='lat' dir='ltr'>Hoc</span> <span class='ocrx_word' id='word_1_434' title='bbox 1298 3629 1372 3672; x_wconf 84' lang='lat' dir='ltr'>vero</span> <span class='ocrx_word' id='word_1_435' title='bbox 1397 3610 1512 3689; x_wconf 87' lang='lat' dir='ltr'>posito,</span> <span class='ocrx_word' id='word_1_436' title='bbox 1540 3610 1605 3671; x_wconf 86' lang='lat' dir='ltr'>ruit</span> <span class='ocrx_word' id='word_1_437' title='bbox 1630 3612 1709 3673; x_wconf 89' lang='lat' dir='ltr'>illud</span> 
     </span>
     <span class='ocr_line' id='line_1_37' title="bbox 110 3702 1709 3784; baseline 0 -19"><span class='ocrx_word' id='word_1_438' title='bbox 110 3704 298 3784; x_wconf 77' lang='lat' dir='ltr'>composita</span> <span class='ocrx_word' id='word_1_439' title='bbox 319 3709 442 3763; x_wconf 81' lang='lat' dir='ltr'>naturae</span> <span class='ocrx_word' id='word_1_440' title='bbox 458 3702 662 3763; x_wconf 76' lang='lat' dir='ltr'>movendam</span> <span class='ocrx_word' id='word_1_441' title='bbox 682 3703 891 3781; x_wconf 88' lang='lat' dir='ltr'>suspicionem</span> <span class='ocrx_word' id='word_1_442' title='bbox 941 3704 1101 3784; x_wconf 84' lang='lat' dir='ltr'>Anonymi</span> <span class='ocrx_word' id='word_1_443' title='bbox 1121 3704 1325 3783; x_wconf 87' lang='lat' dir='ltr'>figmentum,</span> <span class='ocrx_word' id='word_1_444' title='bbox 1350 3721 1386 3763; x_wconf 88' lang='lat' dir='ltr'>ac</span> <span class='ocrx_word' id='word_1_445' title='bbox 1408 3702 1566 3763; x_wconf 89' lang='lat' dir='ltr'>somnium</span> <span class='ocrx_word' id='word_1_446' title='bbox 1588 3709 1709 3765; x_wconf 73' lang='lat' dir='ltr'>naturae</span> 
     </span>
     <span class='ocr_line' id='line_1_38' title="bbox 112 3795 1237 3875; baseline -0.001 -20"><span class='ocrx_word' id='word_1_447' title='bbox 112 3796 261 3875; x_wconf 87' lang='lat' dir='ltr'>apprime</span> <span class='ocrx_word' id='word_1_448' title='bbox 274 3795 443 3856; x_wconf 88' lang='lat' dir='ltr'>notandus.</span> <span class='ocrx_word' id='word_1_449' title='bbox 458 3796 549 3871; x_wconf 89' lang='lat' dir='ltr'>Nam,</span> <span class='ocrx_word' id='word_1_450' title='bbox 560 3800 596 3855; x_wconf 90' lang='lat' dir='ltr'>ut</span> <span class='ocrx_word' id='word_1_451' title='bbox 609 3812 705 3874; x_wconf 87' lang='lat' dir='ltr'>supra</span> <span class='ocrx_word' id='word_1_452' title='bbox 718 3812 783 3855; x_wconf 92' lang='lat' dir='ltr'>non</span> <span class='ocrx_word' id='word_1_453' title='bbox 795 3795 892 3855; x_wconf 90' lang='lat' dir='ltr'>semel</span> <span class='ocrx_word' id='word_1_454' title='bbox 941 3796 1034 3857; x_wconf 87' lang='lat' dir='ltr'>unius</span> <span class='ocrx_word' id='word_1_455' title='bbox 1048 3796 1237 3875; x_wconf 83' lang='lat' dir='ltr'>compositas.</span> 
     </span>
    </p>
   </div>
   <div class='ocr_carea' id='block_1_3' title="bbox 110 3885 1711 3968">
    <p class='ocr_par' dir='ltr' id='par_1_3' title="bbox 110 3885 1711 3968">
     <span class='ocr_line' id='line_1_39' title="bbox 110 3885 1711 3968; baseline 0 -18"><span class='ocrx_word' id='word_1_456' title='bbox 110 3888 409 3965; x_wconf 80' lang='lat' dir='ltr'>animadvertimus,</span> <span class='ocrx_word' id='word_1_457' title='bbox 430 3887 557 3967; x_wconf 86' lang='lat' dir='ltr'>quando</span> <span class='ocrx_word' id='word_1_458' title='bbox 575 3905 615 3948; x_wconf 89' lang='lat' dir='ltr'>ex</span> <span class='ocrx_word' id='word_1_459' title='bbox 630 3885 752 3948; x_wconf 90' lang='lat' dir='ltr'>duabus</span> <span class='ocrx_word' id='word_1_460' title='bbox 771 3889 892 3949; x_wconf 84' lang='lat' dir='ltr'>natrrris</span> <span class='ocrx_word' id='word_1_461' title='bbox 982 3888 1031 3949; x_wconf 87' lang='lat' dir='ltr'>Sic</span> <span class='ocrx_word' id='word_1_462' title='bbox 1053 3887 1087 3948; x_wconf 93' lang='lat' dir='ltr'>in</span> <span class='ocrx_word' id='word_1_463' title='bbox 1112 3886 1255 3968; x_wconf 83' lang='lat' dir='ltr'>perbrevi</span> <span class='ocrx_word' id='word_1_464' title='bbox 1280 3891 1415 3947; x_wconf 85' lang='lat' dir='ltr'>tractatu</span> <span class='ocrx_word' id='word_1_465' title='bbox 1441 3885 1477 3947; x_wconf 87' lang='lat' dir='ltr'>de</span> <span class='ocrx_word' id='word_1_466' title='bbox 1502 3887 1711 3951; x_wconf 80' lang='lat' dir='ltr'>Iccuraotc&#39;cnc</span> 
     </span>
    </p>
   </div>
   <div class='ocr_carea' id='block_1_4' title="bbox 149 4086 1657 4161">
    <p class='ocr_par' dir='ltr' id='par_1_4' title="bbox 149 4086 1657 4161">
     <span class='ocr_line' id='line_1_40' title="bbox 149 4086 1657 4161; baseline -0.005 -13"><span class='ocrx_word' id='word_1_467' title='bbox 149 4110 173 4150; x_wconf 85' lang='lat' dir='ltr'>a</span> <span class='ocrx_word' id='word_1_468' title='bbox 192 4093 304 4150; x_wconf 78' lang='lat' dir='ltr'>Amtt</span> <span class='ocrx_word' id='word_1_469' title='bbox 323 4089 372 4143; x_wconf 74' lang='lat' dir='ltr'>ital</span> <span class='ocrx_word' id='word_1_470' title='bbox 383 4088 470 4143; x_wconf 73' lang='grc' dir='ltr'>λοιπὸν</span> <span class='ocrx_word' id='word_1_471' title='bbox 494 4086 629 4150; x_wconf 79' lang='grc' dir='ltr'>ίεείνους</span> <span class='ocrx_word' id='word_1_472' title='bbox 615 4109 650 4151; x_wconf 86' lang='grc' dir='ltr'>ως</span> <span class='ocrx_word' id='word_1_473' title='bbox 667 4088 794 4160; x_wconf 73' lang='grc' dir='ltr'>ἄνθρωπον</span> <span class='ocrx_word' id='word_1_474' title='bbox 817 4086 891 4143; x_wconf 68' lang='grc' dir='ltr'>αὐτὸν</span> <span class='ocrx_word' id='word_1_475' title='bbox 979 4089 1123 4146; x_wconf 79' lang='lat' dir='ltr'>dArttttt.</span> <span class='ocrx_word' id='word_1_476' title='bbox 1143 4087 1250 4161; x_wconf 65' lang='grc' dir='ltr'>Χριστὸς</span> <span class='ocrx_word' id='word_1_477' title='bbox 1264 4087 1312 4160; x_wconf 84' lang='grc' dir='ltr'>γάρ</span> <span class='ocrx_word' id='word_1_478' title='bbox 1323 4087 1352 4141; x_wconf 72' lang='grc' dir='ltr'>τὸ</span> <span class='ocrx_word' id='word_1_479' title='bbox 1361 4090 1544 4160; x_wconf 79' lang='grc' dir='ltr'>συναμφότερον</span> <span class='ocrx_word' id='word_1_480' title='bbox 1553 4090 1657 4143; x_wconf 83' lang='grc' dir='ltr'>νοειτατ</span> 
     </span>
    </p>
   </div>
   <div class='ocr_carea' id='block_1_5' title="bbox 111 4164 1713 4332">
    <p class='ocr_par' dir='ltr' id='par_1_5' title="bbox 111 4164 1713 4332">
     <span class='ocr_line' id='line_1_41' title="bbox 112 4164 1713 4249; baseline -0.002 -21"><span class='ocrx_word' id='word_1_481' title='bbox 112 4176 243 4249; x_wconf 74' lang='grc' dir='ltr'>θρῡντσς,</span> <span class='ocrx_word' id='word_1_482' title='bbox 259 4170 336 4228; x_wconf 78' lang='grc' dir='ltr'>δι’ὦν</span> <span class='ocrx_word' id='word_1_483' title='bbox 351 4172 478 4244; x_wconf 80' lang='grc' dir='ltr'>1ργάζεται</span> <span class='ocrx_word' id='word_1_484' title='bbox 493 4171 576 4244; x_wconf 79' lang='grc' dir='ltr'>ἔργον,</span> <span class='ocrx_word' id='word_1_485' title='bbox 591 4170 663 4244; x_wconf 73' lang='grc' dir='ltr'>πείσῃ</span> <span class='ocrx_word' id='word_1_486' title='bbox 678 4170 712 4243; x_wconf 76' lang='grc' dir='ltr'>μὴ</span> <span class='ocrx_word' id='word_1_487' title='bbox 727 4164 789 4224; x_wconf 75' lang='grc' dir='ltr'>εἶναι</span> <span class='ocrx_word' id='word_1_488' title='bbox 807 4171 893 4225; x_wconf 71' lang='grc' dir='ltr'>ἑαυτὸν</span> <span class='ocrx_word' id='word_1_489' title='bbox 980 4172 1054 4229; x_wconf 73' lang='lat' dir='ltr'>ald</span> <span class='ocrx_word' id='word_1_490' title='bbox 1079 4171 1186 4244; x_wconf 76' lang='grc' dir='ltr'>Χριστος</span> <span class='ocrx_word' id='word_1_491' title='bbox 1207 4174 1335 4243; x_wconf 73' lang='grc' dir='ltr'>τοιγαροῦν</span> <span class='ocrx_word' id='word_1_492' title='bbox 1357 4171 1386 4224; x_wconf 88' lang='grc' dir='ltr'>το</span> <span class='ocrx_word' id='word_1_493' title='bbox 1405 4173 1587 4245; x_wconf 75' lang='grc' dir='ltr'>συναμφότερον</span> <span class='ocrx_word' id='word_1_494' title='bbox 1610 4171 1713 4235; x_wconf 78' lang='grc' dir='ltr'>εῦσεῦῶς</span> 
     </span>
     <span class='ocr_line' id='line_1_42' title="bbox 111 4248 1057 4332; baseline -0.004 -21"><span class='ocrx_word' id='word_1_495' title='bbox 111 4259 253 4332; x_wconf 67' lang='grc' dir='ltr'>άσθρυωον</span> <span class='ocrx_word' id='word_1_496' title='bbox 264 4258 350 4329; x_wconf 70' lang='grc' dir='ltr'>μόνον</span> <span class='ocrx_word' id='word_1_497' title='bbox 362 4254 477 4310; x_wconf 73' lang='grc' dir='ltr'>ἀλλὰκαὶ</span> <span class='ocrx_word' id='word_1_498' title='bbox 490 4255 556 4322; x_wconf 77' lang='grc' dir='ltr'>θεον,</span> <span class='ocrx_word' id='word_1_499' title='bbox 569 4273 601 4307; x_wconf 79' lang='grc' dir='ltr'>κα</span> <span class='ocrx_word' id='word_1_500' title='bbox 599 4248 678 4308; x_wconf 80' lang='lat' dir='ltr'>idaco</span> <span class='ocrx_word' id='word_1_501' title='bbox 691 4248 807 4323; x_wconf 76' lang='grc' dir='ltr'>ἀληθινοῦ</span> <span class='ocrx_word' id='word_1_502' title='bbox 817 4255 893 4326; x_wconf 87' lang='grc' dir='ltr'>λόγον</span> <span class='ocrx_word' id='word_1_503' title='bbox 945 4254 1057 4311; x_wconf 85' lang='grc' dir='ltr'>νοείσθω.</span> 
     </span>
    </p>
   </div>
   <div class='ocr_carea' id='block_1_6' title="bbox 111 4331 1717 4582">
    <p class='ocr_par' dir='ltr' id='par_1_6' title="bbox 111 4331 1717 4582">
     <span class='ocr_line' id='line_1_43' title="bbox 111 4331 1716 4415; baseline -0.002 -18"><span class='ocrx_word' id='word_1_504' title='bbox 111 4342 272 4415; x_wconf 59' lang='lat' dir='ltr'>adunetur.</span> <span class='ocrx_word' id='word_1_505' title='bbox 986 4337 1103 4413; x_wconf 65' lang='lat' dir='ltr'>flbid..</span> <span class='ocrx_word' id='word_1_506' title='bbox 1111 4336 1188 4392; x_wconf 73' lang='lat' dir='ltr'>Oi</span> <span class='ocrx_word' id='word_1_507' title='bbox 1163 4355 1208 4405; x_wconf 84' lang='grc' dir='ltr'>την</span> <span class='ocrx_word' id='word_1_508' title='bbox 1221 4335 1353 4391; x_wconf 80' lang='grc' dir='ltr'>θπθστααιν</span> <span class='ocrx_word' id='word_1_509' title='bbox 1371 4337 1485 4410; x_wconf 77' lang='grc' dir='ltr'>χωρίζων</span> <span class='ocrx_word' id='word_1_510' title='bbox 1504 4331 1547 4391; x_wconf 74' lang='grc' dir='ltr'>τοῦ</span> <span class='ocrx_word' id='word_1_511' title='bbox 1566 4338 1620 4391; x_wconf 89' lang='grc' dir='ltr'>θεοῦ</span> <span class='ocrx_word' id='word_1_512' title='bbox 1640 4340 1716 4410; x_wconf 84' lang='grc' dir='ltr'>λόγον</span> 
     </span>
     <span class='ocr_line' id='line_1_44' title="bbox 149 4415 1358 4497; baseline -0.008 -14.681"><span class='ocrx_word' id='word_1_513' title='bbox 149 4425 268 4484; x_wconf 78' lang='lat' dir='ltr'>blbtd.</span> <span class='ocrx_word' id='word_1_514' title='bbox 291 4422 338 4486; x_wconf 82' lang='grc' dir='ltr'>Ὧς</span> <span class='ocrx_word' id='word_1_515' title='bbox 357 4421 405 4496; x_wconf 87' lang='grc' dir='ltr'>γάρ</span> <span class='ocrx_word' id='word_1_516' title='bbox 419 4422 524 4497; x_wconf 79' lang='grc' dir='ltr'>ἀόρατος</span> <span class='ocrx_word' id='word_1_517' title='bbox 539 4423 586 4486; x_wconf 82' lang='grc' dir='ltr'>ὢν,</span> <span class='ocrx_word' id='word_1_518' title='bbox 600 4420 650 4476; x_wconf 72' lang='grc' dir='ltr'>ἀπὸ</span> <span class='ocrx_word' id='word_1_519' title='bbox 668 4427 718 4477; x_wconf 87' lang='grc' dir='ltr'>τῶν</span> <span class='ocrx_word' id='word_1_520' title='bbox 738 4424 782 4489; x_wconf 78' lang='grc' dir='ltr'>τῆς</span> <span class='ocrx_word' id='word_1_521' title='bbox 795 4419 896 4482; x_wconf 80' lang='grc' dir='ltr'>κτίσεως</span> <span class='ocrx_word' id='word_1_522' title='bbox 947 4419 996 4475; x_wconf 72' lang='grc' dir='ltr'>ἀπὸ</span> <span class='ocrx_word' id='word_1_523' title='bbox 1010 4441 1054 4475; x_wconf 86' lang='grc' dir='ltr'>του</span> <span class='ocrx_word' id='word_1_524' title='bbox 1039 4415 1097 4474; x_wconf 79' lang='grc' dir='ltr'>ἐκ</span> <span class='ocrx_word' id='word_1_525' title='bbox 1109 4420 1207 4492; x_wconf 85' lang='grc' dir='ltr'>Μαρίας</span> <span class='ocrx_word' id='word_1_526' title='bbox 1221 4419 1358 4491; x_wconf 80' lang='grc' dir='ltr'>ἀνθρώπου.</span> 
     </span>
     <span class='ocr_line' id='line_1_45' title="bbox 112 4500 1717 4582; baseline -0.004 -20"><span class='ocrx_word' id='word_1_527' title='bbox 112 4510 198 4582; x_wconf 69' lang='grc' dir='ltr'>ἔργων</span> <span class='ocrx_word' id='word_1_528' title='bbox 223 4509 382 4581; x_wconf 75' lang='grc' dir='ltr'>γινώσκεται.</span> <span class='ocrx_word' id='word_1_529' title='bbox 409 4506 486 4569; x_wconf 81' lang='grc' dir='ltr'>οθτως</span> <span class='ocrx_word' id='word_1_530' title='bbox 507 4505 632 4578; x_wconf 75' lang='grc' dir='ltr'>ἅνθρωπος</span> <span class='ocrx_word' id='word_1_531' title='bbox 656 4507 796 4577; x_wconf 81' lang='grc' dir='ltr'>γενόμενος,</span> <span class='ocrx_word' id='word_1_532' title='bbox 816 4503 857 4556; x_wconf 82' lang='grc' dir='ltr'>καὶ</span> <span class='ocrx_word' id='word_1_533' title='bbox 872 4500 896 4555; x_wconf 81' lang='grc' dir='ltr'>ἔν</span> <span class='ocrx_word' id='word_1_534' title='bbox 982 4504 1125 4574; x_wconf 75' lang='lat' dir='ltr'>gArutrt.</span> <span class='ocrx_word' id='word_1_535' title='bbox 1145 4501 1204 4565; x_wconf 86' lang='grc' dir='ltr'>Υίθς</span> <span class='ocrx_word' id='word_1_536' title='bbox 1218 4520 1244 4555; x_wconf 88' lang='grc' dir='ltr'>τε</span> <span class='ocrx_word' id='word_1_537' title='bbox 1264 4504 1299 4555; x_wconf 81' lang='grc' dir='ltr'>ὢν</span> <span class='ocrx_word' id='word_1_538' title='bbox 1316 4501 1411 4570; x_wconf 84' lang='grc' dir='ltr'>ἀληθως</span> <span class='ocrx_word' id='word_1_539' title='bbox 1425 4506 1468 4556; x_wconf 89' lang='grc' dir='ltr'>τοῦ</span> <span class='ocrx_word' id='word_1_540' title='bbox 1492 4502 1558 4567; x_wconf 86' lang='grc' dir='ltr'>θεοῦ,</span> <span class='ocrx_word' id='word_1_541' title='bbox 1574 4503 1661 4575; x_wconf 82' lang='grc' dir='ltr'>γέγονε</span> <span class='ocrx_word' id='word_1_542' title='bbox 1676 4504 1717 4556; x_wconf 74' lang='grc' dir='ltr'>καὶ</span> 
     </span>
    </p>
   </div>
   <div class='ocr_carea' id='block_1_7' title="bbox 112 4584 1717 4750">
    <p class='ocr_par' dir='ltr' id='par_1_7' title="bbox 112 4584 1716 4750">
     <span class='ocr_line' id='line_1_46' title="bbox 112 4584 1716 4669; baseline -0.002 -26"><span class='ocrx_word' id='word_1_543' title='bbox 112 4595 220 4665; x_wconf 64' lang='grc' dir='ltr'>σύμ-τι</span> <span class='ocrx_word' id='word_1_544' title='bbox 236 4591 405 4669; x_wconf 71' lang='grc' dir='ltr'>γωροῦρενος,</span> <span class='ocrx_word' id='word_1_545' title='bbox 419 4586 509 4643; x_wconf 69' lang='grc' dir='ltr'>ἐκτῶν</span> <span class='ocrx_word' id='word_1_546' title='bbox 524 4587 601 4660; x_wconf 80' lang='grc' dir='ltr'>ἔργων</span> <span class='ocrx_word' id='word_1_547' title='bbox 617 4589 646 4640; x_wconf 80' lang='grc' dir='ltr'>ἀν</span> <span class='ocrx_word' id='word_1_548' title='bbox 661 4587 789 4659; x_wconf 77' lang='grc' dir='ltr'>γνωσθείη,</span> <span class='ocrx_word' id='word_1_549' title='bbox 805 4584 898 4640; x_wconf 65' lang='lat' dir='ltr'>trista</span> <span class='ocrx_word' id='word_1_550' title='bbox 949 4585 1149 4657; x_wconf 79' lang='grc' dir='ltr'>ο1θςάνθρώπου</span> <span class='ocrx_word' id='word_1_551' title='bbox 1164 4586 1204 4638; x_wconf 77' lang='grc' dir='ltr'>καθ</span> <span class='ocrx_word' id='word_1_552' title='bbox 1220 4584 1354 4658; x_wconf 76' lang='grc' dir='ltr'>μονογενὴς</span> <span class='ocrx_word' id='word_1_553' title='bbox 1369 4585 1467 4646; x_wconf 80' lang='grc' dir='ltr'>ὢνοίθς</span> <span class='ocrx_word' id='word_1_554' title='bbox 1481 4591 1523 4640; x_wconf 85' lang='grc' dir='ltr'>τοῦ</span> <span class='ocrx_word' id='word_1_555' title='bbox 1538 4586 1604 4651; x_wconf 85' lang='grc' dir='ltr'>θεοῦ,</span> <span class='ocrx_word' id='word_1_556' title='bbox 1619 4589 1716 4658; x_wconf 82' lang='grc' dir='ltr'>γέγονεν</span> 
     </span>
     <span class='ocr_line' id='line_1_47' title="bbox 113 4667 1717 4750; baseline -0.004 -22"><span class='ocrx_word' id='word_1_557' title='bbox 113 4678 264 4750; x_wconf 61' lang='grc' dir='ltr'>ἅνθρωπος,</span> <span class='ocrx_word' id='word_1_558' title='bbox 280 4672 345 4727; x_wconf 79' lang='grc' dir='ltr'>ἀλλά</span> <span class='ocrx_word' id='word_1_559' title='bbox 360 4675 417 4726; x_wconf 84' lang='grc' dir='ltr'>θεοῦ</span> <span class='ocrx_word' id='word_1_560' title='bbox 430 4672 541 4743; x_wconf 81' lang='grc' dir='ltr'>δίναρις,</span> <span class='ocrx_word' id='word_1_561' title='bbox 554 4690 586 4724; x_wconf 76' lang='grc' dir='ltr'>κα</span> <span class='ocrx_word' id='word_1_562' title='bbox 584 4671 685 4742; x_wconf 75' lang='grc' dir='ltr'>ὶλθγος</span> <span class='ocrx_word' id='word_1_563' title='bbox 699 4669 797 4725; x_wconf 72' lang='lat' dir='ltr'>iaciat</span> <span class='ocrx_word' id='word_1_564' title='bbox 822 4675 899 4724; x_wconf 86' lang='grc' dir='ltr'>ταῦτα</span> <span class='ocrx_word' id='word_1_565' title='bbox 950 4669 964 4723; x_wconf 83' lang='grc' dir='ltr'>θ</span> <span class='ocrx_word' id='word_1_566' title='bbox 986 4668 1058 4731; x_wconf 68' lang='lat' dir='ltr'>ababa</span> <span class='ocrx_word' id='word_1_567' title='bbox 1071 4670 1111 4722; x_wconf 75' lang='grc' dir='ltr'>καὶ</span> <span class='ocrx_word' id='word_1_568' title='bbox 1136 4670 1293 4741; x_wconf 82' lang='grc' dir='ltr'>πρωτότοκος</span> <span class='ocrx_word' id='word_1_569' title='bbox 1313 4667 1337 4721; x_wconf 79' lang='grc' dir='ltr'>ἐν</span> <span class='ocrx_word' id='word_1_570' title='bbox 1357 4668 1462 4730; x_wconf 78' lang='grc' dir='ltr'>πολλοῖς</span> <span class='ocrx_word' id='word_1_571' title='bbox 1476 4668 1598 4740; x_wconf 79' lang='grc' dir='ltr'>ἀδελφοῖς·</span> <span class='ocrx_word' id='word_1_572' title='bbox 1615 4669 1652 4722; x_wconf 79' lang='lat' dir='ltr'>ut</span> <span class='ocrx_word' id='word_1_573' title='bbox 1666 4669 1717 4722; x_wconf 79' lang='grc' dir='ltr'>οὗθ’</span> 
     </span>
    </p>
   </div>
   <div class='ocr_carea' id='block_1_8' title="bbox 113 4745 1719 4911">
    <p class='ocr_par' dir='ltr' id='par_1_8' title="bbox 113 4745 1719 4911">
     <span class='ocr_line' id='line_1_48' title="bbox 113 4745 1719 4833; baseline -0.001 -26"><span class='ocrx_word' id='word_1_574' title='bbox 113 4759 302 4833; x_wconf 69' lang='grc' dir='ltr'>θργιζάμςνος.</span> <span class='ocrx_word' id='word_1_575' title='bbox 951 4752 1087 4825; x_wconf 77' lang='grc' dir='ltr'>ἕτεροςμὲν</span> <span class='ocrx_word' id='word_1_576' title='bbox 1102 4748 1131 4820; x_wconf 70' lang='grc' dir='ltr'>ἦν</span> <span class='ocrx_word' id='word_1_577' title='bbox 1145 4752 1160 4805; x_wconf 85' lang='grc' dir='ltr'>θ</span> <span class='ocrx_word' id='word_1_578' title='bbox 1174 4752 1221 4823; x_wconf 74' lang='grc' dir='ltr'>πρὸ</span> <span class='ocrx_word' id='word_1_579' title='bbox 1236 4757 1278 4805; x_wconf 83' lang='grc' dir='ltr'>τοῦ</span> <span class='ocrx_word' id='word_1_580' title='bbox 1297 4750 1473 4822; x_wconf 77' lang='grc' dir='ltr'>Ἄθραὰροίθς</span> <span class='ocrx_word' id='word_1_581' title='bbox 1493 4745 1538 4805; x_wconf 73' lang='grc' dir='ltr'>τοῦ</span> <span class='ocrx_word' id='word_1_582' title='bbox 1555 4752 1621 4817; x_wconf 86' lang='grc' dir='ltr'>θεοῦ,</span> <span class='ocrx_word' id='word_1_583' title='bbox 1637 4753 1719 4823; x_wconf 75' lang='grc' dir='ltr'>ἕτερος</span> 
     </span>
     <span class='ocr_line' id='line_1_49' title="bbox 150 4829 1719 4911; baseline -0.009 -11"><span class='ocrx_word' id='word_1_584' title='bbox 150 4861 169 4900; x_wconf 81' lang='grc' dir='ltr'>ε</span> <span class='ocrx_word' id='word_1_585' title='bbox 188 4846 268 4900; x_wconf 74' lang='lat' dir='ltr'>An.</span> <span class='ocrx_word' id='word_1_586' title='bbox 282 4856 323 4897; x_wconf 82' lang='lat' dir='ltr'>or.</span> <span class='ocrx_word' id='word_1_587' title='bbox 338 4855 376 4896; x_wconf 78' lang='lat' dir='ltr'>tv.</span> <span class='ocrx_word' id='word_1_588' title='bbox 395 4839 478 4893; x_wconf 77' lang='grc' dir='ltr'>Ταῦτα</span> <span class='ocrx_word' id='word_1_589' title='bbox 487 4836 624 4911; x_wconf 73' lang='grc' dir='ltr'>ἀναγκαίως</span> <span class='ocrx_word' id='word_1_590' title='bbox 637 4839 848 4910; x_wconf 71' lang='grc' dir='ltr'>τροεζητήσαρεν,</span> <span class='ocrx_word' id='word_1_591' title='bbox 857 4836 900 4888; x_wconf 80' lang='lat' dir='ltr'>&#39;lca</span> <span class='ocrx_word' id='word_1_592' title='bbox 951 4833 977 4888; x_wconf 74' lang='lat' dir='ltr'>st</span> <span class='ocrx_word' id='word_1_593' title='bbox 989 4835 1003 4889; x_wconf 84' lang='grc' dir='ltr'>θ</span> <span class='ocrx_word' id='word_1_594' title='bbox 1018 4833 1071 4907; x_wconf 79' lang='grc' dir='ltr'>μετ’</span> <span class='ocrx_word' id='word_1_595' title='bbox 1083 4833 1205 4907; x_wconf 79' lang='grc' dir='ltr'>’Λῦραάμ,</span> <span class='ocrx_word' id='word_1_596' title='bbox 1220 4832 1272 4888; x_wconf 72' lang='grc' dir='ltr'>οὐδ’</span> <span class='ocrx_word' id='word_1_597' title='bbox 1287 4829 1415 4904; x_wconf 58' lang='lat' dir='ltr'>terporis</span> <span class='ocrx_word' id='word_1_598' title='bbox 1427 4833 1470 4887; x_wconf 76' lang='grc' dir='ltr'>τὸν</span> <span class='ocrx_word' id='word_1_599' title='bbox 1486 4835 1598 4906; x_wconf 77' lang='grc' dir='ltr'>Λάζαρον</span> <span class='ocrx_word' id='word_1_600' title='bbox 1616 4833 1719 4906; x_wconf 73' lang='grc' dir='ltr'>ἐγείρας,</span> 
     </span>
    </p>
   </div>
   <div class='ocr_carea' id='block_1_9' title="bbox 113 4914 1719 4997">
    <p class='ocr_par' dir='ltr' id='par_1_9' title="bbox 113 4914 1719 4997">
     <span class='ocr_line' id='line_1_50' title="bbox 113 4914 1719 4997; baseline -0.007 -17"><span class='ocrx_word' id='word_1_601' title='bbox 113 4925 159 4981; x_wconf 66' lang='grc' dir='ltr'>ἐὰν</span> <span class='ocrx_word' id='word_1_602' title='bbox 173 4925 280 4997; x_wconf 61' lang='lat' dir='ltr'>Rupta</span> <span class='ocrx_word' id='word_1_603' title='bbox 293 4922 369 4977; x_wconf 79' lang='grc' dir='ltr'>αῦτθν</span> <span class='ocrx_word' id='word_1_604' title='bbox 382 4923 415 4975; x_wconf 80' lang='grc' dir='ltr'>δι’</span> <span class='ocrx_word' id='word_1_605' title='bbox 426 4921 531 4994; x_wconf 75' lang='grc' dir='ltr'>ὀργάνου</span> <span class='ocrx_word' id='word_1_606' title='bbox 544 4925 588 4975; x_wconf 86' lang='grc' dir='ltr'>τοῦ</span> <span class='ocrx_word' id='word_1_607' title='bbox 603 4920 665 4974; x_wconf 79' lang='grc' dir='ltr'>ἰδίου</span> <span class='ocrx_word' id='word_1_608' title='bbox 682 4921 798 4993; x_wconf 78' lang='grc' dir='ltr'>σώματος</span> <span class='ocrx_word' id='word_1_609' title='bbox 815 4920 901 4981; x_wconf 63' lang='lat' dir='ltr'>delato&lt;</span> <span class='ocrx_word' id='word_1_610' title='bbox 953 4920 1034 4991; x_wconf 77' lang='grc' dir='ltr'>ἔτερος</span> <span class='ocrx_word' id='word_1_611' title='bbox 1048 4918 1296 4989; x_wconf 70' lang='grc' dir='ltr'>θὲθπωνθανθμενος</span> <span class='ocrx_word' id='word_1_612' title='bbox 1309 4916 1364 4988; x_wconf 82' lang='grc' dir='ltr'>περὶ</span> <span class='ocrx_word' id='word_1_613' title='bbox 1378 4916 1462 4986; x_wconf 75' lang='grc' dir='ltr'>αὑτοῦ,</span> <span class='ocrx_word' id='word_1_614' title='bbox 1483 4915 1540 4970; x_wconf 87' lang='grc' dir='ltr'>ἀλλ’</span> <span class='ocrx_word' id='word_1_615' title='bbox 1561 4919 1575 4970; x_wconf 81' lang='grc' dir='ltr'>ὁ</span> <span class='ocrx_word' id='word_1_616' title='bbox 1599 4914 1705 4980; x_wconf 63' lang='grc' dir='ltr'>αῦτθςίί</span> <span class='ocrx_word' id='word_1_617' title='bbox 1691 4936 1719 4982; x_wconf 51' lang='lat' dir='ltr'>gs</span> 
     </span>
    </p>
   </div>
   <div class='ocr_carea' id='block_1_10' title="bbox 112 5000 1722 5161">
    <p class='ocr_par' dir='ltr' id='par_1_10' title="bbox 112 5000 1722 5161">
     <span class='ocr_line' id='line_1_51' title="bbox 112 5000 1722 5083; baseline -0.004 -24"><span class='ocrx_word' id='word_1_618' title='bbox 112 5007 273 5083; x_wconf 61' lang='grc' dir='ltr'>πράττοντά</span> <span class='ocrx_word' id='word_1_619' title='bbox 294 5024 330 5072; x_wconf 85' lang='grc' dir='ltr'>τι,</span> <span class='ocrx_word' id='word_1_620' title='bbox 346 5005 363 5071; x_wconf 73' lang='grc' dir='ltr'><strong>ἢ</strong></span> <span class='ocrx_word' id='word_1_621' title='bbox 382 5003 498 5076; x_wconf 73' lang='grc' dir='ltr'>λέγοντα,</span> <span class='ocrx_word' id='word_1_622' title='bbox 520 5005 689 5074; x_wconf 76' lang='grc' dir='ltr'>γινώσνωρεν,</span> <span class='ocrx_word' id='word_1_623' title='bbox 714 5003 753 5056; x_wconf 79' lang='grc' dir='ltr'>ὅτι</span> <span class='ocrx_word' id='word_1_624' title='bbox 776 5002 829 5063; x_wconf 78' lang='grc' dir='ltr'>θεὸς</span> <span class='ocrx_word' id='word_1_625' title='bbox 854 5003 900 5066; x_wconf 82' lang='grc' dir='ltr'>ὢν,</span> <span class='ocrx_word' id='word_1_626' title='bbox 954 5001 1109 5075; x_wconf 72' lang='grc' dir='ltr'>ἀνθρωπίνως</span> <span class='ocrx_word' id='word_1_627' title='bbox 1133 5000 1176 5074; x_wconf 74' lang='lat' dir='ltr'>plu</span> <span class='ocrx_word' id='word_1_628' title='bbox 1187 5001 1277 5074; x_wconf 72' lang='grc' dir='ltr'>λέγων,</span> <span class='ocrx_word' id='word_1_629' title='bbox 1296 5019 1344 5054; x_wconf 80' lang='grc' dir='ltr'>που</span> <span class='ocrx_word' id='word_1_630' title='bbox 1329 5001 1409 5063; x_wconf 76' lang='lat' dir='ltr'>tta</span> <span class='ocrx_word' id='word_1_631' title='bbox 1394 5002 1468 5072; x_wconf 87' lang='grc' dir='ltr'>αρος</span> <span class='ocrx_word' id='word_1_632' title='bbox 1479 5004 1566 5066; x_wconf 75' lang='grc' dir='ltr'>κειται,</span> <span class='ocrx_word' id='word_1_633' title='bbox 1589 5002 1675 5063; x_wconf 77' lang='grc' dir='ltr'>θεὶκῶς</span> <span class='ocrx_word' id='word_1_634' title='bbox 1695 5000 1722 5054; x_wconf 83' lang='grc' dir='ltr'>δὲ</span> 
     </span>
     <span class='ocr_line' id='line_1_52' title="bbox 112 5082 1194 5161; baseline -0.01 -13"><span class='ocrx_word' id='word_1_635' title='bbox 112 5098 202 5147; x_wconf 70' lang='grc' dir='ltr'>ταῦτα</span> <span class='ocrx_word' id='word_1_636' title='bbox 214 5087 358 5161; x_wconf 71' lang='grc' dir='ltr'>ἐργάζεται·</span> <span class='ocrx_word' id='word_1_637' title='bbox 369 5086 411 5140; x_wconf 73' lang='grc' dir='ltr'>καί</span> <span class='ocrx_word' id='word_1_638' title='bbox 422 5086 497 5140; x_wconf 76' lang='grc' dir='ltr'>πάλιν</span> <span class='ocrx_word' id='word_1_639' title='bbox 507 5084 548 5139; x_wconf 72' lang='lat' dir='ltr'>lav</span> <span class='ocrx_word' id='word_1_640' title='bbox 562 5083 654 5157; x_wconf 73' lang='grc' dir='ltr'>ἴδωμεν</span> <span class='ocrx_word' id='word_1_641' title='bbox 666 5082 739 5138; x_wconf 62' lang='lat' dir='ltr'>utto</span> <span class='ocrx_word' id='word_1_642' title='bbox 749 5084 903 5155; x_wconf 80' lang='grc' dir='ltr'>ἀνθρωπίνως</span> <span class='ocrx_word' id='word_1_643' title='bbox 953 5090 1041 5140; x_wconf 84' lang='grc' dir='ltr'>τοῦτον</span> <span class='ocrx_word' id='word_1_644' title='bbox 1056 5083 1194 5156; x_wconf 84' lang='grc' dir='ltr'>άνεγείρων.</span> 
     </span>
    </p>
   </div>
   <div class='ocr_carea' id='block_1_11' title="bbox 111 5167 903 5540">
    <p class='ocr_par' dir='ltr' id='par_1_11' title="bbox 111 5167 903 5540">
     <span class='ocr_line' id='line_1_53' title="bbox 111 5167 903 5243; baseline -0.015 -11"><span class='ocrx_word' id='word_1_645' title='bbox 111 5176 267 5236; x_wconf 66' lang='grc' dir='ltr'>λαλοῦντι,</span> <span class='ocrx_word' id='word_1_646' title='bbox 281 5172 298 5239; x_wconf 79' lang='grc' dir='ltr'><strong>ἦ</strong></span> <span class='ocrx_word' id='word_1_647' title='bbox 311 5171 460 5243; x_wconf 65' lang='grc' dir='ltr'>πάσχοντα,</span> <span class='ocrx_word' id='word_1_648' title='bbox 476 5167 510 5241; x_wconf 66' lang='grc' dir='ltr'>μὴ</span> <span class='ocrx_word' id='word_1_649' title='bbox 524 5168 653 5241; x_wconf 78' lang='grc' dir='ltr'>ἀγνοῶμεν</span> <span class='ocrx_word' id='word_1_650' title='bbox 671 5168 710 5222; x_wconf 77' lang='grc' dir='ltr'>ὅτε</span> <span class='ocrx_word' id='word_1_651' title='bbox 728 5168 807 5240; x_wconf 83' lang='grc' dir='ltr'>σάρκα</span> <span class='ocrx_word' id='word_1_652' title='bbox 819 5172 903 5238; x_wconf 85' lang='grc' dir='ltr'>φορῶν</span> 
     </span>
     <span class='ocr_line' id='line_1_54' title="bbox 112 5261 270 5332; baseline -0.019 1"><span class='ocrx_word' id='word_1_653' title='bbox 112 5261 270 5332; x_wconf 54' lang='lat' dir='ltr'>wm-</span> 
     </span>
     <span class='ocr_line' id='line_1_55' title="bbox 146 5395 597 5454; baseline -0.016 -8"><span class='ocrx_word' id='word_1_654' title='bbox 146 5405 158 5451; x_wconf 70' lang='grc' dir='ltr'>ε</span> <span class='ocrx_word' id='word_1_655' title='bbox 172 5401 240 5447; x_wconf 66' lang='lat' dir='ltr'>ms</span> <span class='ocrx_word' id='word_1_656' title='bbox 253 5397 296 5443; x_wconf 80' lang='lat' dir='ltr'>hoc</span> <span class='ocrx_word' id='word_1_657' title='bbox 308 5396 479 5454; x_wconf 67' lang='lat' dir='ltr'>spartaco,</span> <span class='ocrx_word' id='word_1_658' title='bbox 494 5395 597 5453; x_wconf 69' lang='lat' dir='ltr'>peragit.</span> 
     </span>
     <span class='ocr_line' id='line_1_56' title="bbox 277 5472 428 5540; baseline 0 -3"><span class='ocrx_word' id='word_1_659' title='bbox 277 5472 353 5540; x_wconf 77' lang='lat' dir='ltr'>Tor.</span> <span class='ocrx_word' id='word_1_660' title='bbox 374 5476 428 5539; x_wconf 85' lang='lat' dir='ltr'>Vl.</span> 
     </span>
    </p>
   </div>
   <div class='ocr_carea' id='block_1_12' title="bbox 0 0 2068 6160">
    <p class='ocr_par' dir='ltr' id='par_1_12' title="bbox 0 0 2068 6160">
     <span class='ocr_line' id='line_1_57' title="bbox 0 0 2068 6160; baseline 0 0"><span class='ocrx_word' id='word_1_661' title='bbox 0 0 2068 6160; x_wconf 95' lang='lat' dir='ltr'> </span> 
     </span>
    </p>
   </div>
  </div>
 </body>
</html>
