3936 6152
318 312 377 375 tat
825 281 1151 355 'l'llinbOGlGORUM
1169 282 1388 350 manarant

319 475 418 546 rillus,
448 473 584 533 Joannes
611 468 827 534 Dnmssaenus,
857 455 988 534 aliique,
1009 466 1087 529 quos
1135 448 1243 512 referri
1265 456 1377 531 putam
1398 467 1499 532 posse.
1522 451 1558 511 ln
1577 466 1641 530 quo
1668 443 1811 508 audiendi
1830 445 1883 505 non

320 568 382 628 illic
395 561 589 625 adduximus.
612 559 689 619 Cum
711 554 807 632 igitur
821 558 845 622 ti
861 558 936 628 ἄκρας
948 548 1085 623 ὑπάρξεως,
1136 547 1220 603 sunt,

320 666 357 719 ut
368 655 505 736 loquitur
520 655 734 715 Damascenus,
749 645 808 706 hoc
822 648 869 703 est
879 639 916 701 ab
929 645 996 699 ortu
1011 634 1085 713 ipso,
1177 634 1320 715 Plerique
1334 647 1413 719 post,
1424 636 1568 698 habitauit
1581 639 1613 697 in
1622 632 1715 706 nobis,
1730 629 1884 691 interclusis

321 757 349 813 ct
364 749 451 811 initio
474 741 627 816 assistendi,
649 741 774 821 plenam
794 734 1021 816 perfectamque
1041 743 1088 785 sa·
1136 729 1312 804 parenthesi
1324 731 1523 810 sequentibus
1533 738 1628 810 πλήρης
1636 737 1738 811 χάριτος
1745 733 1883 803 ιιιιιιλιρρς

321 842 484 924 pientiam,
509 843 539 899 et
559 834 688 915 gratiam
711 827 879 907 acceperit;
904 842 960 885 neo
984 821 1086 881 inore·
1136 821 1351 899 committunt3
1372 828 1409 883 ut
1430 828 1462 899 et
1481 824 1634 893 latinum,
1656 819 1775 901 plectum
1791 819 1885 897 eratin

321 940 463 997 mentum
477 930 560 992 illius
573 927 674 988 ullum
687 928 793 1006 postea
810 935 919 1000 mpero
932 910 1084 996 potuerim
1137 928 1209 972 oum
1241 912 1339 977 Verba
1375 916 1511 977 Omnino
1546 932 1619 976 cum
1649 909 1805 992 Uniqcniti
1822 926 1885 968 von

320 1027 519 1089 manifestum
553 1026 608 1093 cst,
637 1037 675 1081 ea
708 1033 817 1079 eorum
837 1008 1000 1079 sententia,
1033 999 1088 1082 qui
1136 1012 1199 1068 ml
1214 1016 1324 1069 διάνοιαν
1338 1007 1591 1088 conjungendum
1613 1010 1669 1075 est,
1686 1002 1774 1084 qnasi
1782 1009 1883 1081 πλήρους,
1906 1021 1945 1065 aa

321 1120 364 1182 sic
394 1118 571 1196 disputant,
605 1111 742 1175 animam
776 1107 858 1168 ihius
889 1116 1029 1169 summa,
1057 1100 1088 1155 et
1137 1097 1166 1158 id
1181 1105 1227 1160 est
1242 1100 1336 1180 pleni,
1351 1101 1481 1180 legatur,
1498 1106 1534 1161 ut
1552 1099 1690 1162 Arabiae
1709 1093 1886 1177 paraphrasis
1928 1090 1960 1122 ¹¹

321 1212 461 1274 absoluta
484 1206 624 1270 numeria
654 1201 799 1265 omnibus
820 1193 965 1259 felicitate
996 1190 1088 1251 luisse
1137 1192 1231 1253 vertit
1243 1194 1410 1274 Interpres.
1423 1194 1466 1255 Ac
1473 1199 1556 1255 recte
1568 1192 1646 1253 illud
1657 1188 1885 1252 animadversum

322 1305 523 1367 cumulatam.
547 1300 626 1360 Nam
647 1297 673 1357 si
694 1294 836 1356 nondum
857 1305 926 1351 eam
951 1286 1089 1345 ameauta
1138 1285 1235 1347 catab
1250 1286 1464 1364 cruditaviro,
1483 1301 1712 1365 nonnunquam
1725 1288 1887 1344 rectnmce

322 1399 412 1473 foret,
427 1394 549 1457 infinito
564 1387 739 1452 discrimine
754 1384 901 1447 abfuisset
919 1399 938 1441 a
955 1375 1090 1459 perfecta
1138 1395 1208 1439 sum
1223 1397 1296 1439 cum
1308 1379 1442 1458 obliquis
1455 1378 1601 1453 construi,
1614 1383 1651 1438 ut
1671 1377 1705 1437 in
1724 1374 1843 1454 epistola
1856 1371 1889 1433 ud

323 1489 484 1571 sapientie,
508 1491 539 1548 et
560 1483 658 1564 gratia
687 1501 695 1540 ι
725 1479 751 1539 si
770 1475 897 1557 quidem
924 1466 1089 1549 Apostolus
1139 1469 1315 1550 Ephesium:
1333 1469 1693 1541 veternosissimam
1707 1465 1888 1545 dicitimplc

323 1587 506 1665 praesentem
515 1579 599 1638 huno
614 1570 781 1648 statum‚in
794 1587 850 1649 qao
862 1560 1090 1644 percerinamnr
1139 1564 1279 1634 rimante,
1295 1570 1354 1626 etc.
1377 1563 1531 1626 Christum
1545 1562 1677 1624 dominre
1697 1581 1754 1643 per
1770 1558 1888 1639 fidenis

324 1670 508 1746 chemlam,
523 1670 583 1730 hoc
596 1672 643 1729 est
657 1663 798 1726 nondum
812 1655 1091 1730 aeternobeatoque
1140 1654 1271 1718 cordibae
1295 1656 1404 1734 vestcr's,
1431 1660 1465 1719 in
1484 1657 1610 1719 caritate
1633 1652 1776 1727 radicati,
1788 1650 1852 1731 ets
1880 1683 1890 1694 ·

324 1768 382 1829 Dei
404 1766 570 1843 conspectu
591 1758 735 1831 fruimur,
760 1751 925 1833 consitione
948 1767 986 1809 en
1004 1750 1091 1827 parte
1140 1747 1216 1825 doti,
1232 1767 1289 1828 pro
1304 1748 1457 1827 radicatis,
1472 1758 1499 1811 et
1519 1748 1666 1828 [credatis.
1684 1749 1721 1808 Et
1739 1746 1773 1806 in
1792 1748 1890 1825 Apocs

324 1862 475 1922 duntaxat
507 1872 572 1917 esse
599 1849 764 1932 praeditum
791 1845 944 1915 affirmat·,
978 1839 1092 1901 futurae
1142 1839 1234 1921 lypsi‚
1249 1842 1392 1924 absequi
1404 1849 1457 1919 cst,
1468 1847 1497 1903 et
1511 1842 1566 1924 qui
1579 1848 1653 1917 crat,
1662 1839 1754 1921 etqui
1768 1845 1890 1899 mutarat

324 1972 398 2015 vero
411 1947 574 2020 felicitatis,
584 1943 752 2026 perfectum
764 1944 864 2001 uocat.
881 1937 987 2013 ltaque
1000 1930 1091 1992 illum
1143 1940 1184 1994 est
1202 1953 1214 1995 .·
1226 1935 1337 2010 Gracc,
1357 1943 1406 1998 ἀπι
1419 1947 1464 1998 ποῦ
1481 1943 1495 1998 t
1511 1943 1558 2010 ὤν,
1568 1942 1632 1997 nott
1646 1939 1687 2011 iv,
1697 1942 1738 1995 και
1751 1940 1765 1993 t
1778 1937 1890 2012 ἐρχόμενος

324 2044 512 2117 infantilem
527 2040 612 2100 huna
624 2035 743 2097 virilem
752 2051 818 2095 esse
827 2027 981 2091 dicttza'c
991 2027 1088 2106 parte,
1144 2024 1205 2087 Ubi
1216 2029 1410 2090 nominativus
1421 2047 1478 2107 pro
1491 2027 1624 2109 penitino
1637 2026 1786 2087 redditur.
1795 2022 1892 2083 Eadem

325 2137 451 2218 inquid,
466 2130 671 2213 connascimus,
686 2135 714 2188 ct
727 2133 856 2206 capture
867 2119 1087 2204 prophetamus:
1144 2126 1175 2182 et
1195 2119 1229 2182 in
1242 2126 1389 2201 sequente
1402 2139 1505 2196 venen,
1518 2126 1550 2182 et
1564 2119 1699 2182 enebrinr
1712 2118 1804 2179 etiem
1821 2114 1891 2176 enni.
1965 2125 1966 2128 ¹

326 2234 401 2294 (λιιι
415 2236 512 2290 autem
523 2222 635 2286 venerit
648 2218 725 2302 quod
735 2218 900 2298 persenam
907 2223 1089 2290 cancerem·
1143 2212 1222 2292 lage.
1239 2215 1287 2275 lta
1300 2232 1385 2293 ergo,
1399 2222 1493 2295 πλήρης
1507 2231 1564 2293 pro
1575 2221 1668 2293 πλήρη,
1685 2210 1735 2271 vel
1746 2212 1892 2288 retinerent

326 2323 406 2384 ditur·
419 2317 496 2403 quod
516 2335 554 2379 ccc
568 2318 656 2397 purte
671 2320 721 2373 cst.
738 2306 840 2384 ltem⁸‚
862 2305 996 2368 Videmus
1015 2320 1092 2364 nunc
1144 2307 1183 2368 ad
1198 2309 1344 2389 ρονογιιοῦς
1357 2306 1522 2388 pertineat.

324 2436 383 2496 per
397 2412 556 2495 speculum,
573 2409 604 2469 in
628 2410 784 2484 materiate
800 2421 812 2462 .·
829 2408 896 2460 tnnc
909 2406 1004 2461 utitem
1018 2395 1093 2477 lucie
1185 2394 1756 2479 llinoigitnrcompluresveterum,uti
1765 2394 1892 2465 ιιιιίιιιιε,

329 2507 369 2571 ad
378 2508 497 2589 facicm.
514 2501 601 2563 Num
613 2513 746 2578 coenosos
759 2513 797 2555 ec
806 2501 903 2575 parte.
917 2497 986 2551 tunt
998 2498 1094 2550 autem
1145 2511 1183 2555 ex
1194 2493 1254 2555 hoc·
1267 2493 1346 2568 loco,
1355 2498 1387 2554 et
1395 2490 1636 2570 similibus,quaa
1645 2488 1799 2551 Christum
1808 2485 1893 2547 adbuc

330 2616 498 2681 coquoscom
513 2595 589 2655 sicut
602 2599 629 2653 ct
641 2588 776 2669 nonnitus
792 2604 867 2646 snm.
888 2584 962 2657 Quae
984 2581 1096 2641 sivero
1144 2585 1179 2646 in
1205 2585 1296 2646 ienis
1321 2585 1496 2660 viventem,
1521 2581 1747 2661 plenitudinem
1769 2579 1894 2640 hebenini

329 2699 414 2766 sunt,
444 2688 580 2769 profecto
604 2682 743 2745 Christus
770 2679 876 2753 homo,
892 2673 950 2736 nisi
970 2673 1096 2753 plenam
1145 2679 1270 2758 gretie,
1296 2677 1517 2756 sepieniiaeqne
1543 2674 1761 2748 teeiifienntnn3
1786 2670 1893 2732 eenein.

328 2787 415 2848 illam
428 2790 459 2845 ei
476 2779 643 2862 perititiam
655 2771 825 2846 scieniitlm,
840 2786 910 2848 qtlae
934 2767 968 2827 in
989 2770 1096 2846 aperio
1145 2772 1235 2848 duni,
1248 2770 1366 2831 nullam
1376 2769 1416 2828 ad
1425 2768 1494 2829 illas
1502 2766 1777 2829 accessionemesse
1785 2763 1892 2823 factam.

328 2875 495 2941 divinitatis
528 2869 669 2933 contuitu
695 2865 754 2926 sita
778 2870 835 2937 est,
860 2860 899 2922 ab
925 2865 997 2920 ortn
1030 2858 1096 2937 ipso
1146 2865 1193 2923 Ex
1224 2881 1286 2942 quo
1312 2862 1521 2941 argumentari
1557 2859 1649 2932 licet,
1678 2858 1796 2919 beatam
1822 2854 1895 2915 illius

328 2979 437 3034 nactus
450 2969 498 3029 sit.
522 2961 649 3026 nonnisi
675 2964 774 3041 ρερινήν
788 2969 890 3036 γνῶσιν,
905 2953 965 3014 hoc
983 2956 1030 3013 est
1047 2970 1097 3012 ra·
1146 2956 1259 3017 animae
1272 2955 1425 3015 visionem
1438 2952 1492 3014 Dei
1506 2970 1571 3013 esse
1584 2967 1767 3012 eeneessem.
1788 2943 1897 3024 Alioqui

328 3064 405 3141 dem,
423 3071 449 3124 et
473 3058 640 3121 inchoatum
667 3049 876 3132 coercitionem,
904 3064 969 3106 non
991 3050 1097 3106 autem
1146 3049 1246 3110 multo
1262 3048 1444 3127 ampliorem
1457 3050 1565 3125 postea
1587 3039 1896 3123 sapientiamadeptns

329 3158 455 3237 plenmn
465 3158 496 3215 et
508 3149 674 3232 perfectam
684 3149 729 3205 est
738 3146 910 3214 assecutum
926 3135 1098 3199 nechabuit
1147 3147 1247 3216 essct3
1263 3145 1294 3201 et
1306 3158 1414 3201 revera
1427 3143 1534 3199 auctus
1547 3143 1626 3198 esset
1639 3134 1799 3215 sapientia.

330 3247 478 3309 thesauros
492 3260 586 3304 omncs
605 3238 768 3319 sapientie,
783 3241 809 3293 ct
823 3231 954 3292 scientim
968 3229 1026 3291 Dei
1033 3248 1041 3304 ;
1067 3233 1099 3289 et
1188 3236 1267 3296 Sunt
1287 3237 1318 3294 et
1337 3232 1397 3292 elin
1410 3230 1576 3309 Seriptnne
1590 3227 1776 3297 testimonia,
1788 3241 1826 3286 ex
1840 3220 1896 3301 qui-

330 3361 348 3402 a
374 3338 487 3422 puerili
523 3330 698 3412 cognitione
730 3327 769 3388 ad
799 3325 922 3385 virilem
955 3321 1094 3402 profecit.
1147 3326 1206 3387 bus
1222 3327 1306 3386 idem
1331 3324 1433 3403 colligi
1448 3322 1526 3383 solet
1547 3321 1586 3381 ab
1606 3319 1734 3382 eruditis
1753 3314 1896 3392 theologis,

331 3433 455 3495 Frustra
468 3446 541 3505 ergo
556 3424 677 3507 plenam
697 3419 784 3480 illam
798 3419 907 3495 erat-im
923 3422 951 3476 et
965 3413 1097 3475 veritatis
1148 3419 1186 3481 de
1201 3418 1314 3498 quibus
1327 3417 1389 3495 legi
1404 3421 1502 3493 potest
1514 3413 1662 3475 Melchior
1675 3414 1775 3473 Cantas
1788 3409 1820 3469 in
1831 3407 1896 3468 libra

330 3528 432 3588 visum
455 3542 473 3585 a
499 3539 532 3582 so
557 3521 687 3579 testatur
718 3509 913 3589 Evallgtlisttt
946 3507 1093 3568 J08n1108·
1144 3508 1379 3573 duodecimode
1399 3508 1469 3569 locis
1484 3506 1676 3587 Tdcoloqicis,
1696 3504 1793 3584 capite
1806 3498 1897 3573 mnia

332 3621 410 3681 Nam
424 3617 550 3699 plenum
560 3629 625 3673 non
634 3612 691 3684 eat,
702 3602 894 3686 quodadhnc
903 3599 1095 3679 implendum
1149 3624 1210 3686 quo
1224 3604 1291 3665 fase
1303 3602 1505 3682 questionem
1519 3601 1609 3660 istam
1623 3602 1797 3678 pertractat.

333 3718 388 3774 cst.
1189 3698 1226 3757 V.
1250 3697 1330 3757 Nam
1343 3693 1424 3774 quod
1446 3692 1486 3753 ad
1504 3699 1683 3753 sanctorum
1700 3692 1827 3750 Petrum
1838 3700 1898 3746 auc·

372 3800 427 3864 IV.
449 3799 492 3862 ne
505 3814 567 3879 qao
581 3789 710 3857 ioannis
729 3790 798 3852 1⁰0⁰
814 3792 850 3849 ut
866 3785 966 3848 obiter
985 3784 1096 3859 dicam,
1149 3789 1305 3851 toritatem
1319 3787 1439 3859 attinet,
1454 3803 1608 3866 perpauca
1622 3788 1696 3844 sunt
1716 3796 1864 3862 expressa,
1874 3780 1899 3834 et

162 3834 297 3894 Expendrtur

182 3893 286 3988 ,Jffigfffi
332 3883 825 3960 illudobservandumvenit‚non
839 3880 912 3942 satis
926 3877 1100 3959 expeditam
1150 3882 1336 3945 nominatim
1357 3880 1396 3940 de
1419 3895 1564 3956 supreme
1583 3880 1656 3937 ente
1670 3881 1802 3935 menen
1820 3877 1847 3933 et
1858 3885 1898 3929 n-

160 3999 310 4061 cranmere·
334 3989 416 4052 illius
429 4004 494 4049 esse
507 3983 669 4044 rationem.
691 3978 769 4039 Nam
784 3977 891 4036 Graeca
904 3971 994 4034 lectio
1008 3980 1101 4051 πλήρης
1151 3974 1373 4037 surrectionem
1387 3970 1497 4031 Christi
1511 3969 1652 4031 felicitate
1674 3970 1820 4046 concepta
1828 3960 1898 4023 testi·

179 4056 288 4149 εἶπ’ῗιπῖἷπ
334 4093 444 4168 χάριτος,
459 4088 499 4142 καλ
513 4080 598 4157 σοφίας
607 4074 640 4135 in
652 4068 829 4134 nominandi
840 4086 922 4143 casu,
939 4085 975 4128 ac
987 4080 1101 4145 genere
1151 4067 1267 4129 monia.
1282 4066 1322 4127 Et
1332 4082 1402 4143 quae
1415 4061 1544 4143 proferri
1568 4061 1700 4122 solunte
1718 4055 1898 4139 quibusdam,

334 4175 515 4250 mascano,
531 4184 680 4250 quorsum
690 4164 853 4246 pertineat,
873 4167 908 4222 ut
928 4166 958 4223 et
978 4162 1098 4239 Latina,
1151 4179 1215 4223 uno
1235 4157 1364 4219 forsitan
1386 4162 1525 4234 excepto,
1550 4153 1669 4233 liquido
1692 4168 1762 4213 rem
1788 4148 1899 4210 minime

332 4257 825 4352 plmnmqratioectoa’itutis,non
836 4254 1099 4316 constateruditis.
1151 4255 1373 4316 demonstrant.
1392 4249 1477 4309 Unus
1490 4247 1551 4321 hic,
1562 4262 1657 4327 quem
1675 4243 1850 4321 nicatoras
1863 4239 1901 4298 est

335 4363 663 4442 Clrrysostomaantipn
675 4352 709 4413 in
731 4346 896 4411 accusandi
908 4364 979 4409 casu
992 4347 1101 4427 legisse
1151 4343 1348 4425 ⁴augustinis
1371 4340 1610 4422 questionem
1636 4339 1675 4399 de
1698 4327 1901 4415 orrannum
1944 4369 1960 4376 ε

333 4455 465 4528 videtur,
483 4464 515 4514 et
533 4449 572 4510 ad
591 4455 662 4518 δόξαν
677 4445 803 4517 referre,
820 4448 970 4521 tanquam
991 4440 1102 4501 Latine
1151 4438 1210 4500 bus
1227 4457 1234 4498 :
1250 4435 1304 4497 arbi
1317 4432 1450 4495 sirscitati
1466 4452 1486 4493 a
1497 4432 1628 4493 Domino
1647 4430 1755 4490 Lazari
1772 4420 1900 4504 allegori-
1917 4398 1960 4443 “”

333 4546 456 4618 scribas,
472 4541 598 4624 plurium
617 4540 681 4621 ejus
699 4537 817 4619 plenam
834 4534 953 4615 profice,
972 4541 999 4595 et
1017 4532 1101 4594 veri·
1153 4548 1222 4593 cam
1255 4526 1515 4608 significationem
1549 4523 1718 4605 explicans,
1745 4517 1900 4586 sudarium,

334 4639 406 4701 totis
419 4657 431 4699 .·
445 4634 529 4717 quod
551 4633 688 4713 apertius
699 4645 879 4709 expressum
901 4632 947 4689 est
967 4645 986 4687 a
1005 4626 1102 4687 Theo·
1153 4641 1214 4705 quo
1228 4627 1309 4683 tecta
1331 4625 1398 4682 erat
1413 4617 1479 4694 cius
1492 4616 1596 4693 facies,
1613 4616 1747 4695 liguram
1764 4628 1825 4675 esse
1841 4606 1903 4669 dicit

333 4731 490 4813 phylaeto.
510 4727 555 4788 lta
569 4725 664 4786 otiam
686 4720 820 4803 cyrillus
831 4739 840 4795 ;
865 4718 922 4780 etsi
936 4719 970 4779 in
990 4734 1101 4780 excuso
1154 4714 1314 4797 praesentis
1326 4713 1360 4773 in
1371 4709 1461 4772 nobis
1472 4708 1609 4783 visionis,
1621 4726 1681 4788 qua
1695 4698 1903 4789 perSpeculcm

334 4825 438 4886 codice
446 4819 800 4903 niipnlegaturpamm
811 4811 974 4873 commodo
984 4818 1102 4872 sanant.
1152 4806 1281 4870 videmus
1294 4805 1326 4866 in
1339 4803 1495 4883 oenc'qmatc
1505 4798 1529 4861 ⁸:
1538 4800 1621 4880 quod
1629 4818 1701 4861 oum
1714 4796 1823 4859 auferri
1829 4790 1905 4873 jubel

335 4916 423 4991 Quod
441 4914 518 4976 mihi
531 4931 597 4973 non
610 4909 720 4988 placet.
735 4906 899 4983 Nugantar
917 4919 1010 4983 porro
1024 4901 1106 4980 Caje-
1153 4898 1300 4973 Christus,
1320 4896 1402 4956 choo
1416 4900 1473 4970 cst,
1484 4893 1568 4973 quod
1580 4897 1649 4972 post
1660 4892 1741 4952 hanc
1751 4890 1842 4949 vitam
1853 4899 1903 4943 au·

335 5015 437 5085 tanus,
451 5013 481 5068 et
494 5007 650 5077 Erasmus,
664 4999 717 5081 qui
732 4997 846 5060 Plenus
858 4994 966 5075 profice
983 5001 1011 5055 ct
1026 4992 1104 5054 ueri·
1153 4991 1293 5053 ferentur
1306 4987 1410 5049 omnia
1421 4985 1608 5061 velamenta,
1624 4989 1660 5044 ut
1672 4982 1748 5043 facie
1759 4980 1798 5041 ad
1810 4974 1904 5039 faciem

336 5100 409 5163 tntis
442 5099 481 5161 ad
513 5098 667 5159 loannem
700 5089 869 5171 baptistam
906 5085 1106 5167 probabiliter
1155 5082 1325 5145 videamus.
1343 5080 1502 5147 Quantum
1519 5082 1624 5138 autem
1637 5073 1755 5137 intersit
1771 5072 1849 5133 inter
1859 5066 1905 5126 hc

374 5333 396 5375 ct
413 5318 525 5376 Chatti.
540 5314 573 5370 in
585 5313 671 5369 Joavn.
691 5305 752 5363 “Ort
766 5304 861 5379 πλήρης
869 5301 969 5378 pinetam
982 5298 1048 5377 ἔχειν
1062 5299 1105 5373 τὴν
1160 5296 1232 5364 δόξαν
1247 5297 1292 5371 ἔφη
1305 5296 1346 5353 τιν
1360 5294 1413 5351 υἱὸν
1428 5292 1442 5350 ὗ
1456 5294 1664 5369 πιευμειοφὸρις.
1679 5291 1741 5362 Ltg.
1756 5286 1843 5359 πλήρη.

366 5493 376 5528 ⁸
391 5490 410 5539 ll
420 5492 469 5540 Gor.
480 5499 503 5542 v,
516 5485 537 5532 t.
547 5504 575 5519 ··
583 5482 598 5528 t
607 5479 616 5527 1
626 5482 675 5529 Gur.
685 5478 761 5533 rarat.
769 5499 796 5512 —
808 5477 823 5522 8
837 5475 891 5523 lbld.
899 5485 945 5524 aar.
955 5486 994 5523 ιιι.
1007 5472 1055 5520 -t
1063 5473 1117 5530 am.
1131 5482 1167 5527 ru,
1179 5470 1213 5518 tt.
1227 5470 1278 5517 -b
1289 5468 1298 5515 l
1310 5468 1414 5519 Maur.
1428 5464 1462 5511 lt.
