3932 6142
277 240 337 313 tu
781 235 1357 308 ruacmuruauuooauaruu.

277 402 368 481 taeta,
393 403 447 467 sed
470 410 593 477 σῖσιιῖῖσι,
615 401 647 465 ld
671 408 718 465 eat
744 400 925 467 musuleo
947 419 1041 469 nasu,
1092 399 1178 465 trau·
1191 402 1344 479 quedam,
1361 418 1463 483 neque
1480 404 1555 467 raus
1576 404 1718 485 expedita
1731 402 1859 486 quaetio
1887 412 1959 509 32*

278 494 582 561 divinumadstatum
592 501 745 573 provecta.
755 499 950 573 tvtpqaevero,
961 492 1044 571 quod
1096 494 1134 553 de
1147 493 1307 555 achonum
1322 511 1435 572 genere
1448 495 1512 569 illo,
1526 497 1608 575 quod
1623 495 1742 556 mistum
1756 495 1859 575 appel·
1883 472 1959 569 m}

279 605 318 647 ex
338 586 391 647 illa
411 586 578 666 hypostasi,
596 603 666 664 quaa
690 586 807 657 divina,
828 591 859 645 et
883 586 964 646 Deus
985 589 1041 657 est,
1094 583 1151 647 lari
1162 602 1255 663 supra
1268 585 1478 662 notavimua'3
1495 586 1604 667 inquo
1617 587 1757 648 humana
1769 586 1860 647 simul
1883 574 1945 671 Ἦ,

279 684 437 758 tamquam
455 696 557 753 carisa,
570 686 601 737 ct
615 677 766 756 principio
780 676 996 755 proficiscitur.
1095 693 1167 737 curn
1189 676 1295 737 diuina
1319 678 1476 738 concurrit
1497 680 1646 756 operatio,
1662 685 1698 739 ut
1719 680 1755 740 in
1776 679 1862 741 miris
1959 682 1960 743 l

319 771 369 833 Sic
395 771 547 835 Maximus
572 771 606 831 in
630 768 759 848 epistola
788 766 828 829 od
857 766 1044 829 Nicandrum
1095 768 1251 847 operibus,
1267 787 1339 847 qua
1361 787 1418 849 par
1440 789 1563 850 eorpus,
1579 773 1778 852 actionesque
1797 789 1860 831 eor·
1959 764 1960 767 ’

280 862 376 942 Cypri
390 862 580 941 episcopum,
602 862 712 922 al'um
725 877 852 923 carnem
869 860 968 938 ipsam
982 877 1047 920 ease
1095 859 1179 938 poris
1197 861 1338 940 proprias
1358 863 1439 923 heiu
1462 863 1526 941 egit
1551 864 1582 924 in
1609 863 1729 924 Christo
1745 883 1753 924 ε
1768 863 1862 924 veluti

280 955 379 1021 Deum
390 952 542 1015 affirmat:
559 959 627 1017 tum
648 952 715 1030 cius
733 953 956 1017 substantivam
972 970 1046 1029 ope·
1096 969 1168 1015 cum
1194 957 1295 1027 tactu,
1323 953 1373 1015 vel
1393 972 1468 1015 voce
1494 953 1660 1015 sanitatem
1689 960 1746 1015 aut
1768 954 1862 1017 vitam
1960 1010 1961 1069 p

280 1047 433 1109 rationem
454 1062 521 1107 esse
544 1044 694 1119 divinam,
718 1051 845 1124 propter
872 1044 1047 1105 unitionem
1096 1044 1326 1123 repraesentavit
1339 1046 1439 1123 aegris,
1455 1051 1486 1106 at
1506 1046 1650 1121 mortuis,
1665 1046 1750 1125 quod
1768 1063 1862 1123 genus
1960 1072 1961 1143 p

281 1157 354 1200 cum
375 1137 489 1206 Verbo,
518 1137 572 1216 qui
593 1142 705 1199 natura
724 1138 806 1197 Deus
826 1142 933 1198 este.»
959 1136 1048 1197 Unde
1096 1136 1487 1215 usurpateproprierocari
1501 1136 1540 1197 ab
1555 1136 1692 1217 antiquis
1704 1137 1860 1198 diximus:
1894 1148 1961 1217 mg

285 1229 469 1293 «naturales
481 1229 573 1293 etiam
584 1230 779 1309 operationes
789 1229 896 1289 eadem
907 1227 1048 1289 unitione
1097 1232 1204 1306 utpote
1219 1228 1253 1289 iu
1267 1246 1329 1307 quo
1353 1229 1468 1309 duplex
1488 1235 1593 1309 aperte
1613 1229 1694 1291 inest
1713 1229 1861 1309 operatio,

282 1339 338 1403 per
350 1326 450 1383 totum
465 1320 545 1383 inter
558 1339 591 1381 se
609 1320 747 1400 copulari
765 1318 867 1381 dicitl.
884 1340 899 1377 σ
923 1320 960 1378 at
972 1319 1049 1379 falso
1097 1318 1212 1394 divina,
1228 1327 1259 1381 et
1271 1320 1427 1396 humana;
1444 1339 1514 1401 quie
1526 1321 1765 1383 nmheinterse
1776 1339 1863 1401 copu-

282 1412 446 1492 inseriptus
460 1412 567 1492 cyrilli
586 1412 714 1473 uomina
727 1410 806 1472 liber
819 1409 854 1470 de
867 1418 1050 1473 socrosancta
1097 1411 1214 1483 tantur,
1228 1417 1258 1473 et
1271 1420 1461 1474 concurrunt
1474 1415 1513 1475 ad
1526 1414 1666 1492 ejusdem
1681 1414 1784 1475 effoeti
1798 1432 1863 1493 par·
1961 1418 1962 1499 l

124 1523 246 1575 numu
286 1505 312 1569 Τ
310 1504 453 1575 sinitote,
485 1510 652 1583 σῖσσνδρικὴν
664 1509 785 1582 ἐνέργειαν
796 1522 861 1565 nou
876 1502 1049 1580 significare
1098 1504 1155 1565 tim
1174 1504 1315 1579 humani,
1337 1504 1452 1583 partim
1475 1506 1573 1566 divini
1601 1506 1798 1567 molitionem
1810 1525 1819 1581 ;
1840 1506 1861 1566 si
1961 1502 1962 1553 ἶ

112 1589 258 1678 mmm
283 1598 327 1661 ait
351 1594 539 1657 naturalium
571 1594 787 1674 operationum
816 1593 1048 1669 coutruiouem3
1099 1595 1225 1674 quidem
1251 1597 1342 1657 metio
1371 1598 1517 1659 humanm
1544 1603 1677 1675 naimo,
1694 1605 1726 1660 et
1749 1606 1863 1679 ἐνεργείας

283 1690 336 1751 sed
346 1706 499 1749 summam
510 1687 636 1753 illarum
645 1686 911 1764 conjunctionem
922 1703 1050 1747 necnon
1098 1688 1168 1758 luit,
1184 1687 1247 1751 siva
1263 1689 1406 1751 voluntas
1420 1690 1497 1769 ipsa,
1513 1696 1545 1751 at
1558 1690 1689 1764 locutim
1706 1697 1739 1751 at
1754 1689 1863 1751 mortui

283 1782 455 1845 humanam
470 1779 681 1859 operationem
695 1796 760 1840 esse
773 1778 987 1843 deificamus»
1099 1778 1235 1843 hominis
1248 1780 1402 1857 excitatio,
1417 1800 1556 1861 quaepar
1577 1782 1731 1845 humanas
1749 1786 1864 1862 Ινεργεῑις
1887 1802 1963 1887 uterq

325 1874 369 1935 lta
382 1874 519 1935 loannes
529 1873 739 1933 Damascanus
747 1868 826 1931 libro
840 1870 940 1943 tertio,
953 1870 1052 1948 eapite
1099 1872 1173 1931 istas
1192 1877 1238 1932 est
1260 1872 1378 1948 effecta,
1393 1873 1508 1935 divium
1521 1874 1712 1954 operationis
1728 1874 1862 1935 exstitit
1962 1890 1963 1935 ν

284 1965 496 2027 decimonono
506 1963 646 2040 Dionysii
655 1961 1053 2041 rerbailla,quihusassarit
1100 1964 1140 2025 de
1160 1982 1221 2041 quo
1243 1965 1386 2043 aequanti
1411 1966 1510 2043 capita
1532 1966 1687 2045 pluribus.
1701 1967 1775 2028 lam
1797 1983 1865 2026 uero
1962 1942 1963 2023 i

285 2057 440 2119 Christum
454 2055 591 2117 humana
604 2054 1051 2131 uonhumauomoregessissa,
1101 2062 1209 2136 ἐνέργιια
1222 2056 1286 2128 illa,
1302 2057 1366 2118 sive
1380 2058 1517 2137 operatio
1530 2058 1645 2131 diuina,
1664 2077 1729 2120 non
1747 2058 1866 2119 videtur

285 2168 387 2228 nequa
415 2147 521 2208 divina
542 2146 712 2213 secundum
735 2146 833 2209 lleum
855 2146 971 2217 solum,
998 2144 1054 2207 uhi
1101 2149 1244 2208 secunda
1269 2166 1516 2228 personamque
1543 2156 1687 2213 naturam
1707 2146 1869 2229 assumpsit

284 2254 334 2304 τῶν
347 2236 1054 2321 tequeiuveonjunctiouemexplicamhocmodo
1102 2239 1284 2311 humanam,
1310 2241 1342 2301 id
1369 2247 1415 2302 est
1429 2240 1536 2316 Verbi,
1561 2260 1626 2302 esse
1650 2242 1778 2321 propria
1797 2240 1868 2301 :sed

213 2354 220 2367 ·
286 2332 431 2407 declarat,
455 2331 538 2409 quod
565 2349 666 2410 neque
691 2347 797 2391 merus
824 2329 929 2404 homo,
952 2346 1054 2406 neque
1102 2332 1869 2412 toticommunisTrinitati.Eteniminoparatione
1963 2376 1964 2413 3

285 2422 667 2495 nauseantemque
690 2422 784 2481 homo
798 2419 901 2497 aimid,
917 2421 1051 2481 etheus.
1103 2424 1208 2487 divina
1235 2424 1298 2487 duo
1322 2430 1504 2502 spectantur
1532 2443 1540 2485 :
1569 2425 1701 2486 alterum
1723 2425 1790 2504 ejus
1811 2426 1869 2503 ipsa

287 2516 368 2577 Tum
383 2513 479 2587 addit,
497 2534 509 2572 σ
526 2512 604 2575 Nam
625 2518 662 2573 ut
684 2517 868 2577 naturarum
891 2517 923 2573 et
938 2512 1053 2573 unitio-
1103 2514 1287 2587 substantia,
1309 2534 1381 2597 qum
1409 2517 1517 2579 eadem
1546 2535 1673 2596 prorsus
1694 2526 1739 2577 eat
1761 2535 1797 2578 ac
1821 2514 1871 2576 Dei

284 2607 413 2677 tionem,
438 2609 470 2665 ot
490 2605 664 2667 naturalem
688 2603 894 2667 differentiam
918 2603 1055 2682 agnosci-
1104 2607 1282 2669 substantia
1299 2627 1306 2668 ι
1323 2607 1457 2669 alterum
1481 2613 1608 2671 externa
1631 2608 1716 2669 illius
1736 2607 1869 2679 effecto,

285 2717 356 2761 mus
372 2719 379 2758 :
395 2697 439 2759 ita
462 2697 556 2757 etiam
580 2696 770 2759 naturalium
790 2695 1004 2772 voluntatum,
1024 2700 1056 2757 et
1107 2717 1177 2778 qum
1191 2704 1293 2763 ereata
1314 2717 1363 2761 res
1386 2705 1443 2773 est,
1458 2705 1489 2762 et
1511 2700 1545 2761 in
1567 2705 1708 2780 tempore
1724 2699 1803 2761 iacta
1820 2705 1874 2760 :ut

285 2786 567 2870 operationumU
1107 2790 1183 2851 alibi
1210 2790 1408 2855 docuimus'.
1431 2791 1528 2870 Atqui
1550 2797 1698 2855 neutrum
1724 2791 1872 2869 peculiare
1964 2780 1965 2863 i

326 2882 405 2943 Hinc
417 2885 547 2960 apparet
560 2879 826 2959 quemadmodum
839 2879 1056 2941 humanaeom·
1107 2882 1253 2943 Verhoin
1263 2882 1385 2943 Christo
1395 2883 1605 2963 estaperanti;
1621 2883 1786 2945 sodtrihus
1796 2900 1874 2944 eom·
1964 2874 1965 2963 l

285 2993 341 3037 nes
374 2974 509 3035 actiones
542 2971 653 3035 Christi
684 2971 853 3044 deificatae,
881 2971 1057 3050 divinaque
1106 2992 1202 3039 mune
1213 2975 1363 3054 personia,
1374 2975 1528 3053 siquidem
1538 2980 1570 3037 at
1580 2981 1691 3037 ustura
1703 2976 1768 3055 ipsa
1779 2976 1873 3036 trium
1964 2966 1965 2969 '

286 3066 412 3141 faedat,
442 3064 552 3125 intima
576 3063 722 3143 quadam,
749 3069 780 3124 et
811 3063 956 3137 naturali,
984 3081 1057 3140 pro·
1106 3072 1163 3137 est,
1178 3073 1210 3127 et
1229 3085 1308 3146 opus
1331 3066 1487 3131 effectum.
1512 3066 1646 3141 Quinam
1664 3085 1739 3147 ergo
1752 3073 1873 3147 ῖισνῖρσή

287 3158 415 3237 prieque
441 3156 522 3217 dicte
548 3158 698 3219 ratione:
722 3173 787 3215 uon
810 3154 912 3215 solum
934 3160 1058 3233 propter
1106 3159 1226 3223 dicetur
1239 3159 1319 3221 ertio
1333 3159 1445 3221 Christi
1460 3158 1874 3238 ahllerho,ethomiuapra-

288 3249 548 3330 qualemcumque
565 3263 636 3309 cum
658 3248 723 3311 llao
744 3246 846 3307 Verbo
866 3245 1058 3326 conjunctio·
1106 3251 1208 3316 secta?
1222 3253 1271 3313 Au
1289 3269 1354 3311 uon
1377 3251 1536 3313 Trinitatis
1551 3252 1664 3330 potius,
1679 3257 1713 3313 at
1729 3248 1873 3314 humaui·

286 3360 378 3414 nem,
394 3347 426 3402 et
443 3346 625 3403 naturarum
644 3338 725 3403 iuter
747 3356 780 3399 ae
804 3344 945 3401 muttum
970 3355 1058 3398 com·
1110 3343 1181 3407 tntis
1200 3343 1271 3420 J'urc
1299 3343 1454 3405 causanda
1469 3341 1594 3405 veniet?
1620 3342 1707 3417 Quod
1733 3342 1875 3403 sitrium

289 3430 1057 3515 mentionem,velproprietatumcommunionem:
1108 3452 1310 3515 personarum
1334 3434 1441 3499 diviua
1455 3435 1487 3499 in
1502 3435 1623 3497 Christo
1644 3434 1875 3498 communitati

290 3527 352 3587 sive
366 3527 450 3606 quod
465 3527 602 3587 humana
621 3529 735 3587 natura
749 3530 887 3599 auctore,
903 3542 939 3585 ac
951 3523 1059 3583 mode·
1108 3527 1259 3605 operatio,
1274 3544 1379 3591 noune
1393 3526 1566 3603 incuruata,
1581 3527 1613 3588 id
1625 3527 1771 3588 estunita
1782 3524 1873 3598 carni,

289 3625 392 3683 ratore
411 3619 477 3679 Deo
500 3618 543 3678 ita
566 3615 812 3696 guhemahatur,
836 3616 915 3677 nihil
938 3620 973 3676 ut
993 3615 1059 3676 siue
1109 3619 1242 3679 Trinitas
1257 3619 1321 3698 ipsa
1333 3617 1582 3698 videripoterit?
1599 3618 1723 3698 Quippe
1738 3617 1875 3698 superius

290 3708 476 3795 ipsiusuutu
484 3714 858 3788 prorsusagrrct3ve1um
870 3707 1058 3782 aomaxima,
1110 3716 1267 3773 ostensum
1281 3710 1876 3790 esteamdemoperatiouumasscoon-

291 3802 374 3881 quod
389 3800 502 3877 agendi
516 3801 580 3861 rim
595 3805 625 3861 et
636 3800 807 3881 potentiam
820 3800 860 3863 ah
875 3800 979 3863 divina
993 3817 1061 3879 per·
1105 3803 1314 3881 junctionem,
1330 3821 1400 3882 quae
1414 3807 1460 3865 ast
1474 3808 1669 3867 naturarum.
1686 3802 1733 3865 Ex
1753 3818 1813 3880 quo
1830 3817 1876 3861 se·

292 3911 379 3968 aona,
390 3890 1061 3970 tanquamahiormadctermiuantaatpcr·
1109 3896 1227 3974 quitur,
1242 3900 1387 3957 naturam
1402 3895 1501 3973 ipsam
1512 3894 1578 3969 uei,
1593 3893 1766 3973 quatrihus
1778 3910 1873 3973 perac-

292 3982 427 4060 heieute,
447 3989 478 4045 et
489 3983 635 4047 ultimum
652 3983 832 4045 substantiae
851 3983 1062 4062 complaman·
1111 3984 1159 4045 nis
1172 3983 1286 4045 divinis
1299 3982 1454 4058 convenit,
1465 3983 1877 4063 utoparaturcumhumans

294 4082 363 4140 tum
372 4076 538 4141 adhibente
552 4082 684 4156 raperet,
701 4075 768 4139 sino
783 4093 845 4153 quo
859 4093 917 4137 nac
932 4075 1062 4136 existere
1111 4080 1241 4150 natura;
1258 4075 1302 4135 eie
1313 4090 1385 4135 cum
1399 4092 1436 4135 aa
1447 4074 1597 4154 copulari,
1612 4080 1644 4139 et
1657 4074 1753 4139 uniri.

292 4169 326 4235 in
339 4186 446 4231 rerum
459 4173 584 4243 natura,
601 4185 657 4229 nec
671 4168 792 4247 operari
805 4166 935 4233 omuino
945 4167 1063 4246 potuis·
1152 4167 1218 4227 XV.
1239 4166 1278 4226 Ut
1291 4166 1366 4226 huic
1380 4183 1578 4229 (recurremus
1587 4171 1783 4244 argumento,
1794 4179 1878 4243 repe·

292 4269 355 4338 set3
371 4278 410 4321 ex
420 4278 483 4340 quo
493 4259 609 4323 iactum
620 4265 676 4333 est,
692 4265 729 4320 ut
747 4258 940 4339 operationes
953 4276 1062 4322 omnes
1114 4259 1243 4321 tendum
1257 4264 1303 4320 est
1315 4257 1467 4321 memoria
1478 4258 1562 4337 quod
1576 4258 1671 4338 paulo
1691 4263 1764 4319 ante
1781 4253 1875 4333 sigui·

292 4351 1064 4435 hominispropriae,divinaeoeaaerentur,rcreque
1111 4349 1796 4427 licavimus⁸,pomonamdiriuamcxduohus
1807 4363 1878 4407 oon·

292 4451 443 4523 θεανδριιαί.
1112 4448 1204 4516 stare,
1235 4447 1349 4507 nutura
1368 4448 1400 4507 ΘΙ
1430 4452 1525 4523 σχίσει,
1551 4442 1616 4507 tite
1642 4441 1796 4514 relatione,
1821 4454 1877 4499 11oe

333 4535 415 4597 XIV.
437 4536 587 4599 Versatur
614 4540 720 4601 autem
744 4534 805 4597 hoc
825 4534 859 4599 iu
879 4534 947 4599 loco
968 4551 1062 4613 pecu-
1112 4534 1294 4597 altemtram
1318 4532 1378 4597 dici
1406 4534 1505 4599 aulam
1528 4541 1672 4614 oportere
1697 4552 1705 4595 :
1732 4533 1791 4596 imo
1805 4545 1877 4591 ram

331 4738 352 4781 u
373 4722 473 4781 Mittit.
489 4721 563 4795 apud
578 4721 660 4781 Eulh.
674 4723 706 4777 t‘tt
716 4724 828 4793 Pultop.
841 4719 883 4779 tit.
899 4719 998 4781 XVlil.
1017 4717 1065 4781 Ὧς
1113 4735 1169 4774 xix.
1189 4717 1262 4772 Ὅθεν
1284 4717 1424 4790 usurpata
1443 4715 1564 4790 Ινὲργνιαν
1585 4717 1599 4771 ὁ
1622 4716 1706 4783 εἰπὼν,
1724 4714 1878 4785 ciuium

294 4803 348 4870 ἥτε
360 4802 431 4876 σὰρξ,
445 4804 506 4869 θεὸς,
521 4804 588 4872 καὶὴ
602 4804 656 4861 κατ’
671 4803 745 4871 αὐτὴν
757 4802 877 4875 σῦσιώδης
887 4800 1004 4877 ἐνέργεια,
1014 4802 1065 4857 θεῖσι
1114 4805 1167 4867 ταῖς
1179 4803 1288 4874 φυσικαῖς
1302 4799 1431 4875 ἐνεργείαις
1450 4799 1588 4874 εἰσήγαγεν.
1608 4799 1675 4855 ἀλλὰ
1696 4798 1739 4869 τὴν
1761 4796 1792 4860 εἰς
1804 4796 1879 4866 ἀροῖ

295 4887 395 4960 τῇπρὸς
405 4887 447 4940 τὸν
462 4886 530 4958 φύσει
542 4887 595 4941 θεὸν
607 4888 682 4960 λόγον
697 4885 782 4940 truce
794 4886 943 4959 γεγέννηται.
1113 4884 1193 4943 αὐτῶν
1210 4885 1359 4959 παρέστησεν
1375 4884 1472 4955 ἕνωσιν,
1486 4883 1528 4939 aul
1541 4885 1570 4941 rh
1585 4884 1715 4945 azimun
1730 4880 1770 4951 tiu
1783 4878 1877 4949 daupu»-

332 4970 348 5026 ὁ
367 4968 436 5025 ibid.
456 4962 528 5023 Atra
548 4969 591 5042 μὲν
605 4971 651 5042 γὰρ
665 4968 706 5023 διὰ
720 4969 763 5037 τὴν
776 4969 875 5035 ἕνωσιν,
888 4970 930 5022 καὶ
944 4967 987 5035 τὴν
1005 4966 1065 5039 πρὸς
1112 4968 1184 5036 aliqu
1199 4965 1329 5041 ἐνέργειαν.

296 5050 405 5118 ἀλλήλας
418 5049 501 5105 θόλον
515 5058 565 5106 τῶν
573 5058 680 5125 φυσικῶν
694 5050 819 5129 ἐνεργειῶν
829 5047 950 5129 συμφυΐαν
961 5050 1064 5112 aiecius
1147 5051 1169 5107 d
1189 5052 1303 5108 Dlutsc.
1333 5050 1381 5107 lib.
1405 5050 1454 5117 ΙΙΙ,
1482 5065 1543 5122 oup-
1567 5066 1624 5109 xlx.
1644 5047 1735 5120 Ὅπερ
1756 5043 1801 5119 ti?
1828 5048 1877 5096 ¹5¹*

294 5134 354 5206 παρ’
364 5133 445 5188 αὐτῶν
461 5132 636 5208 Ικηρόχθησαν.
1112 5134 1207 5207 φύσεων
1221 5134 1262 5187 aul
1272 5133 1315 5207 τὴν
1326 5134 1423 5205 ἕνωσιν,
1439 5133 1479 5187 ari
1490 5131 1533 5203 σὴν
1544 5133 1645 5206 φυσικὴν
1660 5126 1771 5202 διαφορὰν
1779 5124 1878 5181 taram·

331 5234 347 5274 c
367 5220 477 5274 Craris.
494 5225 562 5274 tom.
579 5220 613 5275 Vl
629 5217 677 5275 lib.
700 5217 737 5274 de
756 5220 871 5275 Sacros.
903 5220 983 5274 Trtu.
1001 5233 1061 5293 cap.
1112 5208 1875 5291 μεθσ·οὕτωςκσῖτῶνφυσικῶνῖελημάσωντε,κσῖένεργειῶν.

324 5383 973 5442 ιςι.-ντσσισισισιν.ν,σρ.ιι.-νςνε.
