3936 6146
153 2747 283 2793 3000000100.

319 267 379 327 298
821 261 1145 325 Triaotootocntttt
1172 261 1388 324 boematum

320 431 388 493 Non
401 436 448 493 est
460 431 638 509 minimum,
661 430 744 510 quod
765 447 943 493 concessum
963 434 1008 490 est
1030 428 1087 489 bo·
1137 428 1284 490 animalia
1298 427 1377 488 nihil
1397 434 1573 503 merentum
1601 429 1673 509 quia
1694 430 1776 492 sicam
1789 431 1895 495 deliba

320 524 408 601 mini,
424 530 460 585 ut
479 543 549 585 cum
568 528 651 585 recta
676 523 827 601 sequitur,
847 521 981 602 gaudeat
996 522 1086 593 inse,
1137 520 1267 593 ratione,
1283 520 1327 581 ita
1341 525 1371 581 et
1386 520 1527 582 libertate
1541 527 1687 583 carent.»

319 618 372 677 sed
386 635 442 696 per
455 616 487 677 id
500 635 592 695 opere
607 635 663 677 suo
677 615 761 676 videt
774 633 806 676 se
827 614 989 675 meliorem
1010 632 1017 673 ι
1035 616 1090 673 aut
1178 612 1306 674 Mirifice
1320 613 1496 673 bernardus
1509 614 1557 674 bis
1568 613 1671 674 verbis
1683 614 1776 675 liberi
1789 615 1898 677 arbitrii

320 716 402 771 certe
417 710 550 789 imputet
563 709 631 782 sibi,
648 709 702 788 qui
717 725 788 769 cum
798 707 909 785 potuit,
925 724 990 767 uon
1004 703 1091 765 dedit
1137 710 1295 779 naturam,
1310 704 1529 784 propriamque
1542 705 1750 768 conditionem
1759 707 1898 786 explicat:

321 820 458 881 operam,
484 809 520 863 ut
544 802 721 863 melioraret
747 819 780 861 se
806 800 907 860 bonis.
932 800 964 862 Si
982 806 1090 862 autem
1138 796 1198 857 boc
1212 802 1258 857 est
1271 796 1337 875 ejus
1350 796 1514 872 facultatis,
1529 797 1568 858 de
1586 816 1650 876 qua
1671 817 1743 859 cum
1760 799 1899 861 catholica

320 894 415 954 bomo
443 895 601 974 potestatis
628 912 693 954 suae
720 910 785 955 non
812 896 909 967 esset,
933 891 1090 970 subjectus
1140 888 1282 950 Ecclesiae
1295 888 1437 949 doctrina
1451 889 1592 966 Lutberi,
1609 896 1640 951 et
1659 891 1900 954 &tumamoris

320 985 422 1046 luerat
433 987 619 1064 necessitati,
635 992 672 1046 ut
683 1003 785 1066 neque
798 984 872 1046 boni
881 985 982 1063 operis
994 984 1089 1047 haba·
1138 980 1260 1059 litigare
1284 999 1349 1040 non
1373 986 1505 1042 cessam.
1529 982 1610 1043 Nam
1631 988 1662 1044 et
1680 982 1900 1045 indifferentem

320 1083 367 1138 ret
379 1078 522 1156 gloriam,
539 1096 641 1158 neque
660 1077 733 1138 mali
753 1094 891 1156 poenam,
907 1076 960 1136 sed
983 1075 1091 1137 fuisset
1139 1072 1222 1133 illius
1246 1073 1285 1133 ad
1304 1078 1472 1153 utrumque
1493 1079 1676 1153 potestatem
1699 1077 1900 1155 exprimit;et

320 1188 421 1230 unum
430 1189 469 1231 ex
478 1170 650 1250 pecoribus.
666 1170 818 1244 Quoniam
827 1186 901 1248 ergo
915 1168 954 1229 ad
967 1174 1089 1229 utrum·
1135 1164 1243 1243 judicii
1263 1183 1329 1226 uon
1351 1166 1389 1226 ad
1404 1183 1506 1226 unum
1527 1166 1644 1246 aliquid
1664 1168 1833 1242 astrictam,
1856 1169 1900 1229 scd

320 1279 382 1339 que
395 1262 469 1323 facti
496 1281 605 1323 sumus
625 1261 793 1340 possibiles,
818 1266 854 1320 ut
867 1279 922 1339 per
933 1261 1089 1338 negligen-
1141 1256 1223 1317 iuter
1237 1257 1299 1317 duo
1312 1274 1493 1337 suspensam
1502 1258 1757 1338 disceptationem
1773 1279 1781 1320 ε
1796 1260 1900 1321 etelec

320 1353 396 1413 tiam
424 1353 652 1433 delinquamus,
670 1354 695 1414 si
716 1354 800 1432 quod
827 1352 907 1413 bene
930 1351 1039 1413 audire
1061 1357 1092 1413 et
1140 1347 1233 1408 tionis
1256 1349 1452 1428 optionisque
1482 1349 1611 1429 perinde
1638 1356 1806 1413 nutantem
1829 1352 1900 1413 inter

320 1445 425 1506 videre
439 1446 598 1523 debemus,
613 1446 705 1520 male,
721 1447 810 1507 idest
834 1450 920 1507 extra
934 1461 1089 1519 normam,
1139 1439 1230 1500 ambo
1245 1440 1485 1520 propensionem
1495 1441 1639 1503 declarat.
1656 1442 1801 1521 Denique
1814 1442 1899 1505 facul·

323 1538 519 1599 strationem
532 1538 1090 1618 audiamus3pervigilantiamautem
1139 1539 1235 1594 tatem
1257 1532 1343 1593 illam
1365 1532 1463 1594 animi
1489 1534 1665 1595 Bernartius
1687 1535 1852 1613 significat,
1869 1554 1899 1596 er

320 1631 441 1686 nattrrae
466 1627 586 1688 bouum
609 1627 834 1701 custodiamus;
856 1633 887 1687 et
915 1625 997 1686 cauti
1024 1643 1090 1686 esse
1141 1624 1301 1705 quaboni,
1317 1625 1430 1686 malive
1444 1626 1564 1702 meriti3
1584 1627 1695 1694 laudis,
1719 1633 1775 1688 aut
1788 1628 1898 1706 vitupe-

322 1734 444 1797 semper
470 1737 536 1779 non
565 1736 739 1798 possumus,
763 1721 847 1797 quia,
860 1718 936 1779 sicut
951 1716 1025 1792 dixi,
1050 1716 1089 1777 ad
1141 1717 1190 1791 rii;
1207 1717 1339 1797 praemii,
1356 1718 1405 1779 vel
1419 1735 1519 1796 poenca
1532 1717 1612 1793 foas,
1628 1724 1659 1780 et
1675 1720 1764 1798 origo
1776 1721 1897 1800 petitur:

322 1814 488 1890 utrumque
501 1810 572 1871 facti
586 1830 694 1872 sumus
713 1810 880 1890 possibiles.
896 1830 911 1868 a
1140 1815 1175 1871 ut
1188 1808 1241 1869 illa
1255 1809 1375 1870 sublata
1387 1810 1465 1871 nihil
1474 1811 1605 1871 istorum
1615 1811 1752 1891 amplius
1765 1814 1897 1892 supersit.

364 1902 443 1961 Item
465 1902 499 1963 in
524 1904 693 1982 appendice
720 1903 798 1965 tomi
819 1903 929 1963 docimi
959 1920 1090 1982 operum
1140 1903 1214 1976 Quae
1229 1902 1420 1980 prescriptio
1439 1907 1547 1963 eontra
1564 1921 1718 1963 novorum
1741 1904 1897 1983 dogmatis

322 1992 496 2070 Augustini,
510 2000 617 2055 auctor
631 1995 692 2068 ille,
709 1995 764 2074 qui
778 2013 952 2056 sermonem
970 1995 1091 2074 scripsit
1141 2003 1243 2055 tarum
1253 1994 1432 2072 praestigias,
1440 1994 1634 2073 ludicrasqua
1642 1996 1898 2074 tergiversationes

322 2084 355 2143 in
370 2084 422 2145 illa
432 2085 528 2147 verba
543 2107 550 2148 :
568 2087 628 2162 oar·
636 2087 739 2169 feccrit
760 2097 788 2148 ct
801 2085 942 2163 docuerit,
964 2088 1019 2165 qui
1032 2093 1091 2147 ter·
1140 2101 1328 2166 magnopere
1338 2086 1657 2147 debetauimadverti:
1670 2087 1724 2166 qui
1734 2086 1898 2149 libertatem

322 2177 383 2237 tius
396 2177 567 2255 ponebatur
588 2181 746 2257 intereos,
762 2181 816 2259 qui
840 2184 914 2240 sunt
927 2177 962 2239 de
989 2178 1091 2240 Verbis
1140 2178 1179 2238 ab
1213 2178 1312 2240 libero
1346 2177 1473 2238 arbitrio
1512 2178 1641 2239 subdole
1673 2179 1897 2256 distinguentes,

323 2266 446 2328 Domini
453 2269 609 2331 secandum
622 2271 807 2332 Macareum.
823 2271 963 2350 «Utjam,
975 2270 1089 2350 inquit,
1139 2270 1265 2349 liquidae
1280 2289 1317 2332 ao
1327 2269 1484 2331 catholica
1498 2270 1620 2331 veritati
1633 2271 1800 2334 farmumac
1811 2272 1896 2334 nebu·

323 2360 418 2420 bomo
445 2361 528 2439 quod
555 2362 689 2423 uoluerit
712 2369 878 2439 mereatur,
894 2368 925 2424 et
945 2382 981 2423 eo
1007 2364 1090 2442 quod
1139 2362 1201 2422 lam
1216 2363 1326 2422 novitii
1340 2362 1453 2421 erroris
1464 2361 1634 2423 obducunt.

323 2452 471 2512 meruerit
481 2453 638 2532 judicetur
654 2475 662 2515 z
678 2460 710 2516 et
721 2456 781 2516 boc
789 2460 891 2515 totum
900 2455 933 2515 in
941 2460 1090 2534 potestate
1179 2454 1251 2515 XII.
1276 2453 1430 2513 Honorius
1441 2453 1729 2532 Augustodunensis
1740 2453 1775 2514 in
1788 2453 1898 2515 librodc

322 2544 459 2604 bominis
485 2547 633 2620 consistit,
649 2547 779 2627 qui'sibi
800 2565 839 2608 ex
857 2548 1003 2626 qualitate
1019 2548 1091 2608 vitae
1140 2544 1415 2621 Proedcstiaotconc,
1434 2550 1465 2605 et
1479 2544 1572 2605 libero
1594 2543 1737 2618 arbitrio,
1761 2531 1928 2607 hnieesscA

323 2638 472 2698 meritum
488 2639 571 2717 quod
584 2639 722 2715 haberet,
738 2639 868 2715 invenit.
887 2662 899 2698 r
1141 2637 1329 2699 contrariam
1341 2654 1406 2696 non
1426 2636 1522 2697 solam
1545 2636 1738 2713 violentiam,
1750 2638 1804 2699 sed
1817 2639 1898 2698 etiam

363 2730 419 2790 Xl.
442 2730 591 2809 Egregius
617 2732 656 2792 ad
679 2732 821 2793 eamdem
835 2731 1019 2793 sententiam
1046 2737 1092 2793 est
1141 2728 1627 2790 necessitatemdeterminantem
1641 2728 1812 2808 siguificat:
1828 2731 1897 2808 ejus·

324 2822 563 2884 bernardilocus
576 2842 744 2886 esermone
757 2841 852 2885 cxxxi
867 2824 897 2884 in
911 2822 1043 2893 Cantica,
1058 2825 1091 2884 in
1140 2840 1200 2901 que
1216 2820 1377 2901 proprium
1390 2838 1455 2881 esse
1464 2820 1653 2901 docetquam
1662 2821 1738 2881 velit
1748 2822 1782 2880 in
1791 2828 1897 2901 partem

322 2932 384 2993 quo
398 2914 488 2976 liberi
511 2914 630 2977 arbitrii
645 2923 756 2979 natura
777 2916 923 2995 graphice
946 2916 1090 2977 describi·
1141 2913 1299 2974 inclinare.
1315 2913 1359 2973 Ac
1380 2912 1518 2992 primum
1532 2914 1641 2973 asserit
1654 2910 1677 2984 ¹,
1701 2914 1801 2973 Deum
1819 2939 1833 2967 ι
1845 2914 1898 2974 tta·

325 3015 384 3081 tur,
401 3025 463 3087 quo
482 3009 751 3086 quam-simillima
771 3009 873 3069 Verbo
888 3026 952 3069 esse
966 3008 1092 3069 videtur
1140 3005 1270 3085 gelisam
1290 3009 1446 3080 naturam,
1463 3009 1494 3064 et
1512 3004 1683 3065 humanam
1702 3003 1742 3064 ad
1757 3022 1791 3064 se
1803 3004 1898 3065 viden·

322 3098 461 3158 bumana
473 3100 617 3160 conditio.
637 3100 791 3161 «arbitrii
810 3100 935 3160 libertas
954 3100 1020 3160 bac
1033 3104 1089 3176 est,
1141 3098 1216 3158 dum
1243 3096 1433 3157 condidisset
1449 3114 1519 3174 quae
1540 3102 1576 3157 ut
1597 3096 1725 3175 aliquod
1750 3096 1898 3175 proprium

323 3190 374 3262 uit,
393 3190 484 3269 plane
507 3191 650 3251 divinum
673 3191 821 3270 quiddam
849 3190 1038 3270 praefulgens
1057 3193 1091 3252 in
1140 3190 1288 3250 meritum
1300 3189 1382 3268 apud
1395 3205 1468 3249 eum
1481 3188 1632 3249 baberent
1638 3233 1648 3265 ,
1668 3189 1754 3268 quod
1767 3207 1898 3251 comune
1947 3206 1966 3263 J

323 3281 438 3356 anima,
466 3284 616 3362 tanquam
642 3300 766 3362 gemma
792 3282 826 3342 in
854 3300 941 3343 atrro.
965 3285 1009 3342 Ex
1034 3286 1092 3345 hac
1140 3299 1209 3342 rara
1233 3281 1335 3356 debet,
1356 3280 1510 3357 justitiam
1535 3281 1581 3340 eis
1607 3280 1693 3340 dedit
1718 3289 1783 3343 :ut
1806 3287 1898 3342 aratam
1965 3322 1966 3339 t

322 3392 435 3453 nempe
450 3375 530 3435 inest
543 3374 589 3435 illi
604 3376 685 3437 inter
698 3375 817 3436 bonum
840 3375 965 3455 quidem
984 3380 1015 3436 et
1028 3394 1092 3436 ma·
1140 3373 1427 3452 plenumgaudium
1435 3371 1742 3448 baberent,liberum
1749 3374 1898 3434 arbitrium
1965 3416 1966 3441 ,

321 3467 387 3527 lum
404 3485 483 3541 ,nec
495 3486 559 3527 non
573 3467 655 3527 iuter
669 3467 776 3543 vitam,
792 3472 823 3527 et
834 3472 979 3544 mortem,
990 3468 1041 3528 sed
1060 3473 1092 3527 et
1140 3465 1276 3540 addidit;
1292 3482 1355 3544 quo
1369 3483 1435 3524 nou
1448 3464 1555 3537 coacti,
1571 3464 1625 3525 sed
1649 3465 1741 3526 liberi
1759 3465 1899 3544 justitian

323 3554 526 3618 nibilominus
545 3558 627 3619 iuter
651 3559 754 3619 lucem
769 3566 799 3620 et
822 3558 977 3633 tenebras,
993 3565 1024 3620 et
1037 3578 1089 3620 co·
1141 3558 1244 3618 datam
1258 3561 1429 3630 servarent,
1441 3562 1473 3617 et
1484 3556 1527 3616 sic
1546 3574 1669 3635 semper
1696 3575 1770 3619 cum
1782 3576 1818 3618 eo
1831 3556 1898 3616 baua

322 3649 420 3728 gnitio
441 3649 561 3728 judicii,
583 3655 615 3710 et
636 3651 721 3729 optio
748 3651 882 3730 eligendi
906 3671 913 3711 :
933 3656 964 3712 et
983 3651 1009 3711 ai
1029 3670 1090 3730 qua
1140 3653 1316 3727 regnarent.
1333 3668 1348 3704 a
1365 3648 1481 3708 Deinde
1505 3648 1659 3727 quaerenti
1676 3648 1832 3726 quomodo
1844 3664 1898 3707 non

321 3740 474 3816 suntalia,
491 3759 562 3819 quaa
581 3741 724 3802 similiter
745 3742 824 3802 circs
837 3742 935 3802 animi
947 3742 1089 3802 habitum
1141 3758 1249 3801 omnes
1273 3758 1330 3800 nec
1358 3740 1481 3816 Aegiali,
1497 3757 1555 3805 nee
1573 3739 1716 3800 homines
1740 3739 1897 3811 salvantur,

323 3849 388 3891 sese
403 3850 419 3891 e
433 3831 560 3910 regione
573 3832 723 3912 respicere
737 3833 899 3894 videantur
916 3833 1090 3895 :nibilomi-
1146 3854 1157 3889 u
1188 3850 1260 3893 eum
1286 3832 1366 3892 Deus
1393 3831 1468 3892 velit
1507 3849 1615 3892 omnes
1651 3830 1753 3891 salvos
1774 3830 1839 3892 fieri
1856 3847 1896 3903 μ
1965 3890 1966 3897 χ

322 3941 382 3982 nus
402 3924 483 3983 inter
505 3922 572 4002 ipsa
593 3923 749 3984 censorius
772 3925 898 4003 quidam
935 3925 1089 3986 arbiteris
1142 3924 1317 4002 respondet,
1344 3944 1359 3982 u
1386 3923 1591 4002 perditionem
1620 3923 1819 4003 pereuntium
1844 3937 1898 3981 non

322 4014 435 4074 anima
448 4015 554 4075 cirillus
568 4015 713 4095 dijudicat
726 4023 756 4076 et
770 4017 934 4091 discernit3
950 4017 1028 4077 sicut
1041 4035 1091 4077 ar·
1141 4016 1306 4096 procedere
1327 4034 1366 4076 ex
1389 4016 1552 4076 voluntate
1576 4015 1651 4089 Dei;
1668 4014 1722 4075 sed
1747 4034 1786 4077 ex
1810 4013 1898 4074 libero
1965 4074 1966 4101 ,

322 4105 402 4166 biter
423 4106 457 4167 in
480 4107 693 4184 discernendo,
714 4108 809 4169 sicin
833 4109 976 4187 eligendo
1000 4108 1089 4170 liber.
1141 4106 1724 4187 arbitric,quospontejustitiam,quae
1735 4111 1898 4186 estpacmn
1965 4104 1966 4113 ’

323 4199 411 4259 Unde
426 4208 456 4259 et
470 4198 604 4260 liberum
618 4200 800 4261 nominatur
829 4200 987 4277 urbitium,
1004 4202 1088 4280 quod
1141 4200 1351 4277 beatitudiuis,
1366 4194 1898 4276 deserunt.»Equangelusiuquit
1965 4210 1966 4281 ᾗ

322 4291 412 4351 liceat
428 4293 543 4352 versari
566 4293 598 4353 in
616 4292 664 4352 his
684 4312 740 4371 pro
764 4293 894 4353 arbitrio
911 4293 1089 4353 voluntatis.
1142 4292 1229 4353 nulla
1251 4291 1532 4371 praedestinatione,
1547 4290 1633 4351 nulla
1651 4291 1829 4351 necessitate
1848 4292 1901 4347 tra·
1927 4299 1933 4310 ·
1965 4298 1966 4361 t

323 4383 398 4444 lade
424 4384 519 4444 bomo
546 4384 583 4444 ad
613 4386 855 4463 promerendum
876 4385 967 4465 potis.
991 4387 1092 4446 Omne
1141 4383 1235 4444 hante
1257 4403 1264 4444 :
1285 4383 1338 4444 sed
1365 4382 1431 4442 sola
1451 4382 1548 4442 libera
1575 4381 1737 4443 uoluntate
1761 4379 1900 4461 justitiam

323 4476 437 4536 etenim
452 4474 535 4555 quod
548 4476 656 4536 feceris
679 4476 809 4553 bonum,
825 4477 991 4549 malumve,
1009 4477 1092 4556 quod
1142 4475 1288 4535 deseruit.
1317 4475 1419 4534 Homo
1446 4472 1587 4534 similiter
1615 4472 1702 4533 nulla
1720 4474 1752 4533 vi
1775 4477 1898 4543 coacta,
1965 4478 1966 4559 t

323 4564 522 4646 quidemnon
535 4566 634 4628 facere
644 4566 776 4628 liberum
791 4569 840 4639 ait,
857 4568 968 4629 merito
979 4569 1018 4627 ad
1028 4585 1091 4627 me·
1142 4566 1229 4627 nulla
1242 4565 1423 4627 necessitate
1438 4564 1607 4643 impulsus;
1626 4564 1680 4624 sed
1693 4561 1900 4626 liberarolun·

323 4658 418 4720 ritum
437 4665 610 4739 reputatur.
633 4661 671 4719 Et
692 4665 729 4719 ut
746 4660 855 4719 merito
880 4659 1025 4719 laudatur
1038 4659 1092 4738 qui
1141 4656 1364 4738 tatejustitiam
1374 4656 1519 4728 deserant,
1535 4661 1566 4716 et
1587 4655 1746 4734 injustitias
1759 4674 1788 4715 se
1802 4651 1900 4714 subdi·
1965 4660 1966 4667 ’

323 4751 424 4829 potuit
436 4751 536 4812 iacere
561 4752 653 4826 mala,
678 4757 709 4811 et
721 4770 786 4811 non
801 4750 874 4812 lecit
891 4771 898 4812 :
914 4751 967 4811 sed
985 4756 1017 4811 et
1037 4751 1091 4829 qui
1142 4748 1197 4808 dit.
1222 4772 1237 4806 a
1255 4750 1386 4827 Quippe,
1402 4754 1437 4807 ut
1449 4747 1543 4827 paulo
1557 4753 1626 4827 post
1639 4748 1692 4822 ait,
1711 4742 1900 4807 «liberumiis
1965 4812 1966 4829 χ

325 4842 425 4920 potuit
440 4860 505 4903 non
519 4843 721 4919 lacerebcna,
737 4842 921 4904 etieeitzita
936 4842 1017 4902 malo
1027 4861 1092 4902 non
1141 4841 1308 4902 arbitrium
1322 4841 1418 4916 dedit,
1430 4840 1461 4900 id
1475 4846 1520 4900 est
1534 4857 1601 4899 suae
1613 4838 1901 4914 voluntatiscompo
1965 4834 1966 4859 ¹

326 4938 409 4993 caret
422 4934 539 4994 merito·
555 4941 620 4995 tam
639 4934 676 5008 is,
703 4936 757 5013 qui
784 4935 886 5014 potuit
908 4953 972 4994 nou
992 4933 1092 4995 iacere
1140 4933 1280 5006 tesiccit,
1297 4932 1444 5012 quiahoc
1463 4949 1527 4992 suae
1544 4929 1723 5010 perfectioni
1740 4927 1897 4999 couvenit3
1965 4920 1966 5011 l

326 5022 419 5097 mala,
435 5031 466 5084 et
479 5024 1090 5106 fecit,quamquipotuitetfaeerebona,
1141 5032 1177 5086 ut
1199 5025 1276 5085 nibil
1301 5025 1358 5084 nisi
1381 5022 1552 5103 perlectum
1578 5023 1755 5084 absolveret.
1780 5017 1898 5081 Perteoti
1965 5028 1966 5089 t

326 5121 357 5175 et
371 5113 530 5176 uorrfecit.
548 5116 605 5176 Ubi
627 5123 732 5178 autem
746 5135 809 5178 non
824 5124 870 5179 est
883 5118 1021 5193 libertas,
1036 5137 1092 5179 nce
1142 5117 1227 5177 enim
1251 5121 1446 5189 narrassent,
1468 5114 1677 5176 siliberinon
1701 5120 1809 5174 essem.
1830 5108 1900 5170 Etsi

326 5206 484 5267 meritum.
500 5208 820 5288 proptereaquasunt
828 5213 962 5277 carentia
973 5211 1092 5271 catione
1144 5209 1233 5269 liberi
1245 5228 1310 5270 uon
1324 5214 1436 5285 essent,
1452 5207 1625 5270 necessitati
1639 5215 1675 5269 ut
1687 5205 1790 5267 bestiae
1804 5202 1898 5279 subja·
1965 5208 1966 5299 J

353 5406 362 5449 t
379 5404 462 5452 Honor.
474 5412 527 5455 tom.
540 5404 567 5451 iil
579 5402 634 5452 bart.
