3936 6152
481 285 532 345 DE
552 274 858 346 INOARNATIONE,
879 273 954 335 LIB.
977 273 1016 351 X,
1038 272 1125 335 ΟΑΡ.
1146 275 1190 336 X.

71 458 267 539 putarentnon
276 451 380 514 minus
392 449 483 532 impii
497 445 738 518 &crassenturii
755 440 809 523 qui

71 548 228 609 inultorum
245 545 379 607 revoluti
399 543 547 605 morbum
565 540 705 615 insaniae,
726 536 812 598 Chri·

72 646 137 701 stum
155 638 196 700 ita
217 638 294 700 coelo
320 637 460 716 alligant,
484 643 520 698 ut
541 652 582 697 ne
602 627 813 695 sacramentali

73 724 812 813 quidempraescntianobiscumrersaripatiantur.

73 827 105 887 lle
115 843 172 905 quo
184 825 303 887 dicstm
316 843 373 886 suo
386 823 454 889 loco
465 821 619 903 pluribus.

8 946 47 983 ru
104 921 249 999 liupertns
282 918 316 979 in
346 915 567 979 commentario
602 912 637 974 in
659 910 814 980 Joaunem,

75 1011 180 1091 qusque
206 1011 303 1072 verba
329 1009 388 1070 ista
404 1029 412 1070 ι
430 1009 467 1070 In
488 1004 618 1090 propria
640 1003 732 1077 uenit,
753 1001 818 1061 hac

75 1103 179 1164 scn'bit:
203 1124 219 1161 c
239 1102 334 1164 Venit
358 1108 463 1163 autem
481 1119 547 1161 non
564 1097 703 1159 localiter
727 1094 819 1175 (Deus

75 1196 168 1275 quippe
181 1200 237 1271 est,
252 1195 336 1256 uude
351 1203 383 1257 ct
396 1191 612 1272 constutquia
623 1189 739 1268 ubique
749 1182 817 1265 est.)

74 1288 148 1350 lenit
158 1306 231 1349 sane
243 1306 306 1349 non
319 1287 357 1349 de
372 1288 441 1349 loco
455 1287 493 1347 ad
505 1278 818 1353 locumtranseuud03

75 1371 819 1460 sedquicratinvisibilis,visibilemseexhibendo.

76 1474 181 1535 Namin
202 1475 322 1536 mundo
343 1479 410 1535 erat
431 1491 487 1553 per
512 1468 716 1535 divinitatem,
732 1464 820 1543 cnjus

76 1564 496 1641 siessevelmaneretvenit
508 1557 821 1624 auteminmnudum

76 1678 117 1738 prr
127 1659 360 1733 humanitatem,
376 1659 464 1738 cujus
473 1661 519 1719 est
531 1656 589 1733 irc,
606 1658 637 1715 et
649 1653 687 1715 de
700 1652 769 1713 loco
782 1649 820 1709 ad

76 1752 158 1813 loarm
165 1753 338 1816 transire.»

8 1876 52 1919 aa
106 1846 185 1925 llngo
198 1847 302 1908 itema
316 1848 348 1909 S.
373 1845 509 1923 Victore,
525 1841 729 1924 quaestionem
740 1839 821 1900 hauc

8 1935 44 1973 '⁸‘
77 1954 105 1998 cx
119 1939 247 2018 professo
266 1937 457 2019 disceptans¹
475 1957 484 2013 ;
503 1958 519 1996 a
532 1935 602 1997 Noli
615 1935 719 2016 itaque
730 1930 821 1993 dubi·

77 2035 136 2107 tare,
149 2031 200 2107 ait,
211 2032 256 2093 ibi
267 2050 353 2094 nunc
366 2049 431 2093 esse
445 2030 606 2091 homiuem
615 2028 723 2089 lesum
738 2023 822 2085 Chri-

77 2127 152 2199 slum,
166 2126 406 2188 praeventurus
419 2129 476 2200 est,
486 2139 599 2202 nempe
612 2120 645 2180 iu
659 2119 747 2195 coelo,
758 2133 820 2197 quo

79 2216 112 2278 ise
123 2219 199 2279 risus
212 2226 268 2295 cst,
284 2220 317 2280 in
330 2218 431 2280 forma
444 2216 555 2289 carnis,
571 2219 662 2293 atqua
678 2210 820 2272 substan·

79 2309 118 2371 tia.
130 2311 183 2372 Cui
200 2312 337 2392 profecto
355 2309 621 2371 immortalitatem
644 2304 738 2379 dedit,
754 2321 821 2364 sar-

78 2419 134 2462 uem
152 2422 213 2464 uon
230 2404 368 2466 abstulit.
392 2402 571 2464 Secundum
592 2399 673 2460 hanc
686 2397 819 2458 formam

79 2511 126 2554 uon
139 2504 181 2557 cst
191 2498 345 2575 putandus
356 2497 471 2575 ubique
484 2493 623 2555 diffusus.
640 2490 819 2551 cavendum

79 2592 113 2647 at
123 2590 211 2667 enirn,
220 2609 261 2652 ne
275 2590 319 2651 ita
333 2588 525 2650 diuinitatem
534 2591 709 2646 astruamus
721 2579 821 2642 homi·

79 2678 124 2753 uis,
138 2688 169 2742 ut
181 2683 341 2744 teutatem
356 2679 493 2761 corporis
501 2677 687 2740 auferamus.
698 2675 768 2735 Non
775 2682 822 2735 est

78 2781 300 2855 conprensus
314 2774 446 2854 quadiu
459 2769 692 2844 necestuosis
705 2767 821 2845 ubique

79 2865 238 2930 satuens.
253 2865 372 2941 »Quod
389 2864 531 2947 pluribus
549 2864 756 2934 demonstrat3
774 2864 819 2919 at·

79 2976 125 3037 qne
136 2961 174 3021 ita
185 2962 311 3024 demum
323 2957 499 3022 concludit:
515 2978 530 3015 a
544 2955 700 3017 Christum
716 2956 820 3013 autem

80 3051 222 3115 Dominum
242 3059 384 3115 nostrum
404 3050 600 3130 unigenitum
618 3047 673 3108 Dei
694 3045 818 3120 Filium,

79 3146 206 3223 aqualem
219 3146 313 3222 Patri,
329 3145 536 3223 eumdemque
558 3139 693 3201 hominis
706 3136 818 3211 filium,

78 3252 127 3313 quo
139 3239 231 3318 major
242 3246 288 3302 est
300 3240 405 3314 Pater,
421 3243 451 3299 et
473 3235 590 3315 ubique
610 3250 676 3293 nou
698 3229 821 3292 darbites

77 3343 129 3392 isse
139 3337 233 3394 tatum
246 3336 442 3412 prasentem,
458 3335 608 3408 tanquam
619 3327 769 3401 Derim,et
786 3322 821 3383 in

78 3422 168 3484 eodem
192 3424 306 3504 templo
334 3423 389 3485 Dei
412 3439 476 3484 esse
497 3425 598 3481 totum
622 3421 819 3499 praesentem,

78 3514 204 3593 tanquam
236 3515 462 3577 inhabitantem
487 3514 604 3587 Deum3
629 3515 660 3572 ct
690 3508 724 3569 in
754 3507 821 3568 loco

79 3602 166 3686 aliquo
178 3608 253 3686 coeli,
269 3615 397 3689 propter
408 3604 475 3668 seri
491 3603 628 3686 corporis
650 3601 817 3663 modum.»

109 5390 180 5438 lieu
190 5393 271 5447 llutu.
285 5393 396 5439 litasse.
410 5388 448 5445 M·
458 5391 513 5446 part.
526 5383 554 5439 ll,
567 5394 614 5441 cap.
626 5395 650 5428 u.

226 5475 301 5538 Tou.
323 5473 375 5535 Vl.

1086 770 1310 860 CAPUT
1354 773 1408 860 X.

867 1102 922 1166 Ec
933 1103 1133 1185 superioribus
1147 1104 1274 1167 Petram
1288 1105 1472 1166 testimoniis
1491 1103 1638 1187 callipon-

907 1197 1106 1274 terrationes,
1121 1196 1156 1258 ob
1165 1197 1422 1278 quasimmensitos
1435 1197 1540 1260 diuina
1549 1207 1637 1258 natu·

909 1310 975 1352 ram
1002 1289 1161 1351 humanam
1189 1290 1359 1372 formaliter
1386 1309 1445 1352 non
1473 1289 1581 1373 afficit.
1605 1294 1637 1353 2.

911 1382 1042 1458 θεωειηι
1053 1383 1210 1463 praecipuo
1225 1392 1277 1461 est,
1293 1381 1373 1465 quod
1382 1402 1439 1444 non
1452 1382 1546 1463 possit
1559 1403 1637 1444 com·

908 1474 1060 1557 municari
1082 1480 1253 1557 proprietas
1283 1475 1390 1557 aliqua
1416 1475 1538 1549 diuina,
1566 1475 1639 1556 quin

909 1574 1018 1628 notura
1030 1571 1094 1649 ipsa
1109 1568 1349 1645 communicetur,
1372 1568 1413 1629 ita
1434 1576 1469 1629 ut
1487 1567 1565 1630 Deus
1579 1569 1640 1649 for-

910 1660 1031 1722 maliter
1052 1660 1090 1721 sit
1114 1660 1159 1738 id,
1187 1665 1236 1722 cni
1256 1660 1439 1742 applicetur.
1460 1662 1489 1721 3.
1519 1659 1586 1722 Non
1608 1679 1640 1722 eo

910 1751 993 1813 modo
1006 1754 1218 1814 communicari
1232 1754 1367 1814 diuinam
1382 1762 1532 1829 naturam,
1543 1753 1640 1834 ejusve

909 1844 1639 1927 proprietateslaumanoenaturaeEnnntiotionum

909 1957 1017 2020 petiero
1036 1936 1104 2014 duc,
1126 1947 1285 2020 συμὸάματα,
1309 1946 1339 1999 ei
1358 1946 1583 2019 παρασυμδάματα,
1602 1957 1640 2000 ex

912 2029 1019 2092 Stoicis
1025 2030 1188 2112 explicata.
1196 2032 1226 2091 l.
1238 2029 1460 2111 Ube'qnistarum
1472 2029 1639 2111 sophistices

910 2121 1111 2185 cavillationes
1138 2122 1310 2184 diluuntur.
1333 2126 1364 2185 6.
1392 2122 1448 2184 En
1475 2123 1639 2187 aeternitate

910 2216 1038 2278 manime
1050 2216 1244 2297 confutantur
1259 2234 1270 2278 .·
1286 2233 1353 2297 quoe
1366 2221 1443 2277 certe
1456 2212 1640 2278 humanitati

909 2329 966 2370 aon
980 2313 1223 2387 communicatur,
1240 2327 1307 2369 cum
1329 2328 1388 2370 non
1399 2308 1439 2369 sit
1456 2307 1494 2371 ab
1507 2317 1636 2386 ceterno;

910 2401 996 2482 sucus
1021 2400 1185 2463 eorumdem
1212 2402 1386 2480 trepontium
1414 2400 1639 2463 immensitatem

910 2513 968 2556 esse
995 2496 1204 2577 proprietatem
1220 2493 1392 2556 diuinitatis.
1407 2496 1436 2555 7.
1456 2492 1639 2557 Eorundem

910 2585 1114 2650 hereticorum
1131 2586 1225 2650 latens
1240 2605 1389 2664 uenenum,
1405 2586 1589 2668 opinantium
1607 2587 1639 2648 in

910 2680 1043 2742 unitione
1062 2680 1242 2762 hypostatica
1264 2700 1323 2742 non
1344 2679 1463 2742 divinas
1478 2680 1553 2760 ipsiu
1567 2696 1639 2762 pro·

864 2828 871 2840 ,
905 2773 1058 2853 prietates,
1072 2772 1121 2834 sed
1132 2772 1207 2834 dona
1228 2771 1366 2852 Spiritus
1389 2778 1480 2832 sancti
1493 2779 1591 2834 creato
1606 2772 1638 2833 in

909 2865 1134 2926 communionem
1153 2869 1273 2926 cessisse.
1290 2866 1320 2925 8.
1339 2863 1410 2938 Once
1420 2863 1520 2944 opinio
1534 2864 1635 2945 consu·

909 2964 1003 3017 tatur.
1015 2960 1045 3020 9.
1057 2957 1208 3038 Anonymi
1218 2954 1479 3039 Cyrillomostipis,
1495 2956 1550 3037 qui
1558 2955 1637 3016 libro

909 3055 991 3110 secto
1005 3048 1153 3131 refutatus
1173 3062 1226 3126 est,
1248 3048 1403 3110 calumm'oe
1424 3048 1455 3108 in
1470 3047 1635 3130 Cprillum,

909 3161 994 3224 quem
1010 3140 1193 3223 Ubiquistam
1210 3142 1296 3224 [ecit.
1313 3144 1363 3204 to.
1380 3138 1637 3203 Euentunturese·

909 3233 1067 3308 dentosis
1086 3235 1122 3296 iis
1139 3235 1293 3317 conpositis,
1314 3232 1388 3296 unde
1410 3234 1490 3315 salsa
1513 3234 1638 3316 suspicio

907 3327 1032 3408 petitur.

912 3511 934 3573 l.
958 3512 1107 3574 Veterum
1131 3510 1193 3575 illas
1216 3513 1376 3575 sententiis
1392 3511 1535 3586 Petrum,
1561 3526 1637 3593 quas

871 3601 1081 3681 superioribus
1094 3602 1216 3664 duobus
1230 3601 1381 3682 capitibus
1400 3602 1542 3664 collectas
1555 3603 1638 3665 dedi-

871 3710 951 3771 mus,
967 3694 1100 3758 utilitate
1122 3693 1235 3777 duplici
1250 3695 1431 3776 probantur.
1448 3695 1526 3757 Nam
1545 3701 1577 3758 et
1587 3713 1637 3757 ar·

870 3793 1020 3867 gumenta
1033 3789 1194 3851 continent
1210 3789 1249 3850 ad
1267 3788 1467 3851 mouendam
1487 3787 1640 3868 dogmatis

871 3880 1014 3941 catholici
1027 3879 1122 3943 fidem
1133 3882 1262 3958 idonea3
1277 3881 1357 3943 etad
1370 3881 1423 3943 illa
1432 3881 1636 3958 d‘usolrenda,

872 3990 943 4052 quac
957 3973 996 4034 ab
1014 3973 1165 4036 haereticis
1185 3981 1398 4056 opponuntur,
1414 3974 1551 4035 rationes
1565 3974 1640 4037 offe·

872 4067 1062 4127 rnntiirmas
1080 4066 1236 4146 imprimis
1252 4075 1283 4129 et
1305 4066 1472 4147 expeditas.
1488 4067 1531 4128 Dc
1551 4074 1639 4128 utrc-

873 4173 934 4236 qne
954 4158 1056 4220 dicam
1076 4158 1221 4221 breviter.
1239 4158 1279 4221 Ul
1298 4158 1383 4219 cuim
1402 4157 1544 4239 pluribus
1562 4176 1641 4239 opus

873 4253 1003 4315 minime
1024 4251 1074 4328 sit,
1089 4250 1160 4313 iecit
1178 4251 1311 4313 aliorum
1332 4250 1501 4330 diligentis,
1516 4252 1571 4331 qui
1582 4252 1642 4313 hoc

870 4348 943 4427 jam·
951 4352 1170 4421 argumentum
1193 4349 1394 4425 occuparunt.
1417 4342 1449 4405 Si
1465 4344 1534 4423 quis
1547 4343 1642 4419 igitur

875 4438 1076 4518 antiquorum
1096 4437 1151 4499 illa
1171 4436 1358 4513 testimonia,
1373 4441 1404 4498 ct
1426 4455 1536 4516 quaa
1552 4435 1642 4497 nobis

875 4532 988 4594 omissa
1016 4530 1141 4593 forsitan
1176 4529 1308 4610 legendo
1329 4529 1473 4610 reperiet,
1502 4533 1644 4590 accurate

874 4623 1055 4705 perpendat,
1069 4623 1102 4683 in
1122 4640 1191 4684 eam
1210 4623 1386 4702 conspirare
1403 4621 1555 4682 rationem
1575 4620 1643 4682 ani·

875 4716 1058 4793 madvertet,
1071 4732 1141 4795 quae
1155 4731 1195 4776 ex
1204 4720 1388 4775 naturarum
1401 4712 1600 4794 perlectione,
1608 4728 1644 4775 ac

876 4806 1054 4870 discrimine
1069 4807 1193 4887 petitur.
1208 4806 1325 4868 idcirco
1334 4806 1420 4867 enim
1432 4805 1646 4887 circumscrip-

879 4909 946 4963 tum
959 4900 1029 4961 loco
1043 4918 1107 4961 esse
1121 4898 1284 4960 hominem
1300 4898 1334 4959 in
1347 4897 1483 4975 Christ03
1498 4917 1556 4961 nec
1569 4898 1646 4961 diui·

879 4993 985 5055 nitatis
1010 4992 1107 5055 instar
1130 4992 1337 5065 immensum,
1366 4997 1397 5053 et
1423 5010 1646 5074 usquequaque

878 5085 1027 5146 diffusum
1050 5083 1202 5159 sentiunt3
1217 5084 1301 5164 quod
1324 5102 1360 5146 ea
1373 5085 1413 5145 sit
1431 5084 1578 5147 humanae
1593 5104 1648 5147 na·

879 5190 958 5239 turae
972 5176 1157 5258 proprietas,
1166 5182 1197 5239 et
1206 5176 1428 5259 corporis,sinc
1438 5185 1647 5258 quoconstare

1467 5460 1507 5522 26

1661 3542 1801 3597 ammana

1662 3595 1810 3695 ansts·

1685 3702 1787 3749 ultesu.

1679 4840 1807 4943 alitilia&

1675 4959 1808 4997 naturarum

1696 5003 1798 5061 petitum.
