4076 6180
564 323 613 384 DE
632 322 939 416 lncsnnn'rlonn,
961 322 1037 383 LlB.
1059 321 1139 402 XIII,
1161 326 1250 386 ChP.
1273 325 1325 385 Ill.

142 486 196 566 qni
210 486 336 565 quidem
348 487 536 561 multisunt,
558 489 645 569 (Nam
659 490 772 550 horum
786 508 825 549 en
840 506 907 549 om·

141 577 235 638 nibus
255 585 386 640 utuntur
406 582 557 662 exemplo)
574 600 613 642 ex
639 583 764 662 propria
780 581 909 661 praevisa

142 670 294 748 nequitin3
320 678 351 731 et
377 672 476 733 libera
498 675 697 735 voluntatisa
716 675 799 734 hono
814 673 910 733 delec-

141 762 226 821 tione
239 764 317 835 heri,
329 764 526 843 ordinarique
537 766 696 844 judicant?
705 767 773 825 Nou
784 767 910 844 utrIque

141 854 290 933 reprobos
313 857 448 930 eosdem,
466 876 537 917 eum
557 876 752 937 perseverare
773 864 907 937 possent,

141 952 173 1004 et
186 946 261 1005 salvi
286 966 365 1022 esse,
388 950 479 1028 eulpa
498 970 554 1010 sua
571 969 737 1029 ,pravoque
762 950 910 1010 libertatis

141 1039 359 1115 usunoluisse,
374 1040 413 1099 ob
427 1041 520 1120 idque
532 1043 657 1121 periisse
672 1042 880 1103 confirmanti

182 1131 235 1190 Vl.
255 1132 375 1191 Rursus
389 1133 427 1192 de
440 1134 539 1194 libero
553 1136 681 1196 arbitrio
690 1136 910 1196 Curisiacenses

141 1224 201 1284 hoc
215 1223 248 1282 ln
262 1225 397 1285 meando
422 1227 520 1305 eapite
536 1229 736 1306 pronuntiant
751 1274 758 1287 .
776 1250 790 1285 a
805 1228 909 1288 Liber·

141 1320 236 1376 tatem
246 1315 365 1376 arbitrii
377 1318 472 1377 nosIn
482 1320 581 1397 primo
590 1320 715 1379 homine
730 1319 907 1398 perdidisse,

107 1403 110 1408 ⁴
142 1426 236 1486 quam
251 1427 306 1487 per
320 1409 477 1469 Christum
491 1411 654 1472 dominum
669 1418 810 1471 nostrum
824 1430 910 1472 rece·

141 1499 244 1579 pimus
261 1521 267 1560 :
284 1509 314 1561 et
327 1502 440 1562 habere
455 1521 511 1563 nos
534 1503 668 1565 liberum
686 1503 850 1565 arbitrium
870 1504 909 1565 ad

141 1593 259 1652 borium
286 1599 487 1671 preventum,
505 1601 535 1654 et
561 1596 702 1673 adjutum
727 1595 853 1674 gratia:
878 1601 910 1655 et

139 1684 255 1744 habere
266 1685 397 1745 liberum
409 1687 574 1746 arbitrium
584 1687 745 1747 admalum
754 1688 909 1748 desertum

139 1777 250 1854 gratia.
267 1777 413 1838 Liberum
427 1787 531 1840 curtem
543 1779 656 1840 habere
667 1798 724 1839 nos
732 1779 907 1854 arbitrium,

140 1870 214 1946 quia
225 1869 323 1947 gratia
343 1869 521 1947 liberatum,
538 1876 568 1930 et
589 1872 687 1947 gratia
708 1872 745 1931 de
763 1877 908 1950 corrupto

140 1967 327 2021 sanatum.»

180 2055 257 2114 Cum
271 2054 330 2114 hoe
343 2055 464 2115 decreto
478 2057 625 2115 convenit
644 2056 773 2114 omnino
795 2054 909 2115 Valen-

141 2147 202 2206 tiua
225 2147 373 2224 synodus,
398 2165 467 2224 quae
492 2147 589 2224 capite
612 2152 698 2205 sexto
721 2146 905 2224 profitetur:

143 2261 157 2294 a
174 2258 206 2297 se
220 2240 258 2298 dc
272 2239 381 2317 gratia,
394 2245 424 2297 et
433 2237 530 2297 libero
540 2238 668 2297 arbitrio
683 2256 739 2316 per
748 2243 908 2317 peecatum

139 2332 171 2391 in
189 2331 289 2407 primo
313 2330 439 2390 homine
454 2330 622 2402 infirmate,
639 2330 691 2389 sed
709 2330 909 2409 pergratiam

140 2424 263 2482 Domini
276 2424 350 2483 lesu
365 2421 507 2483 fidelibus
521 2422 587 2500 ejus
601 2421 909 2500 redintegrantem

138 2534 209 2574 sum
220 2514 477 2588 constantissime,
493 2520 524 2573 ct
538 2515 598 2574 lide
612 2515 702 2593 plena
716 2514 814 2586 fateri,
825 2514 909 2592 quod

138 2607 321 2667 sanctissimi
331 2608 438 2666 Patres
447 2606 626 2665 auctoritate
635 2623 793 2665 sacrarum
805 2606 907 2684 Scrip-

137 2705 280 2758 turarum
293 2698 384 2758 nobis
407 2698 577 2758 tenendum
600 2697 808 2775 reliquerunt3
825 2698 909 2775 quod

137 2790 293 2862 Africano,
311 2790 393 2869 cpuod
407 2791 596 2849 ArausIeana
621 2790 758 2868 synodus
774 2789 910 2867 professa

137 2889 194 2941 est.
216 2904 231 2939 n
262 2883 329 2942 Non
349 2881 408 2941 alia
436 2900 523 2942 mens
546 2882 757 2955 Garisiacensis
787 2881 909 2940 correilii

136 2973 212 3041 fuit,
240 2992 334 3052 quam
369 2974 554 3033 Hinemarus
585 2971 619 3033 de
649 2971 909 3034 Proedestinatione

137 3065 238 3143 capite
252 3082 298 3125 xxi
311 3073 456 3125 accurate
466 3064 611 3125 declarat.

179 3158 216 3215 ln
226 3156 571 3217 deliniendauoluntate
585 3156 642 3216 Dei
652 3157 733 3216 circa
744 3156 908 3214 hominum

135 3248 280 3322 salutem,
303 3268 426 3310 necnon
444 3248 555 3309 Christi
582 3267 656 3327 erga
679 3248 803 3308 eosdem
827 3247 907 3306 redi·

135 3340 277 3409 mendas,
294 3342 449 3420 praecipua
463 3342 546 3401 inter
560 3340 668 3400 ambas
682 3339 818 3416 synodos
827 3333 909 3398 vide·

134 3437 189 3492 tur
204 3450 269 3493 esse
292 3432 454 3505 dissensi03
471 3432 555 3511 quod
570 3431 783 3493 Garisiaeensis
791 3447 909 3490 canone

134 3526 229 3585 tertio
239 3524 355 3599 statuit,
366 3547 380 3582 e
393 3527 491 3584 Deum
499 3541 607 3585 ornnes
618 3522 760 3583 homines
772 3520 909 3582 siueulla

137 3618 320 3694 exceptione
335 3617 411 3676 uelle
421 3615 521 3675 salvos
536 3615 623 3689 tieri;
640 3614 710 3674 licet.
721 3633 785 3673 non
801 3630 909 3672 omues

135 3708 306 3780 salventur,
324 3708 416 3786 idque
432 3708 541 3767 merito
560 3724 650 3766 sno.»
667 3707 704 3765 ln
717 3710 908 3784 qtrartorero

135 3819 256 3860 canone
273 3800 357 3875 dicit,
378 3799 533 3859 Christum
549 3798 728 3872 nominum,
744 3797 824 3857 sicut
838 3794 908 3854 nul-

135 3893 199 3953 lius
225 3910 290 3952 non
314 3891 450 3952 hominis
477 3896 622 3950 naturam
658 3888 846 3966 assumpsit,¹
866 3887 911 3946 ita

136 3984 262 4044 nullum
276 4000 352 4050 esse.
368 4000 425 4062 pro
445 4000 507 4060 quo
522 4000 587 4041 non
600 3998 708 4060 passus
727 3980 766 4040 sit
783 4000 789 4038 :
811 4001 826 4035 a
840 3978 910 4038 licet

137 4095 204 4137 non
217 4093 324 4135 omnes
350 4074 499 4153 passIonis
513 4074 579 4151 ejus
593 4073 741 4152 mysterio
756 4069 912 4131 rediman-

136 4178 202 4229 tur.
231 4194 241 4225 i

179 4264 220 4320 At
241 4258 399 4319 Valentini
418 4257 538 4318 ‹roricilii
562 4263 655 4335 eaput
674 4262 820 4335 quartum
833 4275 850 4315 a
865 4273 911 4315 re-

137 4352 317 4432 demptione
345 4351 458 4410 Christi
486 4350 556 4409 illos
580 4349 705 4428 excipit,
726 4371 741 4405 u
757 4347 809 4427 qui
839 4354 911 4407 ante

137 4446 315 4524 passionem
337 4445 370 4502 in
390 4461 444 4503 sua
465 4442 623 4520 impietate
646 4441 761 4500 mortui
780 4444 875 4499 sunt:
891 4460 906 4496 n

138 4542 176 4596 ut
191 4554 254 4595 non
266 4553 384 4606 omnes,
400 4534 451 4593 sed
472 4533 560 4592 multi
584 4533 734 4592 duntaxat
758 4531 912 4610 redempti

140 4627 268 4703 luerint,
296 4628 381 4707 iique
408 4625 524 4696 fideles,
555 4641 690 4702 qnorum
715 4630 818 4684 tamen
836 4623 912 4682 alios

143 4726 293 4781 :eternam
309 4719 441 4778 salutem
455 4716 588 4794 assequi,
603 4738 618 4773 a
632 4715 704 4793 quia
720 4715 753 4775 in
768 4716 911 4793 redemp-

140 4813 226 4873 tione
252 4829 306 4870 sna
329 4810 459 4870 fideliter
484 4813 669 4888 permanent
696 4826 702 4866 :
725 4806 811 4881 alios,
840 4805 911 4884 quia

140 4904 311 4965 noluerunt
333 4919 515 4981 permanere
539 4901 572 4959 in
594 4898 693 4958 salute
712 4898 795 4972 fidei,
818 4913 912 4976 quarn

141 4995 234 5061 initio
249 5001 444 5073 acceperunt,
460 4993 521 5052 uad
531 4998 679 5052 aternam
690 4989 913 5049 beatitudinem

141 5088 274 5149 minIme
283 5087 445 5166 pertenire
454 5085 552 5163 capite
563 5083 671 5162 quinto
686 5081 913 5161 pronuntiabat

142 5198 238 5258 supra
252 5175 595 5238 memInimrrs¹.Verum
609 5183 643 5234 ut
653 5192 691 5234 ex
702 5171 910 5249 iiscolligitur,

171 5410 180 5451 1
196 5405 244 5463 sb.
257 5425 286 5438 —-
296 5403 310 5448 t
321 5404 379 5448 Tou.
391 5402 431 5453 tn,
443 5400 563 5444 01116111.

305 5481 382 5543 Tou.
404 5480 459 5541 vl.

1666 321 1726 382 689

959 506 1030 567 quae
1044 489 1202 570 hucusque
1216 492 1255 551 de
1277 490 1441 570 Augustini
1453 490 1615 564 sententia,
1626 488 1726 566 deque

959 580 1179 660 discipulorum
1212 582 1293 661 ejus,
1319 602 1354 643 ue
1386 581 1534 643 doctrinm
1569 579 1726 641 fautorum

959 673 1213 754 interpretatione
1234 676 1511 753 dixImus,egregie
1524 675 1607 733 inter
1621 691 1653 733 se
1675 671 1729 733 illa

959 774 1145 845 congruunt,
1161 774 1241 829 utet
1256 770 1335 829 lleus
1350 767 1542 828 antecedenti
1555 766 1725 841 voluntate,

959 876 1022 918 non
1039 870 1146 920 tamen
1161 860 1313 937 absoluta,
1326 860 1400 921 velit
1415 878 1522 921 omnes
1534 859 1601 919 lieri
1611 860 1725 919 salvos:

960 955 991 1009 et
1004 969 1060 1029 pro
1073 953 1229 1027 omnibus,
1245 953 1440 1031 quantumin
1454 971 1486 1012 se
1500 952 1621 1026 esthon
1635 951 1728 1013 estad

959 1044 1102 1103 omnium
1123 1044 1298 1117 utilitatem,
1322 1051 1353 1105 et
1372 1044 1630 1124 redemptionem,
1646 1061 1728 1103 mor-

958 1132 1007 1198 tis,
1025 1140 1056 1193 et
1069 1136 1221 1196 eruciatus
1232 1137 1280 1196 sui
1297 1137 1407 1196 merita
1420 1137 1557 1197 Christus
1569 1137 1578 1195 i
1583 1135 1729 1214 mpende-

958 1225 1001 1285 rit
1017 1245 1023 1285 :
1039 1235 1184 1288 caeterum
1204 1228 1344 1289 absoluto
1366 1229 1489 1289 decreto
1504 1227 1674 1287 nonnullos
1688 1226 1728 1287 ad

958 1316 1089 1377 salutern
1114 1319 1326 1394 destinauerit,
1358 1340 1397 1381 ex
1421 1320 1556 1398 gratuito
1578 1319 1727 1381 beneficio

958 1408 1127 1471 virulicatos
1161 1431 1178 1471 a
1213 1431 1322 1473 massae
1353 1414 1570 1491 corruptione3
1602 1418 1729 1472 ceteros

959 1501 1036 1565 vitio
1062 1522 1130 1577 suo,
1164 1511 1195 1564 ct
1223 1504 1313 1565 mnlae
1341 1504 1508 1565 voluntatis
1530 1504 1653 1573 merito,
1674 1503 1727 1582 qni

959 1593 1084 1671 quidem
1097 1599 1142 1655 uti
1157 1595 1210 1656 illa
1228 1602 1407 1675 potuerunt,
1433 1596 1629 1675 sempiternis
1654 1614 1727 1674 sup-

959 1685 1057 1763 pliciis
1068 1688 1250 1765 adjudicarit
1261 1710 1269 1763 ;
1280 1690 1363 1767 quod
1383 1689 1509 1767 quidem
1524 1688 1617 1748 latius
1630 1687 1726 1767 expli·

959 1777 1079 1839 cabitur
1092 1788 1208 1858 postea.

999 1870 1069 1931 Vll.
1093 1874 1167 1945 Quas
1191 1892 1262 1933 eum
1277 1873 1318 1932 ita
1335 1892 1367 1933 se
1387 1873 1533 1948 habeant,
1549 1873 1728 1934 mirandum

959 1968 1005 2021 est
1038 1964 1175 2040 proiecto
1216 1964 1399 2025 Valentinos
1422 1964 1491 2025 illos
1523 1964 1669 2043 presules
1696 1966 1730 2027 ln

959 2074 1076 2115 canone
1104 2063 1225 2135 qirarto,
1250 2061 1316 2116 tarn
1334 2074 1440 2117 serena
1463 2056 1729 2118 animadversione

959 2152 1080 2207 notasse
1098 2149 1231 2228 capitula
1245 2149 1295 2208 llla
1317 2155 1451 2227 quatuor
1468 2149 1579 2227 synodi
1600 2150 1728 2211 Carisiu-

959 2239 1066 2313 eensIs,
1084 2245 1119 2300 ut
1133 2259 1168 2300 ea
1180 2259 1253 2300 eum
1266 2242 1396 2301 Ioannis
1412 2241 1496 2301 Scoti
1515 2241 1729 2302 novemdecim

959 2331 1143 2392 nliiseadern
1164 2333 1315 2393 sententia
1335 2332 1513 2411 plecterent.
1545 2334 1669 2393 «Porro
1683 2350 1730 2394 oa·

959 2423 1729 2503 pirrrlaquatuor,rapiuntqueconciliationem

959 2521 1137 2575 nostrorum
1164 2517 1269 2576 minus
1291 2521 1449 2596 prospecte
1476 2523 1619 2596 suscepta
1643 2522 1727 2589 sunt,

959 2613 1084 2686 propter
1094 2607 1307 2683 inutilitatem,
1324 2609 1372 2668 rel
1386 2609 1479 2668 etiam
1490 2610 1688 2684 trosletntem,
1699 2614 1731 2670 et

959 2716 1096 2759 errorem
1123 2701 1314 2760 eontrarium
1344 2700 1466 2759 veritati
1496 2721 1503 2761 ;
1533 2700 1586 2761 scd
1614 2707 1644 2759 et
1671 2700 1730 2762 alis

959 2791 1728 2869 novemdecimsyllogismisineptissimeconelusa‚

960 2885 990 2939 et
1013 2880 1084 2941 lieet
1102 2882 1246 2959 jactetur,
1275 2883 1359 2943 nulla
1386 2883 1526 2943 saeculari
1556 2883 1731 2944 litteratura

958 2972 1099 3045 nitentia,
1116 2973 1149 3032 in
1170 2973 1284 3051 quihus
1313 2979 1527 3034 commentum
1548 2973 1663 3034 diaboli
1672 2992 1729 3053 po·

958 3063 1030 3136 tlus,
1045 3081 1140 3141 quam
1150 3072 1371 3143 argumentum
1390 3064 1603 3143 alleujusfidei
1623 3065 1730 3144 depre-

958 3154 1120 3226 henditur,
1156 3174 1174 3215 a
1206 3157 1257 3235 pio
1290 3157 1400 3216 auditu
1432 3157 1573 3217 fidelium
1607 3158 1731 3237 penitus

959 3244 1163 3324 explodimus,
1180 3252 1210 3306 et
1225 3247 1333 3306 utalia
1357 3248 1470 3307 similla
1490 3255 1656 3308 caveantur
1678 3266 1731 3327 per

959 3336 1072 3409 omnia,
1098 3338 1280 3399 auctoritate
1301 3339 1433 3417 Spiritus
1457 3340 1553 3399 sancti
1573 3339 1730 3401 interdici·

959 3447 1069 3488 mus.»
1090 3429 1164 3502 Quis
1190 3448 1255 3490 non
1285 3448 1411 3509 equum
1437 3428 1529 3491 fuisse
1554 3431 1674 3509 judicet
1696 3432 1731 3493 in

959 3520 1036 3580 tanti
1054 3521 1204 3580 momenti
1233 3539 1266 3581 re
1279 3521 1480 3601 ponderanda
1503 3523 1573 3602 plus
1592 3528 1729 3595 attentas,

933 3612 1222 3691 'consideratioque
1249 3614 1378 3673 rationis
1409 3633 1415 3673 :
1458 3613 1664 3675 festinationis
1701 3622 1733 3676 et

959 3703 1067 3764 caloris
1078 3703 1183 3764 minus
1203 3703 1374 3765 adhihere?
1400 3705 1462 3765 Nec
1485 3706 1569 3765 enim
1596 3707 1731 3785 prolecto

960 3802 1023 3855 tam
1051 3800 1187 3856 atrocem
1211 3797 1398 3855 sententiam
1427 3797 1630 3857 merebantur
1655 3799 1732 3859 scita

958 3886 1011 3945 illa
1022 3886 1239 3947 carisiacensis
1253 3888 1395 3963 coneilii;
1410 3906 1467 3947 nec
1487 3887 1580 3949 ullius
1594 3890 1732 3950 heretici

959 3978 1073 4037 erroris
1088 3978 1223 4037 accusari
1236 3979 1347 4038 merito
1372 3987 1503 4058 possunt
1517 3999 1525 4039 ι
1537 3980 1636 4040 nihilo
1650 3986 1732 4042 certe

960 4068 1217 4148 reprehendenda
1242 4076 1314 4129 sunt
1339 4071 1438 4148 magis
1461 4089 1556 4149 quam
1576 4071 1634 4132 ista
1654 4072 1729 4152 ipsa,

961 4180 1032 4239 quae
1048 4162 1206 4222 Valentini
1227 4180 1369 4222 censores
1385 4163 1533 4241 asperius,
1560 4182 1656 4243 qrram
1676 4184 1732 4227 ne·

958 4253 1121 4325 cessefnit,
1141 4258 1249 4313 eontra
1270 4253 1321 4313 illa
1333 4260 1513 4315 sanxerunt.
1534 4256 1729 4334 Acproiecto

961 4345 1139 4405 Valentiuos
1153 4344 1220 4405 illos
1234 4346 1386 4405 antistites
1404 4346 1594 4406 Gothescalei
1609 4366 1728 4427 propu-

960 4445 1104 4514 gnatores
1127 4437 1307 4515 poenituisse
1327 4437 1450 4496 ridetur
1471 4438 1617 4498 censoriae
1644 4440 1732 4500 istius

961 4535 1053 4596 notae,
1076 4547 1170 4608 qnam
1194 4529 1455 4589 Carisiarensihus
1479 4530 1673 4605 inusserant;
1690 4531 1731 4592 si-

962 4622 1086 4699 quidem
1103 4623 1135 4680 ln
1155 4621 1373 4699 Lingonensi²,
1394 4640 1430 4681 ae
1453 4620 1589 4682 Tullensi
1607 4624 1732 4701 synodis

961 4713 1000 4772 ab
1016 4713 1302 4787 iisdemeelebratis,
1312 4711 1728 4783 nbiillaValentinarelccta,

961 4810 992 4864 et
1007 4805 1135 4883 probata
1149 4811 1222 4865 sunt
1235 4805 1345 4883 capita,
1361 4822 1431 4882 qnae
1451 4805 1489 4864 de
1505 4810 1639 4882 quatuor
1651 4807 1731 4867 Cari·

962 4897 1150 4957 siaoensihus
1182 4897 1323 4975 capitulis
1352 4897 1385 4955 in
1413 4904 1522 4974 quarto
1550 4904 1728 4975 posuerant,

962 4989 1094 5055 omisere
1104 4988 1275 5068 penitusue
1286 4988 1637 5050 rioremdecimloannis
1646 4990 1731 5051 Seoti

962 5081 1062 5159 «epita
1072 5081 1222 5140 duntaxat
1238 5080 1468 5159 improbarunt.
1491 5084 1588 5155 Quem
1603 5082 1729 5160 quidem

962 5176 1068 5232 corrtra
1092 5172 1324 5233 Gothescalcum
1347 5172 1602 5232 Carisiuocnsium
1618 5179 1728 5253 rogatu
