3932 6142
324 288 384 357 au
431 234 435 241 ⁴
830 283 1161 352 raccnccrconcu
1182 263 1420 354 υοοιιιιυιι

325 452 404 519 riam
427 453 757 529 murmuratricem.
783 456 1092 533 qnatenusraraen
1143 449 1272 530 phalea,
1305 452 1390 515 hunc
1424 452 1527 532 ipsum
1563 451 1747 515 Pontificem
1787 462 1885 516 aratu
1944 472 1945 511 ι

324 547 418 619 Deus,
434 546 595 624 quoderat
615 545 802 605 dissolutum
821 543 945 614 excitat,
963 548 1091 603 otmcr·
1142 547 1308 619 utramque
1320 542 1453 616 icrmam
1466 544 1500 603 in
1514 544 1637 604 Christo
1655 562 1719 604 nno
1741 545 1887 624 eodemque
1944 538 1945 617 l

325 641 388 697 tem
407 637 504 715 ipsam
516 637 657 697 funditus
671 635 810 697 evertite.
827 655 843 693 n
863 637 943 695 Item
960 653 967 694 :
988 633 1092 695 ceum
1142 632 1224 707 fiiio;
1241 633 1294 692 sed
1308 634 1502 694 differentem
1517 635 1680 697 ambarum
1697 637 1885 712 operationem

325 727 423 805 igitur
436 728 571 789 audieris
585 728 623 787 de
644 727 754 789 eodem
775 725 840 787 iilic
863 744 952 786 voees
965 725 1047 787 inter
1059 741 1093 787 se
1143 726 1283 785 statuisse
1296 736 1321 779 ο
1341 725 1486 786 defendit.
1504 726 1554 787 Sic
1567 727 1601 786 ln
1619 714 1770 807 decerpto
1796 728 1887 789 codicis

325 819 504 891 contrarias,
521 814 728 897 congruenter
739 819 772 879 in
786 823 913 879 natrices
928 817 1009 879 dicta
1022 834 1093 895 par-
1142 832 1259 888 ccxxrx,
1276 818 1357 895 apud
1379 817 1534 889 Photium,
1550 837 1568 877 e
1582 818 1707 897 Cynillo,
1732 835 1767 880 ac
1783 818 1887 899 reliquis

324 911 382 971 tire
406 931 414 970 :
439 917 475 971 ut
501 912 584 990 quod
611 928 763 989 magnum
786 915 848 985 cst,
871 928 908 970 ae
933 908 1091 982 divinum,
1143 908 1305 984 Patribus,
1328 909 1470 989 proprias
1490 911 1639 989 cujusque
1667 916 1786 971 nstrum
1805 911 1887 972 εείνιε

324 1001 437 1063 divinae
450 992 571 1063 natnr'ce
579 1002 715 1077 tribuas;
730 1001 837 1080 siquid
847 1004 951 1062 autern
960 1017 1092 1079 parrum
1141 1000 1336 1078 operationes
1349 1002 1498 1063 mansisse
1510 1002 1634 1082 probat.

323 1098 379 1168 est,
399 1099 431 1154 et
454 1094 640 1169 humanum,
664 1094 809 1157 bumana
835 1090 1029 1172 inputant.»
1055 1091 1094 1153 Et
1182 1094 1220 1151 Et
1231 1093 1265 1153 in
1277 1094 1397 1155 actione
1412 1094 1532 1155 decima
1542 1095 1653 1173 synodi
1672 1094 1889 1173 sextas,eaelns

322 1185 495 1247 luculenter
504 1186 634 1247 subinde
646 1186 729 1247 idem
736 1183 939 1245 affirmatsie:
958 1184 1091 1257 «Quem
1141 1183 1212 1244 dem
1227 1185 1395 1263 prrsemii
1409 1186 1598 1267 Apoloqettco
1615 1185 1697 1247 libro
1711 1205 1768 1266 pro
1786 1186 1889 1248 Chalee

323 1278 493 1339 admodum
523 1297 604 1339 unns
634 1278 762 1358 quidem
790 1278 885 1338 bomo
914 1280 975 1352 est,
999 1274 1093 1336 babet
1140 1275 1271 1336 doncusi
1296 1277 1426 1339 concilio
1454 1284 1486 1339 et
1509 1279 1614 1339 Leone
1639 1279 1737 1357 Papa,
1760 1278 1889 1358 descripta

322 1375 428 1430 autem
442 1376 568 1431 naturas
589 1371 622 1431 in
641 1388 706 1432 sese
724 1370 860 1430 diversas
875 1369 953 1429 duas
969 1387 977 1429 ε
993 1372 1023 1428 et
1036 1385 1092 1446 par
1141 1369 1293 1429 sententia
1311 1374 1366 1441 cst,
1381 1388 1444 1448 qua
1465 1370 1623 1431 Christum
1641 1371 1730 1432 docet
1747 1370 1889 1431 ambulan-

322 1461 406 1521 alind
421 1463 623 1523 ratiocinatur
639 1482 646 1522 ε
663 1481 718 1542 per
738 1461 822 1525 aliud
849 1478 935 1534 vero,
951 1459 1034 1539 quod
1048 1458 1093 1520 ita
1139 1464 1205 1521 tem
1218 1479 1312 1541 supra
1332 1479 1429 1538 marc,
1446 1463 1665 1542 proprietatem
1685 1464 1826 1523 humans
1837 1481 1889 1524 scr·

321 1554 533 1617 ratiocinando
548 1555 698 1635 concepit,
714 1554 809 1615 efficit
825 1573 832 1615 ε
849 1551 1087 1632 quippcauima,
1140 1570 1226 1613 vasae
1251 1558 1382 1615 naturae.
1406 1555 1604 1633 «Siquidem
1631 1554 1681 1615 vel
1703 1555 1770 1633 ipsc
1792 1556 1888 1633 species

321 1645 347 1706 si
370 1646 434 1707 fors
456 1647 539 1722 tulit,
561 1647 678 1725 navigii
705 1645 938 1707 fabricationem
964 1644 1087 1722 cogitat,
1140 1645 1328 1724 operationis
1341 1646 1590 1725 persuaderetibi
1605 1652 1715 1724 potest,
1724 1647 1773 1707 uti
1781 1664 1888 1707 carnem
1944 1676 1945 1719 γ

321 1738 405 1817 quod
428 1738 599 1817 cogitatum
622 1744 679 1815 est,
695 1738 823 1817 perficit.
847 1739 894 1799 lta
911 1737 1002 1808 filius,
1019 1755 1091 1799 cum
1139 1736 1309 1815 inproprie
1324 1738 1472 1799 mansisse
1493 1742 1605 1798 nattrra
1617 1737 1743 1799 iateare.
1759 1739 1834 1799 Nam
1848 1756 1889 1815 pc-

322 1830 362 1893 sit
386 1848 479 1907 unus,
501 1837 532 1893 et
555 1837 674 1892 nattum
698 1831 779 1907 duae,
803 1829 975 1891 secundum
997 1828 1091 1891 aliam
1139 1827 1230 1888 dibus
1243 1828 1414 1905 ambulare,
1430 1831 1452 1889 si
1469 1848 1534 1890 non
1548 1829 1610 1890 sola
1625 1830 1735 1908 specie,
1749 1830 1889 1890 stadum·

321 1920 471 1984 miracula
485 1922 588 1999 efficit,
601 1922 875 1986 secundumaliam
889 1921 1014 1985 infirma
1027 1937 1091 1981 sus
1138 1919 1280 1981 bratione
1319 1921 1437 1997 fiebat,
1467 1921 1667 1985 manifestum
1696 1927 1764 1996 est,
1792 1921 1889 2002 pedum

263 2083 265 2087 ,
321 2014 405 2093 cipit.
429 2015 589 2095 Namque
612 2034 652 2076 ex
676 2018 768 2077 Patre
791 2020 897 2092 θεῖ,θῖ
916 2016 1091 2089 Deus,stu-
1139 2014 1348 2092 operationem
1363 2014 1466 2088 irrisae,
1481 2020 1601 2075 naturae
1613 2017 1887 2094 nostroepropriam.
1944 2060 1945 2069 ,

150 2418 295 2484 lastinianus

161 2480 285 2528 imperator.

320 2107 421 2186 penda
435 2107 562 2169 molitur
579 2126 663 2186 :qua
676 2113 782 2169 autem
795 2125 834 2168 cx
848 2106 978 2185 Virgine
992 2112 1047 2174 est,
1060 2111 1091 2165 θῖ
1140 2105 1187 2165 Ιῖιι
1209 2106 1398 2186 operationis
1424 2124 1522 2186 geniis
1547 2107 1650 2186 ipsum
1676 2124 1802 2168 carnem
1822 2108 1889 2166 intra

321 2197 427 2274 homo,
436 2217 570 2273 crucem,
579 2205 611 2259 et
619 2200 806 2278 passionem,
816 2217 853 2263 ac
862 2196 973 2259 similia
983 2197 1090 2258 voleus
1138 2198 1284 2276 pristinos
1297 2200 1407 2259 modos
1421 2204 1573 2261 serratam
1585 2217 1650 2260 csse
1659 2199 1891 2275 demonstrct5ct

320 2290 502 2350 naturaliter
515 2291 703 2353 sustinuit.⁰.
719 2312 734 2349 n
1138 2289 1313 2366 ingressum
1327 2291 1709 2371 hujusmodiccrporcnm,
1725 2297 1757 2351 et
1776 2291 1890 2353 secabi-

360 2381 555 2443 Justinianus
582 2383 755 2461 Imperator
781 2380 815 2443 iu
849 2389 935 2442 sexta
968 2380 1089 2460 synodo
1138 2378 1393 2442 lcmcsseomnes
1402 2382 1593 2442 asserenti.»
1611 2383 1891 2463 Quibuachpbrs-
1944 2442 1945 2469 ,

321 2472 442 2549 citatus,
454 2479 519 2534 toto
533 2473 597 2534 iere
608 2474 718 2534 seculo
727 2478 800 2534 ante
809 2472 1089 2535 Monothelctarum
1138 2472 1194 2532 mii
1214 2472 1316 2534 rcrlria
1342 2474 1418 2533 illud
1442 2480 1591 2553 tanquam
1611 2483 1723 2555 πόρισμα
1738 2476 1889 2553 colligitur,
1908 2478 1945 2553 pl

319 2565 445 2626 haeresis
457 2573 611 2641 exortum,
625 2566 720 2627 unius
732 2565 1091 2645 operationisassertores
1138 2564 1299 2626 haereticos
1310 2565 1451 2645 illosqui
1461 2567 1500 2626 de
1510 2566 1689 2645 operatione
1698 2567 1793 2628 unica
1800 2573 1892 2628 contra

320 2663 469 2737 tanquam
482 2657 594 2736 impios
608 2663 767 2718 execratus
780 2662 836 2729 θεῖ,
859 2661 890 2717 et
901 2675 957 2736 pro
972 2655 1088 2734 Apolli·
1138 2655 1309 2716 catholicos
1324 2658 1529 2730 decertarunt,
1546 2675 1611 2717 non
1625 2657 1725 2718 solam
1739 2657 1891 2719 voluntatis
1944 2676 1945 2699 ³

321 2748 442 2809 naristis
458 2749 632 2824 damnavit3
648 2749 752 2828 itaque
765 2755 886 2809 sanctos
900 2765 1009 2808 omnes
1028 2749 1088 2807 Pa·
1138 2747 1290 2808 actionem
1312 2748 1510 2822 intellexisse,
1529 2748 1582 2809 sed
1602 2755 1765 2811 externam
1785 2751 1891 2831 potissi·
1944 2766 1945 2809 1

320 2855 383 2903 tres
392 2841 530 2901 docuisse
546 2841 686 2921 scripsit:
700 2843 853 2914 «Omnes,
866 2837 977 2918 inquit,
991 2839 1090 2899 sancti
1138 2857 1226 2899 mum
1241 2844 1374 2919 ἐνέργειαν,
1386 2843 1429 2900 uti
1443 2859 1537 2921 supra
1545 2840 1687 2919 pluribus
1698 2843 1890 2903 ostendimus.
1922 2846 1945 2920 p,

321 2933 443 3009 Patres,
462 2934 540 2994 sicut
560 2933 753 3013 passionem,
777 2939 808 2993 ct
821 2931 1088 3011 impatibilitatem
1179 2931 1356 2991 Anastasius
1371 2933 1580 2993 antiochenus
1592 2933 1626 2992 in
1645 2932 1835 3015 Apolcgetieo
1845 2951 1892 3014 pro
1939 2922 1945 2987 l

321 3024 424 3096 unius,
441 3031 472 3085 ct
483 3024 1087 3103 ejusdemcssecredcrcncsdccuerunt,
1138 3021 1266 3101 epistola
1285 3024 1395 3084 Leonis
1419 3025 1520 3105 Papae,
1535 3024 1682 3104 preclare
1697 3026 1777 3086 duas
1796 3044 1892 3107 opera·
1944 3024 1945 3039 .

321 3115 365 3175 ita
378 3116 472 3176 ctiam
487 3117 623 3178 diversas
637 3117 831 3197 operationes
842 3115 948 3187 unius,
964 3120 996 3174 et
1009 3114 1090 3192 ejus·
1137 3114 1248 3190 tiones,
1282 3114 1457 3193 cujusmodi
1491 3116 1645 3189 volumus,
1672 3125 1836 3193 asseverat,
1858 3117 1893 3178 ita

322 3207 393 3268 dem
414 3208 538 3269 Domini
553 3211 649 3270 nostri
664 3211 740 3270 iesu
764 3207 877 3268 Christi
897 3206 1088 3269 confitendas
1137 3204 1298 3266 scribens:
1318 3207 1379 3268 «Si
1402 3206 1464 3281 iila,
1482 3225 1537 3285 pcr
1561 3225 1632 3287 qnae
1658 3209 1761 3270 Βθυιιι
1783 3210 1893 3289 agnosci
1944 3200 1945 3237 ³

321 3300 411 3361 nobis
426 3319 490 3362 esse
503 3300 731 3362 tradiderunt&
747 3322 763 3359 υ
1138 3298 1299 3376 oportebat
1318 3299 1441 3378 ipsum,
1464 3299 1613 3359 divinitus
1642 3300 1829 3379 operabatur
1843 3322 1851 3362 ι
1863 3318 1895 3362 ex
1944 3378 1945 3381 γ

159 3425 298 3481 Emi„
361 3392 443 3455 XVI.
466 3393 663 3473 Ephraemius
676 3393 885 3454 Antiochenus
899 3389 1086 3465 Patriarcba,
1138 3388 1367 3468 quibusautem
1379 3409 1502 3453 necesse
1516 3391 1896 3456 erathominemeumdem
1944 3426 1945 3439 ν

184 3479 270 3523 Antio-

177 3533 267 3577 τίνοιιιιε.

321 3484 376 3563 qui
398 3483 573 3547 iustiniano
600 3485 787 3567 imperatore
807 3485 923 3552 floruit,
948 3484 982 3544 in
1008 3483 1088 3545 libro
1138 3481 1248 3556 videri,
1270 3483 1449 3543 humanitas
1476 3484 1645 3546 efficiebat:
1666 3486 1766 3548 altera
1787 3502 1898 3565 prorsus

321 3577 468 3656 quodam,
485 3597 548 3656 quo
563 3577 820 3638 Chalcedonensis
834 3576 998 3655 synodi,et
1012 3576 1088 3635 Leo·
1139 3578 1186 3634 cst
1220 3574 1333 3636 divinae
1364 3581 1496 3649 naturas,
1524 3577 1621 3638 altera
1647 3576 1808 3654 hnmanae,
1834 3596 1897 3659 ope

321 3669 370 3731 uis
384 3670 474 3749 Papae
488 3670 694 3749 patrocinium
708 3671 840 3749 suscepit
852 3669 999 3731 adversus
1011 3670 1088 3727 Ace·
1138 3666 1217 3726 ratio
1228 3674 1252 3729 ⁰.
1268 3686 1283 3723 n

357 3838 377 3877 a
395 3821 408 3877 J
412 3837 497 3877 tts'rttt.
514 3837 584 3877 vers.
600 3822 644 3878 52.
664 3820 712 3875 nat
728 3821 770 3894 μέν
780 3817 795 3897 ᾖ
806 3822 940 3894 ἅνθρωπος,
953 3821 1087 3894 ἀμέμπτως
1139 3820 1204 3892 ύγιοι
1215 3820 1324 3893 πατέρες,
1339 3819 1422 3891 ὥσπερ
1435 3819 1464 3874 ab
1476 3820 1553 3883 πάθος
1563 3823 1604 3875 καί
1618 3820 1661 3891 τὴν
1674 3822 1794 3881 ἀπάθειαν
1807 3825 1855 3890 ένδς
1865 3825 1899 3877 ui

320 3905 483 3971 retractaret,
509 3905 548 3958 aad
574 3905 678 3959 θάνατον
699 3904 807 3959 ἑκούσιον
832 3906 1004 3978 καταδέχεται,
1030 3911 1084 3961 ete.
1138 3908 1180 3957 τοῦ
1195 3902 1270 3956 abaci
1284 3904 1404 3957 πιστεύειν
1424 3902 1489 3977 ἡμᾶς
1508 3902 1627 3974 ἐδίδαξαν,
1645 3906 1711 3961 ούτω
1725 3909 1769 3963 καί
1782 3912 1900 3983 διαρύροις

320 3988 361 4060 'll
376 3987 402 4041 δέ
415 3988 479 4057 θεὸς,
492 3988 533 4041 καί
547 3988 576 4042 ab
587 3987 657 4044 λυθὲν
672 3987 769 4060 ἀνιοτᾷ,
784 3988 825 4041 καλ
838 3987 880 4041 τδν
893 3989 997 4043 θάνατον
1014 3987 1087 4042 αύτδν
1138 3982 1257 4059 ἐνεργείας
1282 3985 1344 4050 ένδς,
1372 3986 1413 4039 καὶ
1435 3980 1479 4041 τού
1507 3986 1581 4042 αύτοῦ
1608 3989 1692 4062 κυρίου
1719 3991 1795 4067 ἡμῶν
1827 3991 1899 4060 ‘lapsi
1944 4002 1945 4035 ί

319 4072 450 4133 παντελῶς
462 4072 585 4124 καταλύει.
1137 4069 1245 4141 Χριστοῦ
1256 4069 1386 4143 ὁμολογεῖν
1398 4068 1464 4141 ἡμᾶς
1476 4066 1655 4132 έξεπαέδευσαν.
1944 4040 1945 4131 l

356 4155 372 4209 b
392 4154 459 4209 ibid.
477 4170 548 4210 cers.
564 4154 608 4210 39.
629 4152 707 4207 Ὅταν
729 4147 770 4206 σύν
786 4152 889 4226 ἀκούσῃς
911 4153 964 4225 περὶ
978 4156 1021 4207 τοῦ
1036 4153 1088 4216 troc
1173 4153 1320 4208 curren.
1337 4153 1412 4223 apud
1433 4151 1513 4208 Pbct.
1540 4154 1602 4210 cod.
1619 4172 1751 4224 cenatur,
1775 4176 1845 4217 νθιε.
1860 4158 1899 4217 29.
1944 4148 1945 4177 ;

319 4237 373 4290 clati
383 4237 425 4300 τὰς
439 4236 549 4298 ἐναντίας
561 4236 653 4307 φωνὰς,
667 4236 828 4305 καταλλήλως
840 4237 921 4307 μέριζε
937 4239 989 4298 ταῖς
1002 4237 1087 4307 φύσεσι
1137 4233 1253 4306 Δεύτερον
1272 4233 1299 4287 δέ
1325 4234 1392 4306 αύτῷ
1414 4236 1556 4307 προάγεται·
1581 4239 1613 4291 δι’
1636 4232 1665 4291 ού
1689 4241 1825 4309 δείκνυται,
1838 4238 1901 4305 bal

318 4320 350 4372 ad
362 4322 494 4392 λεγόμενα,
510 4322 539 4372 dc
551 4321 613 4392 μέγα
627 4338 661 4384 τι,
676 4319 715 4372 καί
732 4322 809 4382 θεῖον,
824 4323 854 4392 τῇ
867 4319 920 4389 talc
933 4317 1001 4390 φύσει
1011 4339 1086 4391 προσ-
1136 4315 1271 4380 ὁσιώτατος
1284 4318 1351 4371 Λέων
1369 4320 1421 4380 τοῖς
1430 4319 1536 4392 πατράσι
1551 4326 1700 4393 συμφωνῶν,
1723 4324 1770 4383 ἕνα
1783 4323 1900 4381 mnatre
1944 4332 1945 4335 ’

318 4404 408 4474 νέμων,
423 4405 452 4455 ἂν
470 4403 497 4456 δέ
513 4421 536 4455 τι
554 4402 649 4474 μικρὸν,
664 4402 705 4454 καί
723 4401 929 4475 ἀνθρώπινον,τῇ
948 4401 1084 4477 ἀνθρωπίνῃ
1136 4398 1258 4471 ὁμολογεῖ
1268 4398 1330 4453 υίόν.
1346 4401 1386 4453 καί
1402 4405 1445 4454 τοῦ
1459 4400 1545 4470 attus,
1560 4403 1600 4455 καί
1615 4402 1668 4469 ένδς
1687 4406 1776 4480 ὥσπερ
1796 4407 1900 4480 {agapae
1944 4440 1945 4493 γ

316 4487 487 4559 λογιζόμενος.
1137 4480 1243 4554 μορφὴν,
1258 4482 1323 4536 ούτω
1337 4483 1378 4535 καί
1392 4482 1435 4551 τὴν
1447 4484 1562 4557 διάφορον
1576 4485 1675 4556 φυσικὴν
1686 4486 1822 4563 ἐνέργειαν,
1944 4546 1945 4557 ,

353 4568 455 4625 ctbid.
474 4583 544 4624 vers.
566 4567 610 4623 42.
635 4564 746 4639 Ὦςγύρ
765 4560 801 4629 εἷς
821 4568 865 4640 μέν
886 4564 1086 4639 έστινδύνῖρω·
1172 4562 1193 4638 f
1208 4566 1365 4636 anlspn.
1386 4567 1437 4619 Κᾶν
1463 4565 1536 4634 αύτῆς
1558 4588 1586 4640 γε
1604 4573 1647 4637 τῆς
1672 4568 1797 4646 ἐνεργείας
1818 4572 1833 4643 ᾗ
1856 4570 1901 4627 ἰδία

316 4671 371 4714 πος,
387 4652 439 4725 ἔχει
458 4651 485 4704 δέ
510 4650 590 4721 φύσεις
604 4648 628 4702 ἐν
652 4649 735 4720 ἐαυτῷ
750 4652 880 4722 διαμόρους
902 4650 956 4714 δύο,
971 4649 1011 4702 καί
1030 4651 1085 4704 κατ’
1135 4646 1205 4721 πείσῃ
1218 4667 1245 4700 σε
1266 4647 1309 4716 τὴν
1333 4650 1412 4721 σάρκα
1432 4648 1471 4703 ἐπὶ
1493 4655 1537 4718 τῆς
1559 4650 1619 4714 ίδίας
1639 4657 1903 4733 μεμινηιέναιρύαεως

315 4735 380 4789 ἄλλο
393 4734 435 4806 μέν
458 4734 592 4805 λογίζεται,
607 4733 661 4786 κατ’
686 4732 749 4785 ἄλλο
765 4733 792 4787 δὲ
805 4734 834 4787 ab
856 4732 966 4805 λογιαύέν
981 4731 1082 4805 ἐνεργεῖ.
1135 4728 1298 4802 ὁμολογῆσαι.
1314 4730 1343 4783 τδ
1356 4730 1403 4803 γὰρ
1423 4732 1539 4797 πεζεύειν,
1554 4735 1595 4787 καί
1615 4737 1674 4789 ποσί
1693 4740 1817 4805 πεζεύειν,
1831 4736 1901 4811 alpi
1944 4752 1945 4795 ἶ

315 4817 382 4889 ψυχῇ
398 4817 441 4888 μέν
463 4815 511 4888 γὰρ
529 4817 701 4888 λογισάμενος,
731 4814 856 4890 είτύχοι,
875 4821 918 4869 τού
939 4817 1027 4869 πλοίου
1041 4815 1085 4883 τὴν
1134 4811 1196 4865 κατὰ
1210 4813 1344 4884 φαντασίαν
1360 4811 1464 4886 ἐγένετο,
1479 4818 1602 4888 πρόδηλον
1620 4819 1658 4873 ὅτι
1667 4822 1754 4875 ποδῶν
1766 4820 1832 4878 ἐστιν
1844 4820 1902 4897 ἐνέρ-
1944 4828 1945 4871 ί

315 4896 436 4970 σύμπηξιν
448 4899 519 4971 χερσί
532 4899 562 4952 rb
574 4898 668 4969 νοηύέν,
684 4897 718 4960 είς
730 4900 804 4971 πέρας
822 4898 884 4973 ἄγει.
901 4899 978 4961 ούτως
994 4899 1008 4952 d
1022 4898 1084 4966 υίδς,
1133 4913 1188 4967 γεια
1201 4900 1245 4962 τῆς
1256 4896 1373 4969 ἡμετέρας
1385 4898 1491 4968 φύσεως·
1507 4900 1572 4953 ὥστε
1588 4899 1647 4955 abab
1660 4901 1691 4956 τί)
1704 4898 1774 4967 εἶδος
1784 4911 1829 4974 τῆς
1842 4904 1902 4976 inlp-

316 4975 352 5042 είς
366 4984 411 5045 ὢν,
426 4981 467 5033 καί
488 4981 532 5034 δύο
550 4982 641 5052 φύσεις,
660 4981 715 5034 κατ’
737 4982 814 5050 ἄλλην
831 4981 874 5054 μὲν
888 4982 932 5044 τὰς
945 4982 1085 5053 ύεοσημείας
1133 4978 1199 5049 γείας
1213 4977 1313 5049 βοᾶτὴν
1328 4984 1371 5048 τῆς
1385 4978 1523 5052 σαρκδςέπλ
1536 4988 1585 5036 τῶν
1601 4983 1710 5058 ἀρχαίων
1726 4990 1820 5062 μέτρον
1834 4988 1904 5060 ρελι-
1944 5032 1945 5035 ,

316 5061 453 5136 ἐργάζεται.
466 5065 521 5117 κατ’
538 5063 651 5131 ἄλληνδέ
664 5064 696 5118 τὰ
710 5061 1022 5138 ταπεινύπαραδέχεται.ᾖ
1041 5062 1084 5136 μέν
1132 5059 1187 5127 κήν,
1202 5058 1243 5112 καί
1254 5060 1298 5129 τὴν
1313 5060 1426 5136 τοιαύτῃν
1440 5063 1540 5137 πορείαν
1557 5065 1643 5130 πάντες
1654 5072 1803 5143 σωματικήν
1817 5070 1902 5145 “1¹²³
1944 5118 1945 5121 ,

314 5146 362 5218 γὰρ
382 5144 409 5198 έκ
421 5146 521 5216 πατρὸς,
536 5146 578 5198 καί
600 5147 662 5217 θεὸς,
683 5145 778 5219 ἐνεργεῖ
799 5147 831 5200 τὰ
853 5147 972 5220 θαύματα·
988 5143 1003 5220 ᾗ
1018 5145 1085 5201 δὲέκ
1134 5141 1273 5212 αἰσθητικὴν
1282 5143 1406 5217 λέγουσιν.

314 5230 443 5302 παρθένου,
461 5218 647 5301 καὶᾶνθρωπος,
663 5231 705 5284 τὸν
721 5231 889 5304 aasumensi
903 5231 931 5284 τύ
945 5232 1030 5295 πάθος,
1042 5232 1083 5284 καί
1167 5253 1188 5308 ρ
1206 5237 1304 5291 Amase.
1322 5237 1353 5294 in
1367 5255 1429 5309 syn.
1446 5241 1490 5298 vl.
1511 5241 1543 5297 El
1555 5242 1588 5297 δι’
1602 5239 1637 5297 ὧν
1656 5244 1733 5301 αύτδν

314 5313 347 5367 τὰ
359 5312 518 5384 παραπλήσια
527 5309 616 5364 ἐθέλων
629 5311 734 5385 ύπέμενε
747 5320 863 5384 φυσικῶς.
1131 5318 1185 5372 δεῖν
1208 5317 1292 5392 ἐχρῆν,
1311 5321 1398 5386 θεῖ’κιῖις
1415 5320 1518 5397 ἐνήργει,
1545 5325 1588 5398 αρ’
1615 5322 1650 5383 ὧν
1673 5327 1852 5405 ilina-samaa
1874 5329 1901 5401 ln

350 5395 537 5451 dJusrtntitt.
569 5394 599 5450 in
612 5396 645 5452 Vl
671 5411 733 5466 syn.
756 5403 810 5451 act.
834 5413 861 5452 x.
881 5398 974 5459 Πάντες
994 5397 1042 5469 γὰρ
1059 5397 1083 5452 cl
1132 5400 1259 5473 ἄνθρωπον
1274 5403 1477 5478 ύντωςύρᾶαύαι,
1501 5406 1658 5481 ἀνθρωπίνως
1670 5410 1813 5487 φράζετο,
1836 5416 1901 5488 &spa
1944 5404 1945 5455 ἒ
