3936 6146
504 390 554 451 DE
574 389 870 459 lNCARNATlONE,
892 391 970 453 LIB.
993 392 1047 467 tx,
1080 393 1163 455 CAP.
1187 395 1241 455 IV.
1600 392 1654 451 att

88 562 118 617 ta
138 572 179 631 es,
192 572 228 615 ec
249 554 429 617 damnose.
445 555 593 617 »Rursus
606 556 638 616 iu
655 556 842 618 homilisuv
892 565 1102 638 praeceptum,
1139 560 1173 621 in
1207 558 1448 638 obtemperando
1490 556 1661 637 proprietas

88 646 157 709 lomi
167 646 372 727 quintiverba
380 647 530 709 illaPsuli
541 648 710 727 explicans,
721 649 842 730 Oportet
891 656 1017 712 constet.
1056 653 1096 713 Ut
1131 670 1203 712 cum
1235 653 1268 712 in
1305 649 1474 712 Proverbiis
1506 650 1549 709 ita
1571 646 1661 726 jubet

86 737 288 813 ioeroeeecse¹,
310 745 369 803 eto.
384 741 474 803 docet
492 741 622 821 eoe,qui
644 742 676 801 iu
696 743 841 804 haeresim
890 741 1019 822 Sapiens
1035 742 1059 818 ';
1096 742 1142 804 Ne
1167 742 1302 804 dimittas
1327 743 1416 823 legem
1443 740 1546 802 metris
1572 748 1658 799 tnoe:

86 831 223 900 madunt,
239 850 304 893 non
325 833 369 907 ni,
393 838 423 895 et
442 832 564 911 impetu
584 834 721 912 quodam
743 834 782 895 ab
804 852 841 895 es
889 852 1002 913 nempe
1014 835 1147 896 alterum
1162 854 1286 915 quoque
1307 835 1495 904 continetur,
1510 832 1660 908 utlegcm

85 923 154 985 lecto
174 924 206 984 id
223 924 374 993 accidere,
397 925 451 986 sed
470 925 595 1005 propria
620 925 838 987 imbecillitate.
889 924 979 986 istam
1001 927 1106 1003 magni
1127 926 1289 1003 faciamus,
1311 932 1342 987 et
1368 928 1577 986 observemus.
1602 920 1659 982 Vel

89 1015 351 1079 «Imbecillitstem
370 1035 463 1096 porro
486 1035 551 1078 nou
574 1018 760 1093 naturalem,
783 1019 838 1092 ait,
889 1036 961 1078 eum
978 1019 1115 1080 ioannes
1137 1037 1194 1080 uos
1219 1016 1391 1079 ιιιίιιιοιιει8
1419 1037 1426 1077 :
1458 1014 1559 1076 Nolite
1583 1013 1657 1073 dili-

85 1108 143 1169 dioc
164 1128 171 1170 :
192 1109 247 1170 sed
265 1126 336 1171 eum
356 1126 423 1187 quse
445 1117 491 1171 est
513 1127 552 1170 ex
575 1109 673 1171 libero
687 1109 840 1172 arbitrio:
888 1128 955 1189 gere
974 1109 1114 1171 muudum
1141 1131 1148 1172 :
1176 1130 1240 1171 una
1262 1110 1345 1170 istud
1369 1126 1493 1188 quoque
1518 1105 1657 1185 precipi-

84 1217 144 1280 ονε
155 1200 293 1263 accusari
311 1206 458 1270 meretur,
474 1218 605 1280 qumque
627 1201 790 1281 supplicio,
803 1220 840 1262 ac
888 1209 951 1276 tur,
966 1210 1001 1262 ut
1022 1201 1176 1264 oderimus.
1199 1203 1278 1262 Nam
1299 1220 1337 1262 ex
1359 1198 1538 1278 hujusmodi
1556 1199 1658 1276 impe-

84 1310 173 1371 pmum
185 1292 352 1371 subjicitur
367 1313 374 1354 :
390 1293 518 1370 cujuset
531 1292 721 1371 corrigeudae
731 1310 839 1353 sumus
888 1294 977 1354 randi
989 1295 1142 1370 formulis,
1156 1293 1269 1373 quibus
1276 1294 1358 1353 nolle
1370 1291 1497 1370 aliquid,
1513 1295 1567 1350 aut
1580 1288 1658 1348 velle

84 1383 198 1459 domini,
214 1403 252 1446 uc
265 1391 428 1465 propterea
444 1390 509 1444 tam
527 1389 609 1445 recte
623 1402 681 1445 nos
696 1391 839 1463 gerentes
884 1385 1024 1465 jubetur,
1038 1385 1129 1446 liberi
1143 1385 1262 1446 arbitrii
1273 1384 1312 1445 ad
1334 1383 1518 1444 alterutrum
1538 1381 1657 1459 eligen-

83 1474 193 1537 laudem
216 1476 428 1556 assequimur,
458 1492 553 1554 quam
579 1493 667 1538 secus
694 1482 837 1554 agentes,
888 1477 965 1538 dum
985 1483 1118 1557 potestas
1136 1477 1336 1556 agnoscitur:
1353 1480 1390 1535 ut
1409 1474 1501 1534 latius
1521 1474 1659 1552 disputat

84 1584 192 1646 penam
206 1568 432 1631 committimus
442 1567 463 1629 l.
478 1589 493 1627 υ
890 1569 1080 1648 Augustinus
1094 1570 1127 1631 in
1136 1570 1215 1630 libro
1223 1567 1362 1649 depretia
1374 1574 1402 1627 et
1415 1564 1505 1626 tibere
1515 1562 1654 1635 arbitrio,

116 1659 195 1721 Idem
212 1659 249 1720 in
273 1659 404 1723 homilia
428 1676 499 1721 lxxx
521 1661 599 1722 tomi
628 1659 779 1738 ejusdem,
804 1660 840 1722 de
889 1663 1149 1743 capitesecundo.
1171 1663 1316 1740 «Nempe
1331 1659 1522 1732 ubidicitur,
1540 1657 1655 1734 inquit,

82 1747 149 1811 tub
165 1749 331 1831 proditore,
356 1753 400 1812 ait
423 1772 439 1810 ι
462 1753 564 1814 Deum
582 1769 640 1812 nos
662 1752 766 1813 iecisse
787 1752 840 1813 do·
888 1756 958 1817 Noli
971 1756 1041 1827 hoe,
1055 1761 1087 1815 et
1106 1755 1169 1815 noli
1193 1754 1281 1828 illud,
1298 1758 1329 1812 et
1347 1751 1400 1811 nbi
1424 1750 1462 1811 ad
1478 1749 1596 1828 aliquid
1611 1748 1656 1807 ia-

84 1842 180 1917 miuos,
191 1842 367 1904 atarbitros
380 1843 536 1905 electionis
549 1843 715 1917 malarum,
732 1848 763 1904 et
779 1843 839 1904 bo·
889 1848 1047 1923 ciendum,
1063 1848 1112 1908 vel
1128 1865 1191 1909 non
1209 1844 1384 1905 iaciendum
1407 1844 1440 1902 in
1466 1841 1579 1902 divinis
1592 1859 1656 1901 mo-

83 1935 401 1997 Mtumaetionumw
413 1936 494 1997 Tum
504 1936 618 1997 iudam
635 1934 837 2012 «voluntatis,
888 1941 961 2001 uitis
982 1958 1058 2019 opus
1078 1938 1247 1999 voluntastis
1269 1936 1412 2012 exigitur,
1430 1936 1502 1994 satis
1521 1933 1656 1995 liberum

83 2026 272 2089 aunuatim
296 2044 362 2088 suae
385 2027 548 2088 dominum
569 2027 674 2103 fuisse,
690 2033 783 2106 atque
804 2027 839 2088 in
889 2035 1116 2094 demonstretur
1126 2030 1301 2091 arbitrium.
1315 2050 1330 2085 ν

83 2122 215 2196 potone
227 2137 295 2179 non
308 2118 438 2198 parendi
453 2121 627 2190 tentationi,
644 2124 676 2180 et
688 2120 721 2180 in
738 2120 839 2179 avan·
930 2125 1024 2204 Cujus
1050 2123 1168 2184 arbitrii
1195 2122 1241 2181 vis
1268 2121 1308 2181 ab
1346 2117 1508 2180 Ambrosio
1538 2122 1655 2196 aperte,

83 2207 146 2270 tiam
161 2210 346 2289 neutiquam
364 2210 584 2271 declinandi.»
609 2213 657 2271 lta
675 2211 840 2287 Gregorius
889 2217 1100 2296 explicateque
1120 2212 1232 2274 tradita
1258 2211 1359 2272 estin
1394 2210 1482 2271 tertio
1511 2208 1591 2269 libro
1622 2206 1658 2267 de

84 2300 276 2363 Nazianzenus
289 2302 323 2362 in
337 2308 414 2363 orat.
433 2318 512 2376 κιο,
526 2320 596 2380 quae
611 2308 657 2362 est
669 2300 703 2362 de
718 2301 837 2362 Μυσία·
891 2308 1010 2388 Officiis,
1031 2307 1129 2386 capita
1149 2306 1269 2385 quinto,
1284 2302 1337 2362 ubi
1357 2302 1395 2362 de
1409 2302 1503 2381 Gygis
1516 2300 1656 2360 ebuloso

84 2390 151 2467 ⁶05⁸,
163 2393 278 2454 h⁰ffl111
290 2393 450 2467 Virtutem,
468 2404 500 2455 θῖ
512 2393 709 2455 θθίθῑθῦίίθῐῦ
723 2393 838 2471 proedi·
888 2401 942 2462 illo
956 2400 1071 2461 annulo
1082 2399 1211 2479 loquens
1223 2397 1266 2455 itu
1275 2394 1381 2455 scribit
1394 2414 1401 2453 ι
1417 2394 1537 2471 «Cujus
1549 2391 1657 2452 annuli

83 2502 154 2562 cans,
165 2486 318 2548 studiosos
330 2484 459 2547 lectores
467 2484 508 2547 ad
519 2486 585 2563 ejus
594 2485 666 2547 libri
674 2485 839 2545 lectionem
887 2499 974 2554 tanta
988 2494 1028 2553 sit
1041 2493 1098 2566 vis,
1112 2497 1147 2550 ut
1169 2507 1225 2569 pro
1245 2486 1372 2547 arbitrio
1386 2503 1442 2545 suo
1466 2485 1519 2565 qui
1533 2503 1606 2545 eum
1619 2485 1659 2543 sit

84 2574 188 2653 mutat,
218 2577 305 2656 equi
325 2578 481 2639 rationem
508 2577 606 2638 animi
632 2576 839 2655 perturbatio·
889 2587 1027 2659 indutus,
1060 2586 1207 2663 appareat
1226 2597 1297 2640 oum
1325 2578 1398 2638 velit
1425 2598 1432 2638 :
1458 2595 1530 2638 oum
1552 2583 1657 2637 autem

84 2667 161 2728 ”ihm
190 2669 347 2748 imperare
382 2669 487 2739 ἆθθθθι
519 2687 556 2730 ἂν·
589 2669 747 2730 dOmissflm
775 2686 840 2729 ⁰⁸⁸⁶
889 2680 978 2750 nolit,
993 2675 1169 2756 conspectui
1184 2691 1216 2733 se
1230 2670 1428 2750 presentium
1440 2670 1610 2742 subtrahat,
1622 2675 1658 2728 ut

84 2761 284 2839 propensionis
311 2761 346 2821 in
373 2767 538 2840 utrumque
566 2765 704 2839 partem,
727 2778 840 2840 nempe
889 2789 1025 2852 prffisens
1038 2788 1103 2831 non
1116 2763 1360 2848 praestationi.»

85 2851 222 2928 virtutem,
236 2871 275 2913 ac
288 2852 399 2913 vitium
409 2851 435 2912 ί.
451 2874 467 2910 ιι

3 2970 47 3017 η,
115 2945 221 3006 XVlll.
244 2947 295 3005 Ex
314 2944 428 3024 quibus
446 2943 538 3019 loeis,
559 2956 592 3005 et
608 2943 781 3004 innumeris
799 2942 839 3002 si-

2 3032 67 3126 2¹2¹.
85 3034 193 3097 milibus
211 3036 380 3116 colligitur,
402 3036 458 3096 ubi
480 3035 576 3097 alteru
588 3052 661 3114 pars
681 3035 838 3111 reticetur,

4 3136 50 3177 ιι.
84 3126 274 3189 nihilomiuus
289 3127 521 3206 intelligendam
530 3144 607 3188 esse.
622 3127 663 3187 Ut
675 3125 840 3186 cumidem

84 3217 304 3298 Chrysostomus
316 3219 446 3281 homilis
460 3235 531 3280 nstv
548 3220 580 3279 in
594 3216 784 3290 Mettbeeum,
796 3217 840 3278 ait

84 3309 223 3373 Christum
245 3312 420 3372 «dominos
440 3316 470 3372 et
486 3310 617 3371 arbitros
637 3326 696 3369 nos
714 3308 841 3368 volendi

82 3399 230 3465 fecium.»
257 3404 298 3465 Et
325 3402 454 3464 homilia
476 3419 561 3476 xnus
586 3400 619 3460 in
644 3400 780 3479 priorem
801 3398 841 3459 ad

83 3490 251 3569 Corinthios,
269 3494 324 3574 qui
337 3493 434 3554 filiam
447 3493 582 3554 suumin
596 3491 739 3570 lupanari
752 3508 840 3570 pros-

81 3585 163 3658 tituit,
176 3588 201 3647 si
213 3604 286 3648 eam
305 3587 387 3661 regis
407 3584 491 3646 filius
512 3582 699 3654 liberaverit,
721 3600 757 3643 ao
780 3582 840 3642 sibi

82 3678 208 3755 conjugio
226 3677 428 3758 copulaverit,
443 3694 509 3737 non
530 3675 666 3753 amplius
689 3675 722 3735 in
737 3678 839 3752 potes-

82 3770 136 3827 tate
156 3770 236 3831 illius
255 3786 322 3832 esse
345 3768 430 3844 dicit,
445 3767 538 3828 istam
556 3767 656 3845 ipsum
680 3766 720 3826 ad
743 3781 841 3825 mere·

82 3858 191 3923 uirium
213 3866 369 3942 quaestum
394 3859 577 3920 deducere:
602 3857 656 3918 ubi
689 3855 783 3917 etiam
811 3862 842 3915 ot

83 3954 256 4015 conbanem
270 3951 467 4024 subauditur,
484 3956 537 4012 cut
550 3967 608 4009 κοιι
620 3945 787 4009 deduceres.

113 4043 221 4107 Eodem
234 4045 330 4107 modo
345 4060 416 4104 oum
429 4043 498 4119 lege
517 4040 634 4119 aliquid
654 4037 837 4099 nominatim

82 4137 263 4214 exprimitur,
284 4141 316 4197 et
330 4140 468 4209 cavetur,
482 4139 575 4212 etque
590 4137 626 4191 ut
639 4130 771 4192 velimus
783 4129 841 4188 ali-

82 4226 145 4302 quid
157 4227 361 4291 determinate
382 4224 571 4305 praecipitur,
587 4222 645 4284 etsi
663 4221 839 4301 oppositum

83 4313 144 4378 buic
155 4321 284 4382 minime
294 4325 342 4380 est
355 4314 724 4396 expressum,necesssrio
733 4319 839 4372 temen

83 4404 272 4490 intelligitur3
289 4415 326 4471 ut
338 4409 428 4470 liberi
439 4406 572 4482 arbitrii,
586 4405 674 4484 eujus
687 4403 779 4463 index
794 4407 840 4462 est

111 4628 130 4667 tt
145 4614 245 4669 Cum.
260 4613 336 4667 hom.
346 4625 398 4666 xtlt
413 4612 446 4664 itt
464 4605 573 4665 Marti.
594 4606 641 4659 ίίαθ
657 4605 704 4677 γὰρ
719 4605 748 4659 ab
759 4601 840 4676 κιίμιος
890 4599 985 4671 ἐξουσίᾳ
998 4602 1042 4654 τοῦ
1056 4596 1089 4669 μὴ
1099 4595 1234 4662 πεισθῆναι,
1249 4593 1290 4645 καί
1307 4589 1367 4663 πρὸς
1380 4583 1582 4660 φιλαργυρίανμὴ
1597 4582 1659 4637 ἀπο-

83 4688 102 4747 ιί
111 4698 198 4749 καὶτοῦ
211 4693 299 4759 εἰπεῖν,
313 4695 354 4747 καί
369 4686 413 4747 τοῖν
428 4690 558 4763 grisea.
888 4684 982 4738 κλῖναι.

111 4777 238 4835 illuns.
256 4793 327 4834 ters-
348 4776 393 4833 31.
418 4774 554 4829 ’literam
571 4773 597 4826 tl
617 4771 646 4825 οθ
660 4771 761 4843 φυσικὴν
774 4770 840 4841 λόγω
924 4766 945 4822 εί
965 4767 1091 4823 Νικιιινκ.
1116 4760 1147 4814 Ἦ
1161 4758 1216 4830 περὶ
1228 4755 1309 4810 αὖτιῖιν
1321 4755 1402 4826 βίθλος
1410 4752 1516 4820 δηλώσει
1525 4748 1657 4819 micetio·

82 4858 187 4931 Diis-bv
201 4861 228 4915 ἔκ
238 4860 414 4933 προαιρέσεως,
428 4857 473 4924 τὴν
483 4857 524 4908 καὶ
535 4853 695 4927 ἐγκλημάτων
706 4851 784 4916 ἀξίαν,
799 4851 839 4905 καὶ
891 4851 986 4921 μαθὲσι,
1000 4849 1041 4901 καὶ
1055 4841 1221 4918 φιλοπόνοιςὴ
1234 4839 1282 4893 bct
1296 4843 1340 4891 τοῦ
1350 4836 1517 4907 αὐτοκράτορα
1531 4825 1593 4885 εἶναι
1609 4836 1659 4884 τῶν

17 4950 19 5003 3
82 4939 238 5007 θεθιιθλαοιν,
253 4945 295 4997 καί
308 4942 430 5014 τιμωρίαν
444 4939 566 5010 κειμένην.
581 4940 610 5005 ἣν
625 4938 664 4991 καί
678 4934 748 5008 ἡμεῖς
761 4935 839 5007 κύριοι
888 4933 972 4986 παθῶν
995 4931 1036 4984 τθν
1060 4927 1180 5001 λογισμὸν
1203 4923 1383 4995 paticipare,
1407 4919 1447 4972 καὶ
1461 4916 1542 4988 κύριον
1563 4918 1606 4982 τῆς
1621 4911 1660 4966 ἔπ’

82 5025 209 5097 διορθῶσαι.
224 5027 262 5080 tto
284 5025 457 5096 κατορθοῦντες
482 5039 509 5074 τε
537 5018 714 5092 ἐπαινοθμεθα,
739 5018 779 5070 καὶ
807 5014 840 5088 μὴ
890 5015 964 5088 ἄμφω
979 5015 1065 5086 ῥοπῆς,
1081 5010 1168 5083 ἀρετήν
1181 5005 1286 5076 capaci,
1300 5005 1341 5057 καὶ
1355 5001 1450 5056 κακίαν.

82 5109 240 5179 ”imvm
253 5106 420 5177 κῠλαίθμῑθα·
926 5113 940 5153 e
959 5099 1060 5153 Cunts.
1085 5093 1153 5147 Ἀλλ’
1174 5089 1211 5144 ἔτι
1232 5086 1330 5160 κυρίους
1351 5085 1438 5147 αθτοθς
1454 5082 1530 5137 ἐποίει
1543 5086 1588 5136 τοῦ
1603 5081 1660 5151 βοθ-

114 5206 127 5245 t
144 5191 210 5247 lbii.
229 5208 298 5249 vers.
313 5190 359 5245 29.
384 5186 487 5253 Ἐπειδὴ
501 5184 548 5257 γὰρ
562 5185 658 5256 κυρίους
668 5183 733 5255 ἡμᾶς
743 5180 841 5249 ἐποίησε
889 5181 981 5237 λεσθοιι.

83 5273 118 5325 καί
129 5278 169 5341 τῆς
182 5274 349 5347 τῶνφαιίλων,
362 5272 404 5325 καί
418 5274 462 5338 τῆς
476 5275 526 5323 τῶν
540 5269 638 5340 ἀγαθῶν
655 5264 758 5338 πράξειν
777 5264 842 5336 spe-
927 5263 948 5337 s
963 5262 1003 5319 ld.
1021 5261 1057 5315 bt
1066 5260 1148 5333 κυρίος
1158 5252 1181 5311 ιθ
1192 5256 1279 5311 λοιπθν
1287 5256 1354 5327 ἄγειν
1361 5252 1436 5320 αὐτὴν
1447 5251 1486 5305 ἐπὶ
1492 5251 1522 5305 τθ
1532 5252 1657 5320 πορνεῖον.

85 5373 148 5422 ειυς,
162 5364 216 5413 ele.
230 5357 301 5412 Ἐπεί
315 5350 358 5409 oin
372 5353 482 5416 κάκεῖνος
492 5352 592 5424 γνώμης
604 5348 685 5421 κθριος
700 5345 741 5417 ἦν,
757 5348 799 5401 καί
816 5344 841 5398 le

110 5548 166 5605 inp.
181 5562 197 5599 ι.
211 5549 335 5600 dcccii,
350 5546 553 5596 lt.-2Prct.1‚
568 5541 757 5589 tt.-st.eosn.
773 5551 790 5582 ι.
