3932 6142
295 233 355 295 234

296 400 418 464 divium
431 411 537 468 auum
549 409 745 488 operationes
763 429 828 491 pre
842 430 876 473 se
892 412 976 488 tulit,
988 429 1061 473 cum

296 512 411 573 elpram
433 500 563 562 ιιιιιίονίί
586 506 621 563 ιιι
648 502 769 579 vinum,
795 504 886 581 mari,
908 510 940 566 et
960 506 1060 568 ventis

295 585 471 667 imperavit,
495 609 590 654 cacos
612 593 808 673 illuminavit,
823 599 975 659 Lazarum
995 615 1061 658 eus-

296 677 411 741 citavit.

336 770 497 852 Hippolyti
511 775 648 854 ejusdem
662 778 797 858 insignia
809 779 983 856 lragmeuta
997 780 1061 841 rol·

295 860 371 941 legit
381 865 560 928 Anastasius
583 870 805 947 apocrisiarius
823 889 962 951 erepere
978 890 1060 951 quo·

296 954 379 1026 dam,
416 958 500 1036 quod
533 964 641 1021 contra
670 963 833 1033 Beronum,
863 968 894 1023 et
925 963 1061 1025 Helioem

296 1046 442 1109 ediderat.
458 1050 541 1123 Quos
553 1053 680 1130 quidem
695 1054 855 1116 hereticos
870 1060 938 1116 tum
952 1056 1060 1117 biono-

295 1138 436 1218 physitis,
455 1146 524 1202 tum
544 1144 758 1207 Monotheletis
775 1146 946 1225 praelusisse
964 1165 1003 1208 ex
1023 1147 1061 1208 iis

295 1237 433 1309 apparet,
439 1251 509 1311 quae
521 1235 583 1296 illie
589 1237 728 1317 diputata
740 1238 897 1316 leguntur.
910 1239 944 1298 iu
958 1240 1060 1318 primo

295 1321 399 1401 itaque
408 1323 593 1404 fragmento,
608 1329 663 1389 ubi
676 1336 802 1391 naturas
816 1329 921 1390 ambas
934 1332 1061 1391 serratis

295 1414 545 1494 proprietatibus,
553 1420 620 1481 sine
632 1421 696 1483 ulla
708 1421 960 1497 contusione,aut
970 1422 1061 1482 alter-

245 1548 253 1566 .
294 1505 395 1567 utrius
405 1507 533 1570 interitu
555 1519 693 1572 constare
708 1513 767 1574 sibi
782 1514 882 1588 docet,
899 1513 938 1574 de
953 1520 1060 1594 ἐνεργείᾳ

293 1598 387 1658 tradit
404 1599 481 1661 hae.
494 1604 696 1683 «Propterea,
712 1605 823 1683 inquit,
838 1605 975 1678 vere,uti
989 1624 1058 1677 nos,

293 1688 387 1750 homo
412 1692 539 1767 factum,
564 1694 631 1756 eine
660 1703 797 1775 peccato,
823 1697 878 1758 Dei
905 1696 1056 1775 Verbum,

292 1779 474 1843 humanitus
489 1794 662 1864 operatum,
673 1794 704 1848 et
717 1805 840 1866 passum
854 1805 1059 1868 quaecumque

292 1879 413 1934 natura
433 1881 506 1936 sunt
529 1881 666 1957 expertia
683 1880 809 1959 peceati,
828 1886 859 1941 et
883 1881 1058 1941 naturalem

291 1964 391 2025 carnis
404 1965 720 2048 circeumscriptionem
736 1977 842 2031 nostra
855 1989 950 2031 eausa
961 1973 1056 2032 susci-

290 2054 389 2135 piens,
403 2058 490 2118 nulia
502 2061 536 2119 iu
548 2078 582 2121 re
603 2079 728 2140 prorsus
748 2063 951 2123 mutationem
965 2063 1056 2123 susu-

290 2148 460 2220 nuit3dum
474 2151 509 2211 iu
522 2152 711 2231 nuHo,quod
726 2154 808 2213 idem
820 2158 866 2214 est
878 2172 950 2214 eum
956 2155 1056 2227 Patre,

289 2237 373 2299 idom
387 2259 457 2302 cum
471 2261 563 2304 carne
575 2243 691 2305 lactum
710 2250 757 2305 est
769 2250 895 2325 propter
916 2246 1056 2306 exinani-

289 2333 406 2393 tionem
419 2353 427 2393 :
442 2326 495 2394 sed
509 2341 543 2395 ut
556 2340 623 2396 erat
635 2337 701 2396 aine
713 2355 815 2413 carue,
824 2342 912 2397 extra
924 2339 1056 2398 circum·

803 247 1129 310 ruaotouicouuu
1147 249 1370 314 DOGHATUM

1111 413 1222 476 haeresi
1235 416 1404 477 oecurnsae
1415 414 1643 477 unctimimum
1650 414 1826 493 Martyrum,
1836 419 1865 476 et

1109 523 1146 566 ea
1160 507 1323 587 scripsisse,
1339 507 1523 586 cujusmodi,
1537 506 1564 566 si
1584 512 1654 585 post
1665 511 1769 567 ortum
1783 507 1864 568 iatius

1109 598 1285 675 exstitisset,
1301 603 1457 679 opponere
1468 598 1585 661 debuit.

1150 691 1207 750 IV.
1231 693 1353 752 Rursus
1373 692 1456 752 idem
1470 690 1656 769 Hippolytus
1668 691 1701 751 in
1720 689 1865 770 Eruet-ptr

1109 781 1246 842 seeundo
1259 782 1433 844 luculenter
1445 781 1598 843 catholieo
1612 781 1747 859 dogmati
1761 780 1864 842 urbia-

1109 878 1211 950 gatur,
1236 893 1308 935 cum
1333 873 1541 949 siceit;a1n
1568 873 1635 951 ipsa
1662 873 1866 935 incarnatione

1109 964 1236 1026 salutari
1268 967 1427 1045 propriam
1460 963 1630 1025 divinitatis
1663 964 1864 1041 operationem

1109 1054 1271 1117 immisisse
1285 1058 1381 1130 carm,
1399 1074 1468 1136 que
1482 1055 1611 1117 minime
1626 1060 1751 1134 propter
1763 1056 1865 1116 exina-

1109 1146 1260 1209 nitionem
1275 1148 1329 1209 ilia
1342 1147 1643 1209 circumscriberetur
1659 1165 1666 1205 ε
1682 1164 1783 1226 neque
1792 1146 1866 1207 utab

1109 1238 1206 1316 ipsius
1219 1240 1442 1315 divinitate,sic
1456 1257 1495 1300 ex
1508 1256 1600 1299 carne
1614 1238 1796 1299 naturaliter
1804 1256 1867 1317 pro-

1108 1329 1208 1389 diret:
1226 1330 1327 1390 sedin
1347 1331 1406 1407 his,
1422 1348 1492 1410 quae
1511 1330 1659 1391 divinitus
1677 1330 1866 1390 incarnatum

1108 1421 1245 1482 Verbum
1260 1440 1316 1502 per
1328 1423 1414 1483 illam
1436 1427 1598 1498 operatum
1620 1428 1680 1497 est,
1700 1428 1866 1501 appareret

1108 1513 1390 1575 Nonenimnatura
1399 1514 1544 1575 divinitas
1554 1513 1635 1575 tacta
1647 1514 1867 1588 est,immutata

1107 1606 1279 1666 secrrndum
1301 1612 1447 1666 naturam
1468 1624 1554 1679 caro,
1569 1605 1738 1665 diuinitatis
1764 1611 1866 1665 natura

1107 1698 1233 1775 propria
1254 1697 1335 1759 laeta
1350 1716 1357 1756 ι
1373 1714 1483 1758 verum
1508 1697 1660 1776 quidquid
1678 1701 1756 1764 erat,
1781 1696 1866 1756 etiam

1107 1805 1180 1847 eum
1193 1788 1354 1850 divinitate
1375 1789 1558 1862 coalescens,
1574 1789 1688 1848 mansit
1703 1788 1866 1848 secundum

1107 1884 1268 1953 naturam,
1284 1886 1314 1941 et
1328 1878 1600 1960 opemtiouem⁶.n

1146 1971 1195 2031 Ad
1205 1971 1273 2031 haec
1287 1972 1320 2031 iu
1333 1972 1425 2032 tertio
1442 1971 1617 2050 fragmento
1630 1970 1779 2049 praeclare
1791 1971 1865 2032 idem

1106 2063 1237 2142 explicat
1250 2064 1390 2142 apposita
1402 2062 1604 2124 similitudine
1615 2063 1764 2123 humanae
1775 2065 1866 2123 notio·
1960 2052 1961 2073 ί

1106 2155 1166 2231 uis,
1185 2155 1270 2234 quod
1292 2155 1433 2215 Verbum
1457 2154 1570 2216 mentis
1595 2153 1773 2227 nominant,
1800 2171 1863 2215 cum

1106 2246 1249 2307 exteriori
1266 2264 1420 2318 sermone,
1445 2246 1510 2306 sine
1537 2246 1602 2306 ulla
1628 2246 1814 2320 mutatione,
1832 2263 1866 2305 ac

1105 2338 1187 2398 salva
1202 2338 1396 2398 distinetione
1408 2338 1597 2415 conjunctae3
1610 2342 1678 2395 tum
1693 2339 1726 2396 in
1741 2336 1804 2397 iiua
1817 2356 1866 2397 na-

289 2425 624 2504 scriptiouemomnem
636 2429 805 2489 remansit:
822 2446 858 2489 ac
867 2448 922 2507 per
930 2448 1055 2491 carnem
1105 2434 1191 2489 tures
1202 2429 1268 2489 illas
1282 2429 1358 2489 duas
1368 2434 1463 2506 negat
1481 2428 1541 2488 cin
1554 2428 1696 2488 eamdem
1713 2434 1862 2503 naturam,

290 2515 438 2576 divinitus
448 2523 610 2597 operatum
622 2524 685 2593 est,
702 2537 772 2599 quae
785 2519 954 2581 divinitatis
969 2525 1058 2581 erant
1104 2525 1160 2580 aut
1170 2520 1343 2580 naturalem
1357 2520 1570 2598 operationem
1584 2519 1755 2580 convenire
1767 2538 1862 2600 pome3

289 2609 416 2688 propria
429 2628 436 2669 z
448 2608 540 2669 ambo
555 2610 690 2689 seipsum
703 2628 768 2671 esse
779 2611 1057 2691 demonstransper
1105 2610 1242 2690 quandiu
1270 2610 1401 2688 singula
1419 2611 1501 2671 intra
1513 2610 1683 2690 propriam,
1698 2616 1731 2671 et
1742 2618 1863 2672 natura-

289 2717 337 2776 ea,
351 2717 422 2779 quae
439 2713 571 2780 utroque
588 2702 694 2778 modo,
710 2703 857 2763 divinitus
870 2702 1012 2763 videlicet
1024 2710 1056 2764 et
1104 2702 1166 2763 iem
1180 2702 1463 2763 immutabilitatem
1475 2709 1614 2762 manent.
1634 2702 1755 2781 Quippe
1762 2720 1863 2764 eurum

288 2791 472 2853 humanitus
497 2797 659 2872 operatum
686 2801 741 2866 est,
760 2794 932 2855 secundum
957 2795 1056 2873 ipsam
1105 2793 1266 2868 duntaxat,
1277 2801 1428 2872 quaesunt
1440 2793 1580 2871 ejusdem
1590 2798 1721 2868 naturae,
1733 2795 1865 2873 ejusdem

288 2901 405 2960 veram,
442 2889 473 2945 et
506 2884 681 2945 naturalem
711 2887 895 2947 exstantiam
916 2902 1056 2965 :nempe
1104 2883 1290 2945 effectricem
1307 2903 1373 2946 esse
1384 2885 1566 2956 motionem,
1583 2888 1652 2962 qu‘ae
1667 2884 1866 2946 substantiam

288 2977 391 3037 Deum
420 2976 580 3037 infinitum
602 2977 705 3044 simul,
732 2982 764 3038 et
790 2977 1056 3057 circumscriptum
1103 2975 1229 3051 indicat,
1246 2976 1562 3055 cujusuativavirtus
1575 2982 1641 3051 est,
1656 2993 1731 3035 cum
1744 2976 1865 3038 divana

288 3068 449 3129 hominem
470 3086 503 3129 se
516 3086 593 3144 esse,
611 3068 804 3147 intelligique
823 3069 1011 3147 significans,
1025 3075 1057 3130 et
1104 3073 1224 3127 natura
1248 3068 1419 3147 proprietas
1445 3067 1573 3128 alterius
1600 3083 1665 3127 esse
1690 3067 1865 3128 substantia

287 3160 403 3221 habere
426 3159 559 3239 perfecte
581 3159 749 3239 perlectam
766 3160 962 3238 singulorum
982 3161 1055 3221 sub·
1104 3158 1190 3218 nulla
1203 3157 1338 3234 ratione,
1353 3157 1404 3219 vei
1427 3157 1496 3218 lieri
1515 3158 1582 3218 siue
1604 3157 1778 3219 mutatione
1797 3176 1865 3239 pos·

288 3252 444 3324 stantiam,
458 3270 530 3312 cum
549 3252 729 3331 operatione
745 3254 822 3331 ipsa,
836 3252 900 3312 sive
921 3253 1056 3312 naturali
1104 3250 1144 3310 sit
1157 3258 1179 3309 ⁰.
1204 3269 1219 3306 ο

287 3344 483 3423 proprietate,
501 3343 662 3423 exquibus
672 3344 788 3404 salivam
801 3348 950 3422 perpetuo
965 3345 1054 3404 novi·
1143 3342 1295 3402 Praeterea
1309 3340 1343 3401 in
1357 3339 1506 3419 Excepto
1520 3344 1631 3419 quarto
1645 3339 1804 3401 Christum
1814 3340 1863 3414 ait,

287 3453 358 3496 mus
383 3436 556 3497 naturalem
573 3435 709 3505 illorum.
726 3436 792 3496 siue
806 3435 870 3496 ulia
883 3436 1056 3496 mutatione
1107 3453 1122 3490 a
1131 3449 1187 3511 per
1201 3450 1248 3500 ea,
1264 3448 1334 3509 qua
1348 3430 1498 3491 divinitus
1512 3430 1623 3499 simul,
1640 3435 1671 3490 et
1689 3430 1866 3492 humanitus

287 3526 526 3589 differentiam⁶.
539 3549 555 3586 ν
569 3528 643 3588 Hac
651 3527 849 3608 Hippolytus,
859 3545 929 3606 quae
943 3527 1052 3587 adver·
1102 3523 1299 3602 operabatur,
1321 3523 1489 3583 ostendisse
1512 3521 1734 3603 perlectionem
1754 3523 1864 3583 utrius·

287 3636 339 3679 sus
354 3619 447 3697 longe
463 3621 667 3681 recentiorem
687 3618 832 3680 baeresim
845 3619 922 3678 adeo
940 3618 1053 3678 diserta
1102 3632 1163 3693 que
1177 3614 1304 3674 rationis
1317 3612 1500 3675 naturaliter
1510 3614 1711 3675 immutatam
1724 3612 1865 3690 semetip-

287 3715 370 3787 sunt,
394 3717 430 3772 ut
451 3710 567 3770 mirum
580 3710 619 3770 sit
642 3714 730 3769 tanto
758 3717 831 3770 ante
849 3713 988 3770 ventura
1002 3708 1052 3768 isti
1101 3724 1172 3767 sum
1183 3704 1350 3767 retineret.
1363 3727 1380 3763 ν

323 3977 345 4018 a
363 3963 533 4018 Hieromus
556 3964 589 4017 ta
612 3959 727 4016 Colleti.
749 3963 856 4015 Auurt.
876 3958 920 4012 Δίο
941 3959 983 4011 καὶ
1005 3955 1059 4010 καθ’
1100 3956 1308 4029 περιγραφομένην
1324 3954 1384 4029 αὐτ-γῆ
1403 3954 1444 4008 διὰ
1460 3954 1504 4024 τῆν
1526 3953 1640 4009 κένωσιν·
1656 3954 1709 4010 οὔδ’
1726 3959 1809 4029 ὥσπερ
1827 3961 1866 4024 τῆς

286 4045 351 4119 ἡμᾶς
371 4043 468 4112 ἀληθῶς
491 4045 619 4116 γενόμενος
644 4042 780 4113 ἄνθρωπος,
801 4042 878 4114 χωρὶς
898 4039 1058 4113 ἁμαρτίας,ό
1101 4040 1176 4092 αὐτοῦ
1192 4039 1314 4106 θεότητος,
1339 4039 1404 4091 οὕτω
1427 4037 1468 4091 καὶ
1490 4037 1564 4104 αθτῆς
1581 4044 1687 4108 φυσικῶς
1712 4038 1863 4112 ἐκφερομένην·

287 4133 331 4183 τοῦ
345 4130 400 4182 θεοῦ
414 4127 498 4198 λόγος,
508 4124 637 4197 ἐνεργήσας
650 4143 687 4189 τε,
695 4125 736 4177 καὶ
744 4125 828 4178 παθὼν
843 4122 997 4195 ἀνθρωπίνως
1011 4124 1058 4175 θρα
1101 4121 1159 4174 ἀλλ’
1181 4118 1205 4172 έν
1229 4114 1268 4183 οίς
1287 4121 1317 4173 ἂν
1340 4120 1469 4192 σαρκωθείς
1488 4120 1575 4182 θτῖκῶς
1595 4118 1723 4193 ἐνήργησε,
1747 4120 1781 4175 δι’
1798 4120 1866 4188 αθτῆς

288 4215 331 4277 τῆς
347 4210 441 4281 φύσεώς
455 4207 518 4262 ἔστιν
534 4208 704 4280 ἀναμάρτητα,
718 4208 760 4260 καὶ
776 4211 876 4279 φυσικῆς
890 4207 979 4277 σαρκός
991 4223 1057 4276 περι·
1101 4202 1283 4275 έκφαινομένην·
1299 4201 1327 4254 οιί
1338 4201 1385 4274 γὰρ
1399 4201 1486 4273 γέγονε
1497 4202 1564 4272 φύσει
1583 4202 1676 4270 θεότης,
1692 4203 1866 4274 peremptricis
1960 4264 1961 4267 γ

286 4297 380 4365 γραφῆς
402 4290 571 4363 ἀνασχόμενος
590 4288 623 4343 δι’
643 4289 716 4361 ἡμᾶς.
742 4288 834 4361 τροπὴν
849 4288 898 4361 οὔχ
918 4289 1055 4359 θπέμεινεν·
1099 4285 1143 4354 τῆν
1156 4286 1225 4356 φύσιν
1240 4282 1335 4355 ἡσθρξ,
1350 4284 1589 4357 γενομένητῆφθσει
1598 4285 1714 4352 θεότητος
1727 4285 1797 4357 σάρξ·
1812 4283 1864 4337 ἀλλ’
1960 4332 1961 4361 γ

290 4375 374 4448 μηδενί
388 4374 553 4438 παντελῶς,θ
575 4370 664 4426 ratior
690 4370 741 4425 ἐστι
763 4377 799 4443 τῷ
823 4370 907 4442 πατρί,
928 4372 1057 4442 γενόμενος
1100 4371 1159 4439 όπερ
1172 4365 1201 4434 ῆν
1216 4367 1257 4421 καὶ
1271 4368 1366 4435 θεότηιι
1380 4367 1518 4437 συμφυεῖσα
1540 4366 1659 4438 μεμένηκε
1672 4364 1717 4434 τῆν
1736 4367 1864 4439 φιίσιν,καὶ

288 4457 376 4511 ταύτόν
391 4461 422 4529 τῆ
436 4456 517 4528 σαρκὶ,
531 4454 572 4508 διὰ
592 4453 635 4522 τῆν
655 4455 767 4517 κένωσιν,
782 4452 839 4507 ἀλλ’
858 4453 941 4523 ὥσπερ
954 4448 983 4521 ῆν
997 4452 1057 4523 δίχα
1099 4451 1143 4519 τῆν
1155 4448 1287 4521 ἐνέργειαν.

287 4540 386 4612 σαρκός,
400 4538 535 4607 πάσηςέξω
549 4540 699 4609 περιγραφῆς
713 4537 841 4610 μεμένηκε·
856 4535 897 4588 καί
911 4534 952 4588 διὰ
968 4534 1057 4606 σαρκός
1135 4547 1149 4587 o
1168 4532 1236 4587 ibid.
1256 4529 1318 4585 ota
1337 4530 1384 4603 μὴν
1407 4531 1440 4592 είς
1454 4530 1543 4585 ταθτθν
1563 4528 1631 4584 abab
1648 4531 1762 4604 φέρεσθαι
1775 4531 1865 4603 φόσιώς

287 4624 372 4686 θεϊκῶς
386 4620 515 4695 ίνίργήσας
536 4622 595 4693 ἅπερ
609 4621 722 4687 θεότητός
741 4619 816 4673 ἐστιν·
829 4616 955 4690 ἀμφότερα
965 4619 1057 4678 δεικνὶις
1098 4635 1158 4670 ποτε
1175 4617 1216 4668 καί
1230 4617 1329 4685 φυσικῆς
1344 4612 1474 4685 ἐνεργείας,
1500 4613 1546 4675 ἕως
1567 4615 1596 4666 ἂν
1611 4612 1724 4684 ἑκάτερον
1745 4617 1788 4680 τῆς
1808 4613 1865 4674 ίδίας

288 4704 385 4771 ἑαυτὸν,
407 4704 439 4758 δι’
451 4701 485 4757 ὧν
501 4704 654 4775 ἀμφοτέρως,
673 4704 759 4763 θεϊιιῶς
773 4703 801 4768 δή
822 4720 893 4772 φημι,
908 4699 948 4752 καί
965 4698 1057 4770 ἂνθρω-
1100 4696 1167 4759 ἔντος
1185 4698 1252 4769 μένει
1272 4701 1371 4768 φυσικῆς
1391 4695 1514 4768 ἀτρεψίας.
1543 4695 1660 4767 ὁμοφυῶν
1688 4694 1735 4767 γὰρ
1758 4694 1863 4767 μόνωνῆ

288 4788 364 4849 πίνως
378 4785 494 4858 ἐνήργησε
506 4786 560 4840 κατ’
575 4784 649 4852 αὐτὴν
659 4785 703 4852 τὴν
714 4784 790 4845 όντως
804 4784 892 4851 ἀληθῆ,
907 4784 946 4835 καί
955 4781 1056 4852 φυσικὴν
1099 4783 1248 4852 ταυτουργός
1268 4778 1319 4832 ἐστι
1348 4779 1452 4846 κίνησις,
1476 4778 1632 4849 σημαίνουσα
1653 4777 1697 4845 τὴν
1721 4776 1816 4841 uiolas,
1838 4772 1865 4842 ῆς

289 4869 401 4942 ὕπαρξιν,
415 4870 469 4923 θεον
484 4869 581 4941 ἄπειρον
605 4869 680 4940 ὁμοῦ,
695 4869 735 4920 καί
753 4867 916 4938 περιγραπτθν
930 4865 1055 4936 ἄνθρωπον
1099 4862 1186 4935 φυσικὴ
1205 4863 1335 4928 καθέστηκε
1356 4861 1465 4933 δόναμις,
1488 4860 1630 4932 ἓτεροφυοῦς
1649 4859 1769 4929 ἰδιότητος
1786 4857 1865 4919 aaa

289 4954 350 5007 ὄντα
368 4972 395 5006 τε
416 4952 457 5004 καί
481 4951 625 5022 νοούμενον,
646 4949 690 5018 τὴν
714 4950 797 5004 οθσίαν
821 4949 935 5020 ἑκατέρου
958 4949 1056 5009 τελείως
1100 4941 1162 4999 εἶναι
1176 4944 1230 4999 κατ’
1244 4944 1332 4998 οθδένα
1344 4945 1432 5015 λόγον,
1453 4943 1469 5010 ἢ
1489 4943 1599 5015 γενέσθαι
1613 4942 1673 5015 δίχα
1693 4946 1785 5015 τροπῆς
1797 4942 1865 4994 δυνα-

289 5036 383 5091 τελείαν
393 5034 495 5108 ἔχοντα,
514 5033 574 5106 μετὰ
584 5037 628 5100 τῆς
639 5032 713 5100 αιίτῆς
727 5030 854 5105 ἐνεργείας,
868 5032 943 5102 ῆγουν
958 5034 1058 5101 φυσικῆς
1101 5030 1185 5101 μένην.

291 5118 420 5186 ἰδιότητος.
440 5112 513 5180 tede
536 5117 654 5188 μένουσαν
675 5115 712 5168 ἀεί
730 5115 793 5168 κατὰ
806 5114 876 5186 φύσιν
894 5114 953 5186 δίχα
967 5116 1058 5184 τροπῆς
1135 5109 1241 5180 (ίΙίιίιί,
1267 5109 1375 5163 Ἑαυτοῦ
1389 5108 1443 5163 καθ’
1451 5106 1563 5180 ἑκάτερον
1574 5106 1697 5179 ᾶείμίνων
1705 5106 1862 5173 θνίκατωτος,

289 5201 425 5270 τηναθτῶν
439 5198 511 5271 ἴσμεν
525 5199 652 5270 διαφοράν.
1100 5188 1139 5256 οἷς
1166 5195 1252 5255 θεϊκῶς
1284 5186 1347 5263 ὁμου
1371 5191 1413 5245 καί
1440 5190 1595 5263 ἀνθρωπίνως
1618 5187 1747 5262 ένίργηστ,
1773 5188 1863 5243 τέλειον

326 5284 343 5339 θ
362 5282 430 5339 ibid.
451 5281 512 5336 Κατ’
526 5281 602 5350 αὐτὴν
616 5283 668 5352 ἅμα
684 5278 728 5347 την
738 5282 858 5352 σωτήριον
872 5278 1003 5351 σάρκωσιν,
1014 5281 1057 5345 τῆς
1100 5275 1163 5330 κατὰ
1175 5275 1217 5329 τόν
1236 5274 1352 5347 ἐκατέρου
1371 5275 1446 5345 λόγον
1467 5274 1554 5336 σώζων
1573 5271 1660 5327 tarot
1673 5277 1778 5343 φυσικῶς
1791 5269 1863 5323 ivu-

290 5366 352 5428 ίδίας
371 5367 483 5435 θεότητος
505 5363 639 5437 έμποιήσας
661 5367 692 5434 τῆ
712 5363 783 5433 σαρκί
805 5360 849 5429 τὴν
871 5360 1002 5433 ἐνέργειαν,
1028 5359 1057 5411 οὖ
1100 5358 1215 5412 λοίωτον.
