3956 6158
351 250 411 317 tes
859 248 1186 319 rasowutooauu
1206 249 1429 321 uosutruu

352 409 441 473 Patre
463 428 499 473 so
520 411 638 495 Spiritu
666 416 784 487 ssuoto,
813 417 844 475 st
868 429 937 475 sam
969 430 1007 477 ιι
1035 411 1122 477 omni
1171 429 1266 477 meum
1279 431 1338 477 uos
1351 420 1393 477 cst
1402 412 1438 477 ds
1447 412 1502 478 too
1513 413 1620 479 mitads
1629 413 1653 476 ⁸.
1668 415 1770 491 Quem
1782 413 1825 477 ud
1836 412 1930 478 ιιιιιιι

352 499 522 563 eternitate
544 508 761 582 oumntroque
776 502 936 582 possideat.
953 502 1014 565 Sed
1034 502 1072 564 de
1086 520 1122 563 sa
1170 504 1362 582 Augustinus
1379 505 1422 565 ita
1441 504 1588 567 scribit⁸r
1614 527 1629 565 a
1651 505 1764 567 Audite
1786 522 1863 582 crgo
1885 504 1930 564 Ja-

351 609 416 652 non
443 594 658 655 contendimus
679 595 739 655 hoe
764 595 849 655 loco:
865 611 975 657 verum
998 594 1037 655 de
1055 594 1118 669 illa,
1170 594 1242 669 daei,
1259 602 1290 657 et
1302 602 1428 674 gentes:
1453 597 1528 656 audi
1542 596 1734 657 circumcisio
1746 616 1756 670 ;
1770 595 1848 657 audi
1862 612 1931 673 pra

353 700 423 761 quse
445 683 567 749 homini
586 691 743 767 assumpto
765 705 829 748 non
848 685 921 755 ,sola
948 686 1120 765 propriets-
1171 684 1316 762 putium:
1332 684 1436 744 audite
1459 684 1566 747 omnia
1593 703 1690 764 regns
1705 690 1844 746 terrena.
1875 683 1932 743 Noa

355 777 424 836 tum
451 776 671 838 communione
697 778 862 857 competit:
901 794 964 856 qua
1000 777 1121 837 ratione
1171 772 1308 853 impedio
1321 775 1567 839 dominationem
1579 782 1714 838 vestram
1727 775 1841 836 inhoo
1852 791 1931 837 mur·

358 864 507 954 attributa
526 869 633 929 omnia
658 869 758 928 divini
777 869 869 929 Verbi
895 868 929 929 iu
950 868 1122 931 humanam
1172 863 1231 924 do:
1247 882 1380 944 regnum
1392 884 1500 929 meum
1516 885 1583 931 uon
1604 874 1650 928 est
1663 868 1703 928 de
1721 867 1785 929 lroo
1810 865 1930 927 mundo.

357 961 502 1020 naturam
514 960 689 1020 redundant
701 981 707 1021 :
720 960 773 1021 sed
782 960 825 1021 its
838 965 874 1021 ut
888 960 999 1020 insitin
1010 966 1122 1021 natura
1171 956 1272 1017 Nolite
1282 961 1419 1019 metuere
1434 964 1520 1021 metu
1534 959 1712 1035 vanissimo,
1728 975 1794 1037 quo
1808 956 1933 1019 Herodes

353 1048 488 1110 hominis
501 1051 576 1129 ipsa,
588 1057 698 1112 eteam
712 1053 831 1125 afficiat,
849 1069 886 1111 ac
900 1051 984 1113 velut
996 1050 1120 1113 formet.
1172 1045 1223 1107 ille
1237 1049 1347 1127 major,
1365 1067 1439 1112 cum
1454 1051 1595 1113 Christus
1617 1057 1710 1113 naurs
1730 1050 1931 1119 nuntiaretur.

351 1140 530 1218 Cujusmodi
559 1160 623 1203 nou
646 1148 691 1203 est
716 1143 801 1222 regie
819 1143 873 1203 illa
895 1142 1037 1221 dignitas,
1060 1161 1123 1222 qua
1172 1139 1305 1217 expavit,
1321 1145 1352 1201 et
1366 1146 1412 1202 tot
1422 1141 1567 1216 inientes,
1582 1148 1619 1204 ιιι
1639 1143 1679 1209 ad
1688 1159 1765 1204 eum
1779 1159 1868 1202 mors
1880 1158 1932 1220 per·

351 1249 408 1292 rex
423 1237 468 1292 est
481 1235 571 1307 Deus,
588 1234 634 1294 uti
647 1252 705 1295 nec
718 1235 882 1309 eternitas,
902 1253 960 1294 neo
987 1234 1120 1294 immen-
1171 1231 1302 1305 veniret,
1329 1232 1454 1307 occidit;
1470 1234 1610 1295 timendo
1631 1234 1743 1313 magis,
1757 1251 1857 1313 quam
1868 1233 1931 1295 ires

351 1322 425 1384 sitas
452 1326 621 1386 humanam
660 1326 771 1387 Christi
798 1332 941 1386 naturam
973 1326 1117 1386 alliciunt.
1172 1321 1269 1383 sendo
1285 1323 1450 1386 crudelior.
1467 1326 1620 1405 Regnum,
1631 1326 1746 1405 inquit,
1760 1342 1869 1387 meum
1880 1343 1931 1385 uon

352 1413 458 1495 ltaque
477 1436 607 1499 persons
620 1418 686 1497 ipsa
703 1417 818 1478 Christi
831 1424 896 1479 tam
911 1418 968 1478 has
981 1420 1121 1497 proprie·
1171 1419 1217 1474 est
1230 1415 1268 1475 ds
1281 1415 1340 1477 hoe
1349 1417 1478 1478 mundo.
1496 1418 1575 1492 Quid
1586 1417 1932 1495 vultissmpliustllsuit

265 1496 279 1523 ⁰
351 1510 429 1569 tates
444 1527 564 1584 omnes,
580 1527 675 1588 qnam
690 1509 826 1588 regalem
846 1509 1030 1587 dignitatem
1045 1527 1120 1589 pro·
1171 1506 1211 1566 sd
1223 1524 1366 1586 regnum,
1382 1510 1466 1589 quod
1479 1528 1543 1570 non
1558 1516 1604 1573 est
1618 1511 1655 1573 de
1669 1511 1730 1571 hoc
1743 1509 1877 1577 mundo,
1890 1527 1931 1568 re

205 2258 306 2303 ῦιιιιιιιιι

197 2313 314 2357 secundnm
356 2334 362 2347 ·

207 2368 309 2410 usturam

182 2428 320 2521 tastu

208 2531 310 2584 portitor.

197 4572 310 4626 Casurus

194 4627 255 4672 trono
265 4639 302 4671 ιιι

199 4683 237 4723 tsn
239 4688 303 4724 tuus-

217 4731 283 4777 mode

188 4784 254 4839 sptrtt
254 4785 321 4831 uatis.

352 1599 419 1676 prie
431 1600 550 1680 recipit,
566 1601 738 1661 seeundum
752 1601 891 1661 divinam
903 1601 1119 1669 substantiam,
1171 1597 1235 1658 nite
1254 1601 1421 1675 credendo,
1439 1608 1470 1681 ct
1483 1601 1578 1665 nolite
1599 1602 1707 1663 sevire
1727 1601 1928 1663 metuendo.»

352 1710 418 1752 non
431 1692 602 1753 seeundum
614 1695 784 1754 humanam
799 1712 805 1753 :
818 1699 847 1753 et
858 1693 977 1755 stillam
988 1698 1119 1772 spectes,
1173 1690 1210 1753 Et
1227 1691 1357 1753 subinde
1375 1693 1480 1754 locum
1497 1693 1589 1754 illum
1616 1694 1747 1755 secundi
1766 1692 1931 1767 Praeterito

353 1802 485 1863 regnum
498 1783 602 1858 habet,
625 1790 806 1864 exercetque
823 1802 919 1865 quam
941 1784 1070 1864 optimo,
1091 1789 1123 1845 6ι
1172 1801 1235 1862 quo
1253 1790 1324 1864 post
1346 1786 1603 1846 resurrectionem
1616 1785 1825 1847 constitutum
1845 1802 1876 1846 se
1891 1804 1930 1846 re

353 1877 543 1956 amplissimo
553 1877 625 1954 jure
638 1876 672 1936 in
688 1895 737 1938 res
751 1895 859 1938 omnes
873 1897 891 1937 a
912 1896 944 1938 se
966 1877 1115 1953 conditas,
1171 1893 1244 1953 gem
1258 1876 1302 1936 ait
1317 1876 1473 1948 Christus,
1490 1876 1561 1956 Ego
1575 1886 1673 1940 autem
1686 1880 1870 1941 censitores
1879 1898 1931 1938 suu

353 1968 523 2047 temporale
550 1987 613 2028 uon
637 1969 751 2044 minus,
767 1987 862 2048 quam
885 1969 1053 2048 spirituale.
1080 1972 1121 2029 At
1172 1985 1227 2026 res
1251 1986 1284 2028 eo
1304 1966 1441 2049 absuper
1465 1967 1540 2029 Sr'oa
1557 1976 1680 2030 marstem
1706 1974 1845 2030 ειιιιιιιιιιι
1868 1970 1929 2050 ejas

354 2059 495 2121 sacerdos
506 2077 570 2123 uon
596 2065 652 2129 cst,
675 2079 775 2139 neque
787 2059 927 2120 Pontifex
942 2060 1002 2119 nisi
1016 2078 1122 2121 secun·
1171 2065 1294 2119 enarrat
1307 2058 1361 2119 sic.
1382 2060 1470 2120 «Sed
1484 2059 1559 2122 Sion
1573 2059 1635 2133 ille,
1657 2066 1689 2121 et
1709 2079 1804 2123 mons
1816 2062 1869 2123 ille
1879 2079 1930 2123 non

354 2152 429 2212 dum
444 2155 633 2230 assumptam
647 2151 782 2211 hominis
795 2152 937 2212 formam.
1170 2154 1217 2209 est
1245 2151 1283 2210 de
1313 2151 1373 2212 hoo
1409 2152 1540 2213 mundo.
1570 2152 1658 2226 Quod
1687 2161 1736 2214 est
1760 2153 1847 2215 enim
1877 2155 1931 2231 ejus

393 2245 495 2322 Atque
509 2243 568 2302 hoe
590 2261 682 2305 seusu
703 2241 859 2322 pleraeque
876 2242 954 2302 mibi
976 2242 1121 2304 videntur
1169 2258 1303 2318 regnum
1322 2243 1380 2302 nisi
1400 2244 1559 2304 credentes
1573 2245 1734 2305 insum.»
1760 2246 1841 2306 Vide
1860 2263 1931 2306 aum

354 2334 562 2412 intelligendae
587 2339 728 2395 veterum
745 2335 917 2410 sementim,
944 2352 1015 2413 quse
1031 2335 1120 2395 Chri·
1170 2332 1242 2393 dem
1267 2334 1301 2394 in
1323 2333 1403 2394 libro
1433 2337 1495 2397 XII
1522 2343 1625 2397 coatus
1652 2336 1823 2412 Faustum,
1847 2338 1931 2416 capite

356 2432 438 2487 stum
452 2443 558 2504 regem
571 2424 674 2499 simul,
689 2431 720 2486 et
739 2428 928 2488 sacerdotem
947 2426 1041 2487 fuisse
1063 2432 1121 2489 tes·
1170 2425 1296 2498 xm,ubi
1310 2425 1402 2487 latius
1414 2445 1548 2506 reguum
1561 2426 1639 2488 illud
1655 2428 1771 2489 Christi
1783 2447 1825 2490 ex
1837 2428 1931 2490 iacobi

356 2523 471 2595 tantur,
491 2524 523 2579 et
549 2517 615 2578 hoec
643 2517 735 2577 ambo
755 2517 905 2596 singulari
926 2519 1060 2596 quadam
1087 2519 1120 2579 in
1172 2516 1359 2578 Patriarchse
1382 2520 1526 2581 uahcinio
1540 2519 1686 2595 deelsrst,
1710 2525 1742 2580 et
1764 2538 1832 2581 non
1851 2520 1930 2597 hujus

354 2609 444 2672 illum
458 2609 664 2689 praerogativa
677 2615 862 2687 competere.
1170 2607 1293 2680 muudi,
1315 2614 1407 2687 atque
1429 2613 1587 2690 temporis,
1617 2611 1672 2672 sed
1693 2611 1931 2690 spiritualem

395 2701 445 2762 Sio
459 2701 648 2778 Augustinus
658 2705 787 2760 tractatu
796 2705 827 2760 ia
838 2699 991 2762 Psalmum
1000 2700 1118 2762 eurr'
1170 2698 1372 2759 demonstrat.

357 2814 372 2849 u
398 2793 492 2853 Pilius
516 2793 574 2853 Dei
602 2793 656 2871 qui
682 2793 753 2852 lecit
780 2811 847 2864 nos,
868 2793 922 2868 ait,
951 2793 1049 2854 faetus
1075 2800 1120 2853 est
1211 2790 1261 2850 Sic
1274 2809 1347 2869 ergo
1362 2789 1448 2851 Chris
1450 2794 1500 2849 tus
1518 2790 1613 2853 homo
1629 2792 1793 2871 spirituale
1812 2812 1930 2873 regnum

354 2883 534 2959 internos,
564 2890 595 2945 et
621 2903 675 2945 rex
699 2889 803 2944 noster
832 2891 920 2963 regat
951 2904 1017 2959 nos,
1048 2886 1121 2964 quia
1170 2880 1318 2957 hahet,n
1320 2888 1386 2942 tet
1403 2881 1621 2943 sacerdotium
1646 2885 1683 2944 Et
1703 2885 1764 2945 hae
1787 2887 1826 2947 de
1852 2904 1930 2949 musa

353 2982 436 3037 creat
437 2994 472 3036 or
499 2982 603 3037 noster
632 2975 703 3036 fecit
691 2982 804 3036 t.uos
841 2977 910 3055 Ipse
940 2982 986 3037 est
1018 2981 1120 3037 tsmen
1170 2972 1311 3033 Clemens
1326 2973 1511 3033 Romanus
1502 2991 1535 3035 ru
1550 2974 1701 3052 epistolas
1718 2975 1762 3038 od
1775 2977 1930 3040 conatus

353 3085 409 3146 per
439 3084 533 3146 quem
560 3067 632 3127 lacti
659 3084 779 3142 sumus,
794 3067 848 3145 qui
876 3072 921 3128 est
947 3086 1003 3147 per
1026 3086 1120 3148 qrrem
1171 3063 1621 3145 Christumappellatteeptrum
1631 3067 1927 3147 moestissimus.

353 3177 410 3219 nos
428 3160 584 3238 regimur;
607 3164 638 3220 et
673 3159 742 3219 ideo
766 3159 940 3236 Christiani,
967 3161 1039 3236 quia
1067 3160 1120 3221 ille
1170 3156 1263 3233 Cujus
1277 3156 1378 3217 varias
1400 3174 1506 3219 causas
1519 3159 1692 3236 exoogitsre
1706 3159 1794 3236 lieet,
1816 3180 1852 3221 ex
1870 3161 1928 3240 qui·

354 3252 504 3327 Christus,
534 3251 674 3312 Christus
701 3270 720 3310 a
746 3251 910 3312 chrismate
937 3252 1036 3312 dictus
1062 3258 1117 3313 est.
1169 3246 1309 3307 busduse
1322 3253 1470 3309 suntnon
1483 3249 1847 3313 contemnendm.hltera
1856 3252 1929 3330 quod

351 3342 384 3403 id
398 3349 444 3405 est
454 3344 493 3405 ab
502 3344 658 3404 unctione.
675 3345 776 3421 Reges
790 3349 895 3405 autern
910 3344 1117 3423 ungebantur,
1169 3356 1224 3418 per
1239 3340 1396 3399 Christum
1406 3340 1547 3401 homines
1560 3341 1652 3419 regit,
1663 3359 1745 3419 quos
1758 3344 1801 3404 ad
1810 3359 1929 3423 ιιςιιιιιι

352 3440 383 3496 et
396 3436 576 3498 sacerdotes.
591 3435 646 3496 lllc
664 3453 738 3497 uero
760 3440 871 3496 unctus
885 3442 941 3513 est,
962 3441 992 3496 et
1005 3454 1071 3513 rex,
1088 3443 1119 3498 ct
1168 3448 1261 3497 suum
1277 3431 1421 3504 destinat,
1438 3438 1469 3492 et
1479 3433 1514 3492 in
1527 3432 1695 3494 Ecclesiam
1709 3452 1804 3495 suam
1813 3436 1926 3515 resipit:

351 3529 502 3589 sacerdos.
524 3530 593 3589 Rex
608 3528 758 3607 pugnavit
772 3544 829 3605 pro
848 3526 956 3587 nobis:
978 3528 1119 3588 sacerdos
1168 3542 1235 3604 quae
1247 3524 1372 3603 proprie
1386 3541 1520 3602 regnum
1534 3524 1587 3584 Dei
1601 3524 1726 3585 dieitur.
1742 3527 1845 3587 Altera
1856 3524 1927 3605 quoi

351 3619 462 3680 obtulit
479 3639 510 3681 se
524 3639 580 3700 pro
594 3620 694 3680 uobis.
710 3641 725 3676 u
751 3618 934 3680 Facundus*
958 3619 1033 3679 item
1041 3620 1118 3681 ller-
1168 3618 1207 3677 ad
1222 3616 1368 3676 fiduciam
1389 3616 1599 3694 peccatoribus
1608 3616 1823 3696 benignitatis,
1832 3638 1866 3680 so
1877 3618 1925 3679 mi·

350 3711 518 3771 misnensis
534 3711 679 3775 «Christi
699 3711 794 3771 solius
817 3728 882 3771 esse
902 3711 1119 3790 dioitrcgrrum
1167 3706 1340 3769 sericordias
1369 3726 1434 3768 suae
1458 3707 1641 3781 taciendam,
1671 3709 1830 3771 Christum
1853 3710 1926 3771 uelut

351 3821 423 3865 eum
436 3804 607 3865 sacerdotio
628 3803 722 3864 simul
736 3802 866 3878 habere3
886 3802 1035 3882 quoniam
1061 3803 1118 3864 etsi
1167 3806 1323 3880 sceptrum
1345 3799 1478 3879 porrigit
1500 3799 1722 3861 osculandum:
1739 3807 1775 3861 ut
1793 3802 1866 3863 olim
1878 3803 1924 3862 ts

351 3895 477 3974 quidam
490 3913 577 3973 reges
590 3896 623 3956 iu
642 3895 708 3973 ejus
722 3895 845 3956 venturi
861 3894 996 3973 liguram
1021 3913 1119 3957 saeer-
1167 3908 1275 3955 suerus
1298 3891 1420 3951 Estheri
1442 3891 1556 3969 regine
1571 3888 1592 3950 ⁸.
1623 3891 1690 3965 Quo
1721 3892 1801 3955 illud
1823 3898 1925 3972 spsem

350 3986 435 4047 dotio
450 3987 548 4048 functi
565 3993 650 4063 sunt,
665 3992 855 4047 tamencum
874 3986 1036 4047 manifesta
1062 3987 1117 4051 lux
1167 3984 1294 4046 secundi
1308 3983 1421 4045 Psalmi
1435 4001 1475 4045 ex
1487 3981 1637 4047 Hebraico
1650 3983 1796 4057 lectione,
1812 3992 1846 4046 ut
1868 3984 1923 4063 pte

349 4078 512 4140 veniretis
525 4080 690 4153 mundum,
708 4078 836 4141 umbras
853 4095 1017 4139 remouens
1032 4077 1116 4141 lutu-
1166 4077 1255 4155 rique
1268 4080 1412 4137 vertrmt:
1431 4074 1614 4137 osculamini
1625 4073 1737 4155 fitr'om.

349 4188 468 4248 rorum,
485 4171 563 4232 nulli
576 4170 664 4231 alteri
677 4170 772 4244 dedit,
789 4170 872 4249 quod
886 4170 945 4229 sibi
962 4169 1117 4249 singulare
1205 4168 1277 4229 VII.
1290 4168 1352 4227 Neo
1363 4166 1690 4246 ahoretulerim,quod
1702 4167 1923 4229 sidenttthristu
1961 4195 1967 4220 ·

348 4265 499 4324 seruauit:
527 4263 632 4323 sedin
663 4261 800 4321 diversos
824 4261 906 4321 dous
937 4279 994 4322 sua
1017 4261 1115 4322 distri·
1167 4260 1299 4319 Pastoris
1321 4275 1437 4319 nomen
1476 4258 1637 4321 excellenti
1656 4259 1793 4338 quadam
1815 4259 1922 4319 redosc

348 4352 457 4429 buens,
473 4355 597 4435 sicquae
611 4354 736 4434 propria
754 4358 827 4413 suut
842 4352 1015 4431 sacerdotii,
1038 4354 1117 4432 regi·
1166 4350 1329 4428 Scriptura
1340 4349 1498 4411 vindicant
1511 4368 1618 4410 sacras.
1633 4350 1714 4411 Nam
1727 4357 1759 4413 et
1780 4356 1922 4430 sceptrum

346 4442 405 4507 bus
418 4446 585 4511 interdixit.
604 4468 617 4505 r
1165 4440 1383 4503 hominumilli
1404 4441 1511 4517 generi
1529 4442 1690 4502 convenit:
1707 4448 1740 4503 et
1751 4459 1871 4505 summa
1882 4447 1921 4501 est

388 4537 440 4598 Vl
456 4538 552 4599 Porro
565 4542 718 4617 quatenns
731 4536 825 4597 homo
835 4541 891 4607 est
905 4552 1011 4614 regem
1025 4535 1115 4596 illum
1165 4533 1248 4593 iuter
1274 4550 1381 4610 regem
1406 4549 1443 4593 ae
1469 4538 1625 4611 pastorem
1662 4534 1802 4597 affinitas.
1844 4532 1921 4594 Unde

348 4630 481 4690 arbitror
494 4628 623 4690 minime
636 4627 728 4689 fnisse
747 4625 936 4707 temporalem
952 4627 1006 4687 sed
1023 4626 1114 4705 spiri·
1165 4642 1253 4702 reges
1264 4622 1453 4727 populorum
1465 4629 1601 4703 pastores
1615 4624 1803 4704 populorum
1816 4623 1855 4683 ab
1869 4623 1921 4682 ilo

348 4721 459 4785 teuteus
472 4721 641 4795 duntaxat,
661 4720 835 4799 presertim
848 4717 997 4822 quamdiu
1020 4717 1115 4777 homo
1166 4733 1253 4777 mero
1277 4714 1381 4775 vocari
1408 4714 1496 4777 Philo
1516 4715 1644 4776 Judoeus
1665 4712 1866 4779 observarit⁸.
1890 4714 1921 4773 u

345 4820 427 4874 mter
380 4812 593 4877 thomiues
609 4812 695 4872 vixit.
725 4811 795 4871 Non
826 4810 911 4870 enim
935 4808 1012 4869 falso
1038 4808 1117 4870 ιιιιιι
1165 4806 1271 4887 quiin
1290 4803 1689 4884 pastoritissxoellitarte',
1718 4823 1818 4887 regem
1839 4820 1920 4884 pout

346 4904 443 4965 Pilato
457 4904 581 4983 presidi
594 4903 632 4964 de
653 4917 749 4977 regno
773 4900 950 4962 sciscitanti.
980 4898 1115 4979 Regnum
1164 4898 1321 4976 optimum
1341 4915 1407 4959 csse
1428 4897 1512 4959 idern
1535 4898 1653 4959 asserit.
1680 4898 1778 4971 Onam
1794 4895 1919 4957 tmtnas

379 5130 402 5173 ιι
419 5115 505 5172 Cursu.
530 5113 572 5170 ud
599 5113 666 5170 Cor.
686 5114 720 5166 Tb
733 5116 855 5184 σκῆπτρον
875 5115 918 5179 τῆς
942 5109 1112 5183 μεγαλωσύνης
1165 5111 1283 5165 costros.

370 5312 383 5355 1
395 5309 454 5364 sug.
463 5307 490 5352 tu
498 5308 558 5354 Prot.
570 5319 638 5351 ιιιιιι.
648 5331 676 5341 -
695 5308 769 5353 SFss.
779 5306 865 5352 tlb.llll
874 5318 894 5351 ι.
905 5316 976 5349 ru.-
984 5305 998 5349 ιι
1006 5305 1069 5350 toust.
1081 5313 1145 5353 ιιιιι,
1155 5303 1190 5347 su·
1199 5326 1225 5359 τ
1237 5303 1253 5347 t
1267 5304 1326 5360 Aug.
1335 5308 1400 5348 trsot.
1414 5304 1441 5349 ιιι
1451 5305 1551 5351 laam·-
1561 5303 1645 5349 tsua.
1656 5302 1706 5353 ιιιι,
1715 5301 1736 5346 t.
1745 5322 1771 5336 -
1782 5298 1852 5347 sut
1864 5298 1914 5354 ΡΙ

345 5372 417 5418 orosto
427 5371 508 5427 probru
517 5370 547 5414 stt
559 5370 656 5415 titen—
670 5369 752 5414 tldsm
764 5369 838 5414 tibris
846 5369 931 5423 toust.
