3936 6146
489 325 862 405 natumiuniores,
884 329 955 393 ule.
979 330 1017 408 Χ,
1040 331 1126 395 ΟΑΡ.
1148 335 1174 397 1.
1568 335 1628 401 att

89 504 224 577 asumptus
235 498 353 578 quidem
371 498 433 572 ait;
449 498 504 558 sed
519 516 556 558 ea
574 515 666 558 causa
678 495 807 566 sublata,
859 494 955 569 illam,
968 497 1032 559 sive
1045 498 1197 561 unitatem
1206 500 1319 579 potius,
1333 520 1395 580 qua
1403 502 1490 563 nulia
1499 502 1629 581 cogitari

89 591 481 671 propterquamerantaseitae,
495 608 621 670 prorsus
633 590 807 663 exstinctas,
859 588 969 665 major,
989 594 1020 650 et
1045 590 1158 652 arctior
1180 599 1290 672 potest,
1312 594 1411 655 tribui
1431 596 1590 658 interdum
1610 614 1629 656 a

88 693 111 745 el
119 687 144 744 in
155 683 300 744 divinitatis
318 689 441 758 statum,
462 689 497 744 ιιι
515 683 567 744 ille
585 683 734 762 loquitur,
749 680 808 742 ab·
857 677 999 742 Patribus
1027 687 1175 763 tanquam
1198 704 1316 759 mussa,
1337 693 1447 748 mutuo
1470 688 1569 748 amori
1597 694 1630 748 et

88 781 177 855 sorptas
194 775 286 837 inisse.
315 775 403 848 Quod
430 775 489 836 nisi
508 775 553 839 ita
576 774 693 835 iactum
717 772 806 846 torst,
858 773 1039 835 concordiae.
1056 775 1135 848 Quid
1146 778 1230 838 anim
1245 778 1395 857 magisest
1407 798 1518 855 unrrrn,
1531 798 1628 860 quam

87 867 170 928 nenio
180 867 375 929 exbbmatum
389 868 427 927 iri
452 867 529 928 duas
552 866 586 927 in
607 866 726 927 Christo
742 882 809 926 essa
858 864 970 937 divina
985 866 1066 927 iuter
1083 886 1114 929 se
1132 869 1295 948 personas?
1319 871 1359 930 llt
1380 871 1485 932 unitas
1505 889 1625 945 eorum,

87 976 207 1038 personas,
220 959 341 1019 aciiiios
360 960 449 1020 duos.
465 960 541 1033 Quae
564 957 696 1038 suspicio
719 958 809 1018 beata
857 956 896 1015 ad
921 974 1061 1018 amorem
1083 965 1114 1020 et
1138 978 1259 1040 pacem,
1273 980 1344 1041 quae
1367 969 1414 1023 est
1439 963 1521 1024 inter
1543 964 1626 1043 ipsos

85 1050 168 1123 illaet
177 1050 336 1112 admirabili
353 1051 500 1113 humanae
522 1057 642 1111 naturas
663 1068 807 1112 commu·
856 1065 989 1123 summa,
1006 1058 1168 1113 revocatur
1181 1055 1220 1114 ab
1239 1054 1427 1133 Augustino,
1445 1060 1480 1116 ut
1497 1055 1532 1116 in
1545 1055 1626 1118 libro

85 1143 172 1203 abone
182 1142 296 1204 tollitur.
315 1144 388 1204 Haec
409 1144 493 1204 enim
507 1144 563 1204 Dei
586 1143 756 1223 propriam,
773 1161 808 1203 ae
857 1142 989 1219 septimo
1002 1141 1038 1203 de
1055 1143 1081 1204 T
1079 1144 1201 1206 sinitote
1211 1146 1409 1219 docuimns';
1428 1166 1466 1207 es
1488 1166 1549 1226 qno
1563 1165 1627 1210 me·

84 1234 198 1302 diuinam,
212 1236 269 1296 imo
288 1238 388 1297 Deum
410 1253 476 1297 esse
499 1253 625 1296 carnem
648 1235 734 1296 illam
757 1253 807 1295 ar·
856 1233 1007 1294 morabiie
1025 1236 1105 1296 istim
1128 1237 1221 1299 etiem
1241 1238 1411 1311 attulimus,
1430 1241 1454 1299 si
1476 1239 1625 1301 Christia-

83 1325 209 1406 puitqua
222 1328 251 1387 in
265 1327 383 1388 divinas
396 1327 559 1407 qualitates
567 1332 632 1388 tota
645 1328 804 1389 concessit.
856 1341 971 1386 norum
994 1327 1082 1388 initio
1107 1348 1159 1389 cor
1185 1348 1286 1391 sinum
1311 1338 1342 1390 et
1368 1331 1506 1391 animam
1530 1349 1626 1393 unam

110 1418 163 1479 linc
180 1419 259 1480 stille
285 1420 364 1481 aceti
386 1419 555 1480 similitudo
579 1419 631 1479 illa
656 1420 806 1499 pertinet,
856 1423 965 1478 mutua
991 1420 1100 1480 caritas
1119 1419 1222 1497 reciet,
1238 1422 1337 1483 multo
1362 1423 1460 1501 magis
1484 1425 1626 1485 eamdem

83 1527 133 1587 que
148 1510 174 1570 iu
188 1510 368 1572 immensum
386 1513 543 1573 Oceanum
562 1512 706 1592 proJecta,
722 1512 807 1573 nati-
856 1509 1026 1586 caritatem,
1043 1531 1143 1573 unum
1157 1513 1276 1575 efficere
1290 1516 1424 1590 Patrem,
1443 1521 1473 1575 et
1487 1517 1599 1577 Filium
1615 1536 1623 1577 z

82 1619 140 1675 ram,
156 1604 333 1664 aesitiosam
346 1605 566 1684 proprietatem
575 1603 697 1666 amittit.
719 1605 807 1678 Quod
860 1601 1028 1664 «sienim
1050 1605 1100 1666 bic
1122 1611 1208 1667 tauta
1229 1609 1339 1668 earitm
1362 1613 1418 1675 est,
1434 1614 1470 1668 ut
1488 1609 1626 1670 animam

81 1693 240 1773 sbdreqorio
253 1696 393 1776 Nysaeus
407 1702 686 1759 commemoratum
704 1714 807 1759 exem·
856 1697 953 1768 tuam,
972 1702 1004 1757 et
1025 1698 1165 1758 animam
1189 1700 1279 1761 amici
1303 1700 1350 1760 tui
1369 1716 1465 1761 unam
1487 1701 1626 1762 animam

80 1785 160 1864 pinn3
171 1792 218 1847 aut
233 1789 325 1849 etiarn
337 1792 462 1866 caetera,
480 1808 551 1868 quae
572 1791 610 1850 ds
622 1797 763 1869 ἀνακράσει,
776 1796 808 1851 et
854 1783 955 1859 balat,
972 1791 1128 1867 quomodo
1144 1791 1184 1850 ibi
1198 1810 1263 1852 non
1273 1798 1319 1852 cst
1333 1794 1509 1854 unusDeus
1524 1795 1622 1871 Pater,

80 1879 234 1941 contuitione
246 1881 391 1941 humanae
405 1899 477 1943 cnm
491 1883 554 1943 lieo
564 1881 677 1943 Christi
685 1889 807 1943 natura
856 1884 887 1938 et
900 1879 996 1940 Filius
1005 1879 1052 1941 ib
1069 1884 1156 1944 Unde
1170 1885 1264 1945 etiam
1277 1883 1438 1946 vinculum
1447 1886 1624 1965 amborum,

79 1967 177 2044 disserit,
188 1990 272 2033 nemo
291 1973 471 2049 mirabitur,
491 1975 547 2053 qui
566 1975 709 2036 eamdem
726 1993 807 2054 pene
854 1989 1017 2033 uenenum
1026 1975 1176 2053 appellari
1186 1976 1339 2055 Spiritum
1353 1984 1496 2039 sanctum
1509 1978 1625 2041 ibidem

79 2061 180 2123 adada
200 2065 393 2127 affecbonem
416 2084 488 2127 cum
515 2069 592 2139 Deo,
620 2086 683 2147 qua
708 2067 805 2130 sancti
855 2065 1058 2125 ostendimus.

78 2153 232 2232 aplineas,
247 2176 266 2219 a
279 2158 423 2220 Patribus
443 2159 587 2239 usurpari
600 2160 780 2221 meminerit
795 2180 802 2219 ι
895 2156 968 2219 lili.
991 2157 1100 2219 iamsi
1115 2163 1211 2220 tantae
1230 2158 1312 2219 illius
1328 2156 1540 2241 unitatisque
1558 2182 1626 2243 per·

78 2260 175 2325 umque
194 2268 253 2311 non
274 2251 307 2312 in
329 2250 427 2313 beatae
451 2252 602 2313 duntaxat
623 2252 805 2313 immortali·
856 2265 940 2309 sonae
975 2248 1057 2311 inter
1090 2268 1122 2311 se
1150 2250 1262 2312 divinae
1289 2252 1483 2328 colligantur,
1507 2262 1625 2317 mutuas

77 2337 272 2404 absutuiilis
293 2344 410 2419 tribui3
432 2344 485 2405 sed
503 2345 596 2405 etiam
606 2345 804 2425 pereprinan-
855 2338 994 2417 ipsarum
1025 2342 1183 2404 dilectioni
1209 2362 1299 2405 causa
1330 2345 1498 2421 tribuitur,
1526 2349 1625 2410 multo

78 2426 134 2489 titas
142 2432 397 2505 adbueullomico,
409 2442 440 2498 et
449 2436 665 2498 ardentissimo
678 2437 805 2499 interim
855 2433 955 2510 magis
981 2433 1109 2494 alterius
1134 2435 1292 2506 unitionis,
1309 2456 1370 2516 qua
1393 2438 1530 2500 bumana
1554 2459 1627 2503 cum

76 2517 135 2582 llus
145 2542 237 2588 amore
248 2526 464 2608 flagrantibus.
854 2524 956 2586 Verbo
968 2532 1081 2588 natura
1091 2528 1294 2605 connectitur,
1310 2530 1450 2592 indidem
1464 2532 1536 2592 duci
1546 2534 1625 2595 ratio

103 2613 144 2674 il.
162 2618 200 2678 lta
220 2620 336 2701 quippe
356 2622 530 2682 Bernardus
554 2619 588 2681 in
614 2626 747 2682 mactatu
769 2618 804 2682 de
854 2617 1031 2695 poteritate
1050 2619 1331 2690 affectuvidelieet,
1353 2623 1542 2703 caritateque
1558 2643 1627 2687 mu·

76 2699 189 2785 diluuio
201 2708 285 2789 bes,
300 2720 450 2792 quartum
472 2713 587 2774 amoris
606 2713 659 2775 bei
673 2714 803 2788 gradum
855 2714 909 2771 tue
930 2728 937 2769 ε
963 2715 1046 2772 certe
1070 2713 1245 2774 Bernartius
1268 2720 1400 2795 ἀνάκρασιν
1414 2715 1511 2791 iilam,
1530 2717 1562 2778 id
1581 2722 1627 2779 est

76 2797 278 2883 cupimusque
299 2805 384 2865 nihil
407 2806 540 2885 penitus,
557 2824 593 2866 ac
613 2824 654 2867 ne
668 2805 804 2885 seipsum
855 2804 1102 2884 respirationem,
1116 2805 1338 2884 mistionemque
1350 2807 1455 2881 Verbi,
1472 2816 1503 2869 et
1518 2809 1627 2871 huma-

74 2888 177 2965 quiden,
187 2896 253 2957 nisi
279 2902 411 2977 propter
438 2898 541 2959 Deum
568 2898 663 2958 homo
691 2899 801 2978 diligit,
854 2894 967 2967 nitatis,
984 2901 1019 2956 ut
1029 2915 1109 2976 saepe
1123 2898 1223 2957 Graeci
1237 2915 1272 2957 ac
1286 2896 1389 2958 Latini
1402 2900 1506 2962 Patres
1519 2904 1625 2962 nomi·

77 2981 136 3044 sSic
153 2986 231 3063 affici,
254 2989 370 3069 inquit,
399 2990 533 3051 deificari
562 2998 617 3051 est,
643 2991 802 3064 Quomodo
853 2993 941 3062 nant,
957 3006 1018 3066 qua
1039 2988 1106 3049 baec
1120 2990 1154 3049 in
1170 2989 1253 3048 iilius
1267 2989 1461 3051 divinitatem
1478 2991 1625 3055 ahsorbe-

72 3072 216 3157 tiiilaaqna
228 3082 351 3143 modica
364 3082 803 3144 multoinlusavinodeticere
851 3084 918 3153 tur,
931 3078 1087 3140 affectioni
1106 3082 1239 3160 imputat
1265 3082 1297 3142 in
1321 3100 1465 3145 sermone
1489 3086 1626 3163 quodam

72 3172 178 3229 ssetota
186 3172 315 3248 ridetur,
331 3175 407 3234 dum
416 3180 447 3235 et
460 3192 604 3254 saporem
614 3174 678 3234 vini
687 3175 799 3252 induit,
855 3171 893 3233 de
919 3169 1000 3231 teoto
1032 3171 1165 3254 Vs'rps'ne,
1181 3174 1224 3233 ita
1251 3174 1382 3253 loquens
1409 3195 1416 3236 :
1444 3176 1627 3257 «Absorpla

72 3258 211 3324 sicalorem
226 3284 233 3324 ε
249 3272 280 3326 et
293 3266 452 3345 quomodo
474 3266 593 3327 ferrum
607 3265 752 3345 ignitum,
772 3272 803 3327 et
851 3262 973 3325 videtur
983 3264 1015 3323 in
1028 3264 1174 3325 deitatem
1180 3266 1368 3343 humanitas,
1381 3285 1446 3328 non
1458 3270 1541 3348 quod
1556 3288 1625 3331 mu·

71 3351 182 3431 uadens,
196 3357 272 3436 ignis
288 3359 485 3420 simillimum
503 3358 550 3435 iit,
565 3359 706 3439 pristina,
728 3378 800 3439 pro·
853 3357 917 3415 lata
931 3355 971 3415 sit
984 3355 1165 3433 substantia,
1179 3358 1232 3417 sed
1245 3359 1366 3419 allectio
1380 3359 1528 3421 deificata.
1545 3382 1561 3419 s

69 3440 168 3523 priapus
185 3448 283 3512 torma
303 3457 458 3526 exutum,
484 3458 516 3513 et
545 3451 702 3531 quomodo
730 3453 803 3514 solis
880 3447 1626 3514 HaeedeintimanaturaehomiuiseumDeoVerbo

69 3528 120 3594 luce
129 3539 253 3615 perfusus
272 3561 330 3605 aer
352 3544 386 3604 in
409 3544 549 3605 eamdem
563 3543 802 3606 transformatur
852 3539 1079 3617 conjunctione,
1095 3540 1171 3600 etin
1185 3540 1376 3616 hunciilins,
1398 3547 1435 3602 ut
1455 3544 1553 3604 Graeci
1580 3545 1625 3605 lo·

69 3621 168 3691 tumim
179 3631 366 3711 claritatem,
382 3635 458 3697 adeo
474 3642 509 3695 ut
522 3653 586 3695 non
599 3640 664 3695 tam
682 3635 801 3696 illumi·
851 3636 1014 3709 quantur,
1042 3632 1223 3704 mutatione,
1263 3636 1487 3695 commentanti
1515 3636 1593 3696 milii
1616 3696 1626 3727 5

68 3724 241 3802 uetusque]
254 3727 362 3808 ipsum
375 3726 482 3789 lumen
496 3745 561 3788 esse
582 3727 742 3802 videatur,
758 3728 802 3789 sie
852 3724 996 3784 venitin
1033 3730 1172 3785 mentem
1204 3725 1354 3804 Origenis,
1395 3727 1449 3805 qui
1485 3728 1626 3791 firmissi·
1678 3790 1695 3836 S
1741 3790 1762 3833 ιι

68 3822 242 3880 eunomiane
254 3819 289 3881 in
301 3820 595 3881 sanctishumanam
604 3819 801 3882 affectionem
852 3833 937 3877 mam
953 3817 1043 3892 hane,
1067 3822 1098 3878 et
1111 3817 1514 3897 perpetuamhominiseum
1523 3822 1625 3884 Verbo
1695 3800 1759 3888 ls’lls

67 3903 172 3977 quodam
183 3909 331 3975 ineffabili
343 3912 435 3973 modo
448 3930 571 3974 necesse
583 3913 642 3973 erit
654 3931 672 3973 a
685 3920 801 3975 semet·
852 3909 1111 3970 consociationem
1122 3928 1162 3970 ers
1175 3910 1256 3969 illius
1269 3908 1365 3970 libera
1379 3911 1537 3973 voluntate
1550 3933 1619 3992 pro·

66 3989 116 4070 liti
129 3996 293 4079 liquescere,
315 4004 457 4084 alquein
479 4005 538 4064 Dei
556 4005 679 4085 penitus
698 4011 801 4067 uana·
851 3998 962 4062 lectam
976 4019 1043 4063 esse
1067 4002 1207 4063 censuit:
1232 4024 1244 4059 ι
1266 4002 1343 4063 Cum
1362 4002 1463 4079 liberi,
1482 4004 1616 4083 inquitl,

67 4080 133 4149 iudi
143 4090 335 4174 voluptatem.
352 4096 498 4176 Alioquin
519 4097 676 4175 quomodo
698 4098 804 4159 omnia
851 4091 970 4153 arbitrii
983 4094 1115 4155 varietas
1130 4112 1399 4173 unumquemque,
1415 4112 1451 4154 ac
1463 4095 1624 4158 diversitas
1674 4145 1713 4191 of,
1728 4146 1777 4190 m„

66 4175 227 4249 inomnibus
235 4189 479 4263 eritDeus,siin
492 4188 803 4251 hominedehomine
853 4183 1012 4247 habuisset
1047 4186 1245 4263 animorum,
1271 4192 1307 4246 ιιι
1333 4186 1412 4246 alius
1439 4187 1624 4265 ardentiore,
1650 4159 1798 4297 ceslglass-

66 4271 204 4354 quidquam
225 4281 402 4362 supererit?
424 4281 560 4345 Manebit
586 4281 713 4362 quidem
736 4283 804 4344 sub·
854 4275 1269 4353 aliustenuiore,etexiliore
1283 4287 1626 4357 ergaauetoremsuum
1712 4260 1755 4296 ω’·

66 4364 233 4445 sanamus
246 4373 353 4435 inalia
362 4372 479 4449 forma,
490 4372 552 4435 alia
563 4374 672 4452 gloria,
684 4374 806 4455 aliaque
856 4388 962 4433 amore
992 4378 1170 4446 teneretur;
1196 4371 1250 4431 iila
1268 4372 1373 4432 anima
1399 4371 1437 4433 de
1464 4390 1527 4451 qna
1549 4373 1627 4434 dixit

64 4460 185 4531 muntia,
196 4486 208 4523 ι
220 4466 321 4540 erem
330 4467 520 4547 stupendum
530 4466 663 4527 caritatis
669 4466 806 4529 fructum
857 4464 1039 4544 lususque
1055 4482 1138 4524 neem
1147 4463 1264 4543 asseret
1279 4483 1297 4524 o
1311 4481 1356 4524 me
1367 4467 1498 4525 unimam
1505 4462 1624 4541 meoml,

65 4551 205 4635 itumque
216 4554 343 4621 mortali
360 4557 420 4619 hac
437 4559 470 4621 iu
487 4560 551 4619 vita
569 4559 734 4639 provenire
747 4559 805 4620 ibi·
857 4556 896 4616 ab
910 4555 999 4616 initio
1027 4561 1188 4632 creaturae,
1208 4560 1239 4617 et
1262 4556 1416 4634 deinceps,
1436 4556 1626 4635 inseparabi-

64 4636 287 4725 dtnsignificat3
303 4649 357 4711 sed
371 4649 496 4712 nonnisi
509 4650 805 4731 infuturaperfeote
856 4648 930 4709 liter
963 4648 1011 4721 ci,
1034 4655 1127 4726 atque
1156 4647 1422 4707 indissociabiliter
1453 4647 1626 4727 inherens,

64 4740 187 4816 waslare,
200 4742 255 4803 sin
268 4760 396 4822 corpore
410 4741 614 4825 spirituali,et
624 4744 804 4822 immortali,
858 4745 965 4820 utpote
978 4739 1146 4821 sapientior,
1163 4744 1193 4800 et
1205 4739 1310 4800 Verbo
1323 4740 1428 4814 Dei,et
1440 4739 1574 4818 veritati,
1591 4761 1628 4803 ac

63 4820 223 4909 incorpore
248 4833 383 4912 integro,
408 4834 539 4912 placido,
564 4833 749 4915 placitoque,
775 4842 807 4896 et
859 4831 922 4893 luci
936 4851 1036 4907 vcrae3
1052 4836 1159 4891 ettoia
1176 4837 1278 4890 totum
1295 4831 1457 4909 recipiens,
1478 4839 1571 4912 atque
1593 4834 1628 4895 in

25 4950 38 4995 a
62 4929 106 4992 per
117 4925 210 4985 onnia
225 4925 363 5004 subjecto
377 4926 508 5007 spiritui.
523 4946 538 4984 s
859 4924 925 5003 ejus
938 4924 1051 5000 iucem,
1067 4922 1324 5000 splendoremque
1336 4923 1402 5002 ipsa
1414 4924 1534 5000 cedens,
1549 4925 1630 4987 iacta

91 5008 151 5072 Non
166 5016 314 5079 abhorret
333 5018 373 5079 ab
395 5017 447 5079 illa
471 5017 616 5094 caritatis,
632 5018 808 5097 amorisque
860 5023 907 5077 est
939 5034 1012 5077 oum
1034 5015 1100 5094 ipso
1122 5014 1361 5093 primordialiter
1384 5032 1467 5077 unus
1492 5016 1627 5096 spiritam,

25 5068 45 5153 ι..
62 5098 94 5174 ti,
107 5107 313 5185 ctetlieientia,
327 5124 398 5189 qua
411 5124 511 5171 unum
524 5128 562 5171 ex
572 5110 713 5189 pluribus
723 5110 806 5187 lacit,
859 5109 939 5170 deut
956 5112 988 5168 et
999 5105 1163 5186 Apostolus
1183 5105 1242 5182 his,
1253 5106 1307 5185 qui
1316 5125 1389 5167 eum
1411 5106 1527 5168 imitari
1540 5109 1631 5171 debe-

60 5195 128 5266 qnod
137 5198 383 5263 aiiasobsersam
392 5203 540 5277 memini;
555 5202 807 5282 conpunctionem
861 5197 1631 5280 rent,promittit,quiaquisejunpitDomitiaeque

62 5420 265 5538 tlaeuffla'
279 5433 331 5479 nes.
343 5434 396 5478 -t
409 5433 456 5480 tu.
470 5434 509 5479 ur
521 5444 569 5491 esp.
581 5445 621 5486 sn,
633 5433 648 5490 ς
658 5433 716 5479 9.-
725 5434 739 5478 s
748 5434 793 5479 Ast.
804 5443 835 5486 ιι,
844 5431 880 5477 as.
891 5430 938 5476 -l
949 5431 1006 5488 lus.
1016 5434 1044 5476 tr.
1055 5440 1100 5481 nr,
1109 5429 1137 5475 ic
1146 5432 1225 5477 iesca.
1235 5453 1264 5464 -
1274 5429 1288 5475 s
1299 5430 1358 5487 Osis.
1371 5431 1391 5476 li
1398 5431 1485 5478 Perias.
1497 5442 1545 5488 cap.
1567 5442 1590 5476 ss
1602 5450 1629 5466 -·

165 5503 186 5547 x,
1062 5514 1071 5532 .
