3990 6130
473 395 524 456 DE
543 393 847 469 lamentamus,
869 392 941 455 tta.
961 394 1037 470 Vll,
1065 394 1150 457 CAP.
1171 396 1243 458 XII.
1594 394 1650 465 itt

79 566 175 626 ίσσείο
185 562 225 624 ad
237 560 499 642 Amphilochium.
518 560 579 622 Sed
593 564 624 622 et
637 560 746 621 eedem
757 576 833 622 roca
883 561 908 621 si
923 565 955 622 et
972 559 1055 621 illins
1077 577 1148 623 carc
1162 560 1282 623 Deifera
1295 562 1484 638 nominetur,
1499 568 1651 646 tanquam

80 675 145 718 usus
155 660 199 716 est
211 654 246 715 in
256 653 438 734 expositione
453 651 569 714 Psalmi
583 652 833 732 quinquagesimi
883 653 982 713 Deum
992 653 1130 713 Verbum
1139 659 1267 732 portans
1273 653 1479 718 indissolubili
1492 658 1649 721 unitione:

80 746 174 809 aoni⁸.
197 767 213 804 ο
251 746 427 824 Utrumque
440 745 543 806 locum
570 744 732 821 exscripsit
750 745 834 804 idem
882 745 961 806 adeo
975 750 1010 804 ut
1022 744 1119 823 ipsius
1133 760 1204 805 earo
1218 744 1338 807 dicatur
1351 786 1359 822 ,
1372 753 1403 808 et
1416 747 1455 808 sit
1469 750 1605 829 proprie,
1622 756 1652 812 et

80 839 274 901 theodoretus
292 838 326 898 in
343 836 417 898 dial.
441 838 465 897 l.
482 839 573 898 Prior
592 841 692 898 exstat
719 836 752 897 in
770 836 834 898 flne
882 855 921 897 ex
934 837 981 897 rei
993 836 1123 897 veritate
1135 846 1160 896 ί.
1174 858 1189 895 o

81 930 172 1011 eapitis
185 929 286 1010 quinti
297 928 334 990 de
352 929 476 1008 Spiritu
489 927 611 1006 Sancto,
627 928 683 988 abi
700 928 834 989 uexhu·
922 929 988 989 Hoc
1003 928 1107 1008 itaque
1129 929 1243 998 modo,
1259 948 1295 992 ac
1312 947 1405 992 seusu
1425 931 1551 1012 Deifero
1570 951 1650 1011 οονο,

82 1040 160 1083 naua
188 1039 291 1082 massa
314 1020 463 1082 deiferam
488 1037 613 1082 carnem
639 1025 833 1099 compactam
882 1019 1061 1109 siveDcifer
1075 1020 1159 1081 ίοιοο
1172 1022 1273 1082 dietus
1286 1028 1333 1082 cst
1344 1022 1385 1084 ab
1398 1024 1536 1104 antiquis
1545 1025 1652 1105 appel·

82 1113 181 1176 eracli
206 1112 325 1174 scribit.
354 1113 413 1187 Qui
440 1117 546 1174 autem
572 1130 612 1174 ex
632 1111 834 1174 Εοιινιοίιοοο
881 1110 1000 1191 larique
1022 1117 1123 1192 potest
1150 1114 1217 1174 sine
1244 1114 1307 1174 ullo
1339 1114 1460 1193 pietatis
1495 1116 1651 1179 catholicae

81 1205 180 1268 Ρωίωί
189 1223 239 1267 ux
251 1205 375 1281 citatur,
392 1204 451 1265 sub
463 1204 572 1281 finem,
587 1205 631 1265 sic
644 1203 833 1280 habet,dum
881 1204 1069 1266 detrimento
1096 1206 1146 1266 :si
1166 1223 1231 1266 non
1254 1206 1342 1285 quasi
1365 1205 1502 1269 ebenum
1527 1208 1651 1287 aliquod

82 1298 125 1359 illa
137 1297 250 1359 Psalmi
268 1298 364 1359 verba
378 1297 536 1358 declarat:
553 1296 590 1358 ln
610 1295 771 1358 Idumaeam
782 1314 833 1358 aa·
882 1314 961 1356 onus
974 1302 1005 1358 et
1020 1303 1203 1357 extraneum
1220 1317 1227 1356 ι
1243 1297 1297 1358 sed
1311 1316 1403 1358 suum
1416 1318 1452 1360 ac
1475 1301 1649 1380 proprium,

81 1387 180 1450 ίσαάοαι
187 1388 413 1450 mireomeotom
426 1407 533 1449 meum.
547 1389 830 1459 «Calceamentum,
881 1387 940 1449 hoc
954 1396 999 1449 est
1011 1389 1131 1461 intime,
1147 1394 1178 1449 et
1192 1388 1382 1450 substantive
1396 1391 1610 1470 conjunctum,
1621 1398 1664 1453 et‘

81 1476 177 1560 inquit,
191 1480 314 1542 deitatis
327 1486 375 1541 est
388 1479 602 1550 Deiieraoarc.
618 1498 674 1560 per
688 1496 783 1558 quam
797 1479 833 1540 in
881 1478 1026 1540 eumdem
1041 1498 1147 1540 secum
1168 1479 1296 1551 factum,
1314 1482 1412 1542 Deum
1436 1488 1561 1561 portare
1580 1502 1650 1545 caro

81 1572 204 1633 homines
216 1572 304 1634 venit
316 1582 338 1633 ⁶.
353 1593 371 1629 υ
880 1570 1082 1650 intelligatur.
1100 1571 1215 1633 Deinde
1224 1573 1278 1640 sic,
1290 1593 1305 1630 ιι
1311 1578 1418 1633 utnon
1430 1575 1651 1653 particularem

112 1666 167 1725 Noa
177 1664 254 1726 alios
265 1670 417 1744 praeterea
430 1662 512 1726 locos
532 1663 670 1743 ejusdem
688 1663 831 1726 observa·
881 1663 1048 1741 quamdam
1061 1664 1200 1724 divinam
1215 1665 1349 1744 gratiam
1364 1666 1530 1746 suscepisse
1544 1667 1650 1728 creda-

81 1757 176 1832 rimus,
190 1758 245 1836 qui
258 1774 324 1817 nou
335 1755 832 1817 minusadinstitutumnostrum
881 1759 947 1829 tur;
965 1756 1017 1815 sed
1045 1761 1080 1816 ut
1102 1761 1197 1816 totam
1220 1756 1279 1817 sibi
1302 1757 1423 1817 unitam
1454 1757 1651 1819 babeatFilii

82 1850 229 1928 pertinent.
241 1850 280 1908 ln
289 1848 420 1909 homilia
431 1865 512 1924 xxv,
524 1866 595 1927 quae
609 1854 657 1909 est
670 1846 705 1909 de
714 1846 832 1910 Notici-
881 1844 1049 1908 deitateml
1066 1867 1073 1907 ι
1096 1868 1111 1904 ο
1129 1853 1165 1908 ut
1177 1848 1282 1909 scribit
1295 1849 1517 1910 Theodoretus.
1529 1849 1651 1928 alioqui

83 1948 146 2015 tate;
163 1941 358 2016 «Virtutem,
368 1941 423 2013 ait,
433 1939 582 2000 altissimi
595 1939 748 2002 Deiferam
756 1958 831 2002 con·
880 1946 992 2018 θεοφόρα
1005 1939 1151 1999 dicuntur
1172 1940 1266 2001 ctiam
1280 1940 1649 2020 sanet1,quinonpleni-
1734 1945 1739 1956 '
1778 1944 1784 1954 '

84 2030 180 2093 didisse
192 2049 318 2093 carnem
327 2029 353 2091 ί.
370 2052 386 2089 ι)
404 2033 442 2091 Et
460 2031 500 2092 ad
520 2030 677 2093 Psalmum
690 2048 756 2106 nav,
765 2032 833 2094 haec
880 2031 1022 2091 tudinem
1030 2031 1131 2110 ipsam
1144 2030 1313 2092 divinitatis
1322 2033 1355 2092 iu
1366 2050 1399 2093 se
1410 2038 1602 2109 manentem,
1613 2052 1650 2095 ao

82 2122 171 2197 rerba,
184 2122 391 2205 terrificant
404 2121 625 2184 talernaculum
643 2141 727 2183 suom
743 2123 832 2184 Altic-
881 2122 940 2182 sibi
953 2122 1128 2201 copulatam
1142 2124 1303 2184 continent
1320 2125 1393 2184 :sed
1408 2124 1558 2203 particula
1571 2142 1649 2203 qna-

83 2215 175 2291 itam
188 2215 230 2276 sie
242 2221 389 2276 enarrat:
409 2214 517 2276 oiorte
536 2216 574 2275 de
588 2233 681 2276 carne
694 2214 832 2295 loquitur
881 2214 954 2274 dam
967 2214 1059 2287 illius,
1073 2214 1164 2275 idest
1178 2214 1288 2292 gratia,
1305 2221 1335 2275 st
1349 2217 1569 2276 communione
1578 2233 1650 2275 san-

83 2305 198 2381 Dcifara,
210 2325 279 2386 quac
292 2306 482 2368 sanctificata
496 2312 542 2367 est
562 2325 618 2386 per
637 2306 831 2384 conjunctio·
881 2305 991 2365 ctitatis
1002 2305 1118 2385 aspersi
1131 2311 1223 2377 sunt;
1239 2307 1432 2384 quodetiam
1446 2307 1600 2367 Maximus
1610 2306 1650 2368 ad

82 2400 306 2460 ucmcumDeo.
322 2400 430 2477 ltaque
442 2397 681 2459 tabernaculum
695 2398 833 2474 intellige
882 2398 1064 2476 Dionysium
1091 2397 1241 2458 observat.
1277 2399 1317 2457 Et
1343 2397 1506 2477 insigniter
1530 2401 1651 2478 mampr

82 2489 132 2549 nei
143 2508 193 2570 per
210 2507 335 2551 carnem
350 2494 551 2569 apparentem
571 2490 828 2568 presentiens»
882 2489 1020 2564 ignatius
1046 2502 1090 2551 τοῦ
1105 2497 1221 2570 θεοφοροο
1244 2489 1304 2549 sibi
1339 2507 1511 2566 cognomen
1545 2491 1651 2552 aseivit
1702 2503 1793 2558 mesot

81 2579 150 2641 Item
161 2582 192 2642 in
204 2581 332 2661 epistola
340 2597 414 2642 axv.
426 2581 529 2655 «Quid
537 2598 615 2658 opus
630 2585 706 2656 erat,
718 2581 830 2661 inquit,
881 2581 1083 2660 epistolarum
1095 2597 1223 2642 suarum
1236 2581 1337 2642 initio.
1350 2583 1429 2643 Nam
1443 2586 1475 2643 et
1487 2583 1651 2662 Apostolus

81 2677 171 2733 mnata
182 2673 321 2752 Virgine,
335 2673 362 2733 si
374 2690 440 2733 non
453 2691 491 2733 ex
509 2672 621 2732 Adami
640 2689 740 2732 massa
761 2674 831 2734 Dei·
882 2672 976 2732 Deum
989 2690 1040 2732 cos
1049 2672 1139 2749 jubet
1150 2680 1274 2753 portare
1287 2673 1317 2733 io
1330 2673 1588 2754 corporeoostro¹.

80 2760 565 2826 iaramrcessataasumcndas'lo
922 2763 1079 2823 Postremo
1092 2763 1259 2842 Gregorius
1273 2764 1430 2843 Nyssenus
1445 2763 1555 2824 eodem
1566 2765 1649 2843 jure,

112 2855 190 2916 lianc
207 2855 305 2936 ipsam
325 2853 457 2936 Deifcroe
480 2854 577 2916 cerarii
595 2852 833 2933 appellationem
882 2855 1011 2933 parique
1024 2853 1284 2914 notionemmem
1299 2855 1548 2936 Dominitsottpov
1561 2865 1649 2936 οάρνο,

80 2947 211 3026 expressit
227 2946 428 3008 Eusthalhius
440 2944 654 3007 Antiochenus
677 2963 696 3005 a
710 2943 832 3006 Gelasio
881 2946 985 3019 idest,
1002 2944 1061 3005 Dei
1073 2945 1274 3025 receptricem,
1289 2947 1411 3007 vocavit
1422 2946 1457 3006 in
1471 2946 1552 3007 libro
1566 2945 1652 3009 Cale

80 3037 153 3117 Papa
164 3039 270 3100 citatim
280 3038 304 3100 ¹.
881 3035 989 3098 rhetica
1004 3057 1015 3099 .·
1029 3055 1124 3117 quem
1142 3037 1246 3097 locum
1266 3038 1371 3100 attulit
1391 3037 1604 3100 Theodorelus
1617 3039 1652 3098 in

112 3131 160 3190 lv.
179 3131 331 3192 Maximus
349 3148 422 3189 vero
455 3133 575 3208 martyr
596 3127 630 3188 in
650 3124 769 3187 οοίεοίίιζν
791 3128 833 3188 ad
881 3128 1004 3207 dialogo
1017 3127 1143 3190 terti0⁸.

79 3223 333 3302 caputseptimum
345 3220 418 3282 libri
431 3219 466 3281 de
486 3219 607 3283 Caelesti
626 3217 831 3280 Hierorrloio:
920 3222 959 3281 V.
981 3222 1129 3283 Transeat
1136 3241 1222 3284 nunc
1234 3223 1272 3283 ad
1285 3221 1378 3282 aliam
1391 3221 1582 3283 locutionem
1589 3222 1650 3283 dis·
1675 3236 1712 3282 aa
1728 3237 1823 3284 οινοιυν

79 3311 461 3393 ιιίνίῐλίοιιγυίιιετοίνορορω
475 3315 630 3388 nominat,
644 3310 678 3372 id
693 3316 740 3372 est
758 3310 831 3372 Dei·
881 3313 1001 3393 putatio
1018 3318 1125 3375 nostra
1140 3333 1148 3374 ι
1165 3321 1196 3376 et
1218 3315 1300 3376 hanc
1322 3314 1470 3389 maxime,
1494 3332 1566 3394 quoe
1585 3332 1650 3375 non
1683 3292 1812 3389 Μίῖῗᾶω

78 3402 160 3483 [σασα
181 3404 239 3467 cim
271 3403 481 3479 l‘hronorum,
509 3421 548 3464 ex
573 3402 715 3464 vocabuli
744 3402 832 3463 istius
881 3405 998 3465 minori
1020 3406 1217 3467 contentione
1242 3413 1287 3468 est
1308 3410 1446 3484 excepta,
1470 3423 1533 3483 qua
1555 3403 1651 3466 homo
1686 3396 1731 3441 ‘¹¹⁰¹
1744 3397 1821 3453 W·

79 3495 222 3557 occasione
234 3496 383 3574 disputat,
408 3512 469 3573 qua
481 3494 602 3556 ratione
617 3494 745 3555 Basilius
759 3495 831 3556 Dei·
881 3502 1058 3576 assumptus
1083 3496 1255 3559 Domioiros
1279 3495 1363 3557 tomo
1383 3501 1592 3574 nuncupatur.
1617 3496 1652 3557 ld

77 3585 164 3649 lcum
187 3605 313 3650 carnem
341 3584 510 3648 Salvatoris
530 3586 716 3647 nominet«
738 3585 833 3665 Atqui
881 3592 989 3647 utrum
1002 3586 1397 3649 liccatmeritodubitatur.
1409 3587 1490 3649 Nam
1505 3586 1653 3667 utrinque

78 3695 151 3755 caro,
170 3678 280 3760 inquit,
306 3670 403 3759 ipsius
424 3677 548 3740 Domini
567 3678 739 3739 meandum
757 3678 830 3739 sub·
881 3684 1023 3741 auctores
1036 3679 1203 3740 hahentur.

77 3771 217 3845 matiam,
230 3779 262 3835 et
274 3771 468 3852 hypostasim
481 3770 570 3832 unita
583 3775 629 3832 est
642 3771 706 3832 Dec
715 3770 829 3832 Verbo.
921 3770 1076 3851 imprimis
1087 3770 1293 3852 appellatione
1308 3786 1382 3831 usus
1393 3776 1440 3831 est
1454 3768 1513 3830 ista
1523 3769 1654 3849 Magnus

79 3861 142 3923 ldso
159 3881 283 3926 emnem
296 3868 448 3943 gestares
465 3861 607 3923 Patribus
626 3861 692 3941 ipse
706 3861 829 3937 dicitur,
883 3862 1068 3924 athanasius
1092 3862 1123 3923 io
1149 3862 1347 3944 Expositiooe
1368 3861 1460 3943 fidei,
1476 3867 1508 3924 et
1527 3862 1653 3942 quidem
1683 3887 1812 3933 amomum

78 3958 105 4014 et
116 3972 230 4018 carnem
242 3946 390 4017 induisse.
416 3952 506 4020 Quod
520 3952 617 4033 igilur
633 3958 680 4014 est
693 3951 829 4031 absurdi,
881 3954 990 4015 iterato
1005 3955 1049 4016 sic
1063 3971 1137 4015 eum
1149 3954 1333 4015 nominavit.
1349 3954 1429 4016 Nam
1443 3959 1474 4016 et
1490 3971 1652 4033 apraecur·
1728 3940 1776 3986 ⁸¹¹¹·

107 4140 300 4197 olnmoousr.
313 4137 390 4211 apud
400 4136 496 4208 Cprill.
509 4139 541 4192 tc
550 4135 668 4208 Deseris
679 4134 784 4192 οαοίίι.
801 4152 831 4193 ν.
919 4135 941 4212 s
954 4138 1032 4193 ldem
1042 4136 1120 4209 epist.
1133 4153 1195 4194 axv.
1214 4138 1256 4201 Τίς
1268 4137 1295 4190 δὲ
1307 4137 1378 4210 χρεία
1386 4141 1429 4206 τῆς
1442 4137 1513 4211 ἁγίας
1524 4139 1654 4211 ααρθίνου,

78 4218 119 4273 ἰοί
131 4220 293 4295 εδνίοοφάρον
313 4221 340 4277 δί
358 4221 495 4293 άνδρωαον,
517 4220 551 4282 ὡς
569 4218 674 4283 πολλοῖς
692 4226 742 4273 τῶν
757 4218 833 4292 άγίων
884 4216 905 4273 εἰ
918 4218 952 4291 μὴ
965 4218 991 4273 ἐκ
1001 4225 1045 4275 τοῦ
1065 4239 1095 4290 ρυ
1113 4221 1206 4292 άροατος
1229 4212 1273 4274 tob
1294 4216 1373 4292 Ἀδάμ
1395 4216 1496 4292 ἔμελλεν
1510 4219 1526 4288 ἡ
1539 4221 1655 4293 θεορόρος

77 4304 175 4377 Ωείρυεν
191 4304 329 4379 εἰρημένον,
347 4303 377 4357 ob
400 4299 590 4374 παραιτούμεθα.
613 4292 648 4354 ὧν
671 4295 707 4363 είς
727 4300 742 4356 ὁ
761 4302 835 4374 μέγας
884 4300 942 4374 σάρξ
957 4240 1203 4375 προσλαμδίνεσθαη

78 4384 352 4459 Βαεδάοςίντῷεερδς
374 4380 533 4458 Ἀρριλόχιον
547 4384 603 4454 περί
616 4389 660 4438 τοῦ
678 4382 749 4456 άγίου
762 4384 834 4437 πνεί·
919 4388 1064 4457 pMsxrat.
1092 4382 1127 4441 td
1146 4398 1206 4455 cap.
1230 4398 1268 4441 tlt
1295 4382 1332 4440 de
1356 4380 1427 4441 Ooel.
1449 4388 1531 4441 Hier.
1557 4380 1655 4452 ’Att't

78 4488 147 4537 ματος
161 4471 228 4543 λόγῳ
245 4470 327 4541 τούτῳ
341 4469 497 4541 χρησάμενος
521 4471 558 4539 τῷ
581 4465 695 4538 ὀνόματι·
711 4465 751 4519 καί
766 4463 790 4518 ίν
805 4470 836 4539 τῇ
886 4466 929 4539 μὲν
939 4467 999 4540 σάρξ
1012 4467 1087 4521 αὐτοῦ
1101 4471 1145 4521 τοῦ
1158 4467 1240 4539 κυρίου
1255 4466 1310 4521 κατ’
1322 4465 1418 4535 obolas,
1432 4468 1474 4521 καί
1486 4466 1540 4520 καθ’
1553 4466 1656 4521 ὑπόστα-

76 4560 228 4621 nummos
242 4551 344 4606 ίννάτον
354 4552 453 4623 ψαλμοῦ
467 4549 594 4622 ἑρμηνείᾳ.
884 4568 922 4603 σιν
935 4550 1028 4617 ἥνωται
1040 4549 1106 4622 αὐτῷ
1113 4554 1150 4622 τῷ
1159 4549 1207 4621 θεῷ
1217 4551 1297 4623 λόγῳ·
1311 4551 1349 4604 διδ
1357 4552 1399 4604 καί
1407 4552 1568 4623 σαραορορεῖν
1583 4548 1655 4610 ababa

108 4624 223 4690 titana.
242 4630 553 4704 Ὅτιέατοῦἅνδρωεειίου
566 4628 733 4703 ρυράμστοςῆ
749 4628 836 4701 θεοφό-
885 4631 982 4702 λίγεται
995 4631 1061 4704 παρά
1078 4638 1128 4685 τῶν
1148 4631 1269 4704 πατέρων,
1295 4632 1336 4684 καί
1356 4633 1434 4705 σάρκα
1453 4630 1604 4685 ἐνδύσασθαι·
1630 4631 1656 4685 τί

77 4717 177 4788 percipi
186 4718 322 4788 συνεπάγη.
886 4713 978 4769 ἄτοπον
994 4709 1047 4779 οὖν,
1071 4712 1092 4768 εί
1113 4712 1182 4781 aeli]
1198 4712 1258 4784 σὰρξ
1276 4712 1350 4766 αιἰτοῦ
1373 4714 1471 4784 λέγεται
1485 4713 1609 4784 δεοράρος,
1623 4712 1657 4775 ὡς

108 4799 221 4856 οΒεοιι.
236 4796 383 4856 ittPtaim.
400 4813 453 4852 ux.
476 4794 610 4867 Ὓαάδημα
624 4794 651 4849 δὲ
667 4798 709 4862 τῆς
721 4794 837 4864 θεότητος
885 4797 993 4867 ρέρουσα
1007 4798 1049 4850 τὸν
1070 4796 1124 4849 bobr
1138 4796 1215 4867 λόγον
1236 4793 1289 4848 καθ’
1309 4795 1394 4848 ἕνωσιν
1408 4795 1565 4859 άδιάστατον,
1580 4793 1656 4849 αίντοΰ

76 4882 209 4955 ίδοσράρος
221 4880 293 4954 σάρξ,
308 4879 341 4936 δι’
354 4876 383 4948 ἧς
396 4877 533 4948 tribuaria
548 4877 694 4950 ἀνθρώποις.
885 4877 945 4951 σάρξ
958 4880 998 4933 καί
1010 4880 1142 4952 λεγομένη,
1156 4879 1197 4931 καὶ
1206 4877 1351 4950 ὑπάρχωσι
1364 4877 1461 4950 κυρίως,
1475 4879 1515 4931 καί
1523 4877 1579 4932 κατ’
1593 4877 1655 4946 tiq-

106 4961 128 5017 ά
144 4964 228 5021 idem.
247 4958 324 5018 ”ma
340 4962 369 5017 εδ
379 4966 475 5033 πνεῦμα
488 4959 517 5014 εδ
533 4961 614 5032 άγιον,
626 4959 667 5013 καί
681 4958 725 5026 τὴν
735 4957 836 5030 δύναμιν
886 4960 951 5014 taras
959 4982 967 5028 ρ

74 5050 114 5099 τοῦ
126 5044 225 5118 ίνίίσνονν
237 5046 283 5115 τὴν
297 5045 414 5116 δεορόρον
426 5042 516 5112 ίαείνην
531 5042 694 5109 συστήσασθαι
704 5041 792 5113 σάρκα.
921 5043 941 5098 lt
958 5044 1133 5100 Tuncocuat.
1155 5044 1189 5099 ίο
1212 5039 1334 5116 Consul.
1350 5040 1456 5099 acolt.
1477 5059 1505 5099 ν.
1525 5036 1654 5117 Καλοῦρεν

105 5144 120 5183 e
136 5128 213 5185 idem
226 5132 259 5185 ίνε
272 5126 384 5183 Ρεαίεη.
399 5142 462 5181 ειν.
475 5125 548 5198 Τάχα
558 5124 602 5193 τὴν
618 5126 697 5197 σάρκα
709 5125 775 5197 λέγει
790 5122 833 5192 τὴν
885 5125 912 5180 δὲ
931 5128 1047 5199 θιορόρον
1062 5127 1199 5198 ἄνθρωπον,
1213 5123 1262 5199 obp
1274 5126 1308 5189 ὥς
1322 5126 1421 5198 ρεριιιήν
1435 5144 1489 5180 τινα
1505 5127 1571 5180 θείαν
1582 5128 1655 5200 χάριν

73 5210 194 5284 ίεεράρυν,
208 5211 363 5282 &poetricae
378 5208 420 5263 διά
434 5211 478 5278 τῆς
491 5208 550 5280 πρὸς
570 5208 614 5262 τον
629 5208 682 5262 baba
697 5204 835 5278 συναφείας.
885 5207 1027 5282 δεξάμενον·
1044 5209 1101 5262 ἀλλ’
1111 5208 1145 5270 ὡς
1158 5209 1239 5262 πᾶσαν
1250 5206 1377 5281 ἡνωμένην
1388 5207 1480 5283 ἔχοντα
1489 5201 1532 5263 rob
1546 5207 1599 5263 υἱοῦ
1611 5208 1655 5276 τὴν

73 5294 133 5348 intr
143 5295 238 5361 νοήσεις
249 5295 367 5367 σοιήνωρα
375 5288 421 5346 τοῖν
433 5292 536 5363 ὑψίστου
550 5289 593 5358 τὴν
604 5288 645 5345 διὰ
653 5290 741 5363 σαραδς
751 5287 837 5360 turpi·
885 5290 998 5360 θεάτητα.

14 5430 15 5433 ,
73 5392 132 5429 νειαν
145 5377 263 5431 τοῦθεοΰ.

14 5538 16 5589 1
94 5514 827 5566 imaue-araman-ausaauraau.
