3936 6152
486 287 540 347 DE
562 282 860 359 sustentemus,
881 284 956 347 stu.
979 285 1031 362 XI,
1052 285 1135 349 CAP.
1157 286 1224 347 vll.
1584 282 1644 345 iti

80 448 159 511 Verbi
174 464 312 529 musena,
328 448 359 510 id
384 454 431 515 est
451 448 595 513 diunius
617 449 726 513 effecta
748 448 827 511 tilie-
878 449 973 511 deret.
991 450 1078 524 Quod
1091 457 1122 512 et
1135 451 1302 530 Procopius
1320 448 1459 513 imitatus
1473 454 1528 510 est.
1546 449 1597 511 Sic
1612 449 1645 509 in

80 547 140 615 tate,
159 541 300 601 humanas
319 541 429 601 Christi
452 548 573 603 nuturm
591 561 647 621 por
665 541 827 601 suhstuuti·
877 539 956 600 libro
968 543 1102 603 seeundo
1117 551 1220 603 cunero
1234 543 1413 616 Nestorium,
1430 542 1539 603 eodem
1553 559 1644 602 sensu

80 649 148 707 ram,
174 638 203 693 et
225 633 400 693 naturalem
426 634 677 712 eonjrruetionem
704 634 828 713 propriu
878 632 1043 695 carbonem
1056 635 1147 697 illum
1160 634 1376 715 propheticum
1398 635 1545 713 erponit;
1561 633 1644 712 quod

79 724 144 785 laeta
155 730 214 787 est:
231 725 274 787 sio
286 726 379 789 etium
395 726 541 787 sanctitas
559 726 714 787 divinitati
735 744 828 803 peen-
878 723 948 784 druse
959 725 1101 787 similiter
1116 727 1147 786 in
1158 728 1407 788 Christanoturm
1420 743 1508 786 nexm
1521 725 1646 786 interea

79 816 158 893 linis,
182 816 220 877 sd
248 817 391 879 eamdem
424 823 470 881 est
502 818 640 881 hominis
676 814 829 897 applicato
878 817 1090 896 copulataeque
1111 820 1307 881 conveniunt.
1337 817 1530 896 rSiquidem
1551 817 1643 896 ignis,

79 909 280 984 substantium
295 917 327 971 et
349 910 378 972 ei
401 910 487 973 velut
508 911 645 991 propria,
668 917 699 971 et
718 909 829 973 dotalis
878 907 932 982 uit,
948 908 982 969 in
1002 909 1124 987 lignum
1150 911 1341 990 penetrando
1362 909 1499 986 subiens,
1515 909 1548 969 in
1572 929 1645 989 pro-

11 1122 62 1167 ομ-
110 1094 169 1157 llll.
190 1092 236 1155 Ad
249 1092 310 1155 hoo
322 1092 516 1155 suadendum
531 1093 667 1156 multum
683 1093 735 1154 illu
757 1111 827 1172 per·

9 1176 61 1215 ²¹⁸¹
80 1185 171 1257 tinent,
185 1203 253 1265 quse
267 1186 300 1249 in
313 1190 424 1265 quarto
434 1183 455 1260 ¹,
472 1192 503 1247 et
510 1186 629 1247 deeimo
642 1185 722 1245 libro
729 1185 768 1247 do
780 1185 828 1246 di·

9 1218 45 1369 Εἰ
77 1277 177 1356 gnitate
198 1276 337 1339 diximus
358 1284 471 1339 eveetm
489 1279 526 1338 nd
551 1277 718 1339 divinitatis
746 1293 827 1337 eom-

9 1376 63 1421 ·tlti·
79 1370 210 1433 usuum
252 1369 401 1431 humanm
445 1370 555 1431 Christi
590 1375 729 1442 nature,
767 1386 828 1448 quo

9 1441 30 1475 '¹'
78 1463 175 1525 fautum
193 1468 251 1535 est,
277 1468 312 1523 ut
336 1463 402 1522 hmo
419 1469 549 1538 ονοοῆναι,
571 1462 603 1523 id
625 1467 671 1522 eet
691 1460 829 1541 deificata

79 1573 133 1629 sse,
142 1555 274 1629 dieatnr;
290 1560 322 1615 et
335 1553 368 1615 in
382 1552 574 1616 divinitatem
595 1553 680 1615 velut
694 1553 827 1613 absorte.

79 1646 143 1709 Huic
161 1646 244 1708 enim
261 1645 355 1706 statui
376 1655 618 1707 consentaneum
640 1650 705 1719 est,
726 1645 827 1707 homi-

79 1761 138 1805 nem
150 1743 181 1805 iu
194 1742 319 1804 Christo
331 1742 418 1802 omni
432 1759 471 1802 ex
493 1748 581 1820 parte
595 1747 738 1805 sanetum
749 1760 827 1812 esse,

79 1833 826 1915 idqnsuommunioneipss,etadjunotionstotius,

80 1926 306 2006 etprimigenirs
329 1925 509 1998 sanctitatis,
525 1925 557 1987 id
585 1930 632 1987 est
659 1926 829 1987 divinitatis

79 2038 130 2081 erse
141 2025 350 2083 mnseeutum.
363 2018 451 2092 Quod
466 2015 560 2079 variis
577 2016 829 2079 similitudinibus

79 2113 212 2175 declarare
238 2118 360 2175 veteres
388 2109 510 2173 solent:
533 2109 619 2170 velut
645 2109 718 2171 terri
752 2129 828 2171 eun·

80 2205 174 2273 dentis,
192 2204 279 2284 quod
300 2221 366 2267 non
383 2202 449 2263 solo
471 2201 583 2275 oalore,
609 2202 640 2263 id
661 2207 707 2263 est
730 2202 828 2281 quali-

79 2297 157 2371 litate,
171 2298 222 2358 sed
239 2297 372 2376 ipsomet
385 2294 465 2373 iguis
479 2292 651 2355 substantia
671 2293 704 2353 in
728 2313 760 2355 se
783 2312 830 2355 ro-

79 2396 161 2470 oepla,
187 2396 217 2451 et
245 2389 424 2468 conjuncto,
450 2387 596 2460 ualidum,
632 2393 663 2450 et
696 2386 828 2458 ignitum

80 2480 190 2543 efficitur
207 2502 213 2543 :
230 2482 344 2559 dequo
356 2478 498 2557 exemplo
508 2484 613 2557 postea
628 2479 738 2541 dimm.
748 2481 829 2541 l'um

80 2574 199 2637 osrhouis
209 2573 360 2648 ardentis,
374 2570 547 2649 eujusmodi
560 2588 642 2631 rrnns
656 2589 673 2633 e
688 2572 830 2650 Seraphi-

80 2668 127 2729 mis
136 2666 245 2748 somipe
261 2664 337 2727 tulit
350 2682 387 2725 er
401 2662 528 2738 ulter·r'²,
545 2667 576 2722 et
589 2663 627 2724 ad
643 2664 830 2743 Prophetom

80 2759 204 2821 advolans
217 2759 287 2837 ejus
309 2756 398 2819 labro
419 2755 559 2833 contigit.
583 2755 680 2828 Quem
703 2756 830 2833 quidem

80 2850 226 2925 curionem,
250 2850 297 2910 uti
318 2865 372 2909 sxa
401 2848 586 2925 interpretes
608 2847 828 2922 reddiderunt,

81 2942 197 3023 plerique
230 2945 365 3005 Patrum
399 2939 438 3001 ad
471 2937 626 3001 Christum
666 2939 828 3001 reimunt:

80 3035 228 3113 prasertim
243 3032 378 3111 cyrillus
387 3030 614 3093 Alexandrinus
629 3050 636 3091 ε
653 3031 741 3109 enjus
754 3031 830 3093 iusi·

80 3142 156 3199 grem
176 3127 280 3188 lorum
304 3122 539 3204 pretermittere
562 3142 627 3184 uon
646 3123 757 3185 debeo.
773 3124 831 3185 Hie

81 3220 148 3279 enim
159 3219 325 3299 Prophetae
339 3217 444 3277 locum
458 3215 723 3295 illamenpliuans,
738 3217 830 3296 aptis·

81 3311 260 3373 simeradere
280 3311 315 3371 in
334 3308 492 3368 Christum
512 3308 555 3367 ait
575 3307 665 3387 igniti
690 3308 832 3369 carbonis

81 3402 193 3481 figuram
214 3423 221 3464 :
246 3400 400 3481 quoniam
423 3401 504 3461 Deus
527 3399 642 3478 passim
666 3417 738 3461 eum
761 3399 832 3478 igne

81 3502 272 3575 rumperetur,
297 3499 329 3555 et
358 3511 395 3553 ea
416 3490 516 3571 speeie
539 3491 652 3570 sepius
674 3492 829 3571 apparuit.

21 3598 65 3640 ros
85 3587 143 3648 «Ut
154 3588 246 3666 igitur
268 3585 361 3649 carbo
375 3590 486 3645 natura
505 3602 562 3644 sua
575 3583 695 3662 lignum
710 3589 756 3645 ost
773 3604 780 3645 ε
802 3589 833 3645 et

12 3648 61 3746 indi
82 3677 265 3741 nihilominus
288 3684 373 3741 totns
395 3694 449 3757 per
475 3680 577 3737 totum
603 3675 673 3754 igno
695 3677 832 3756 repletus

12 3752 41 3799 ¹²
83 3773 261 3851 utriusque
285 3772 360 3844 vim,
376 3775 408 3831 et
429 3768 624 3831 efficientiam
646 3768 739 3829 habet
755 3789 762 3829 :
778 3787 831 3828 eo-

83 3862 152 3938 dem,
170 3866 290 3945 opinor,
306 3862 401 3924 modo
424 3860 535 3923 merito
556 3861 705 3923 [lominus
727 3866 833 3922 noster

82 3954 136 4033 ique
153 3957 223 4019 lesu
248 3957 387 4018 Christus
409 3952 539 4030 intelligi
562 3953 685 4032 poterit.
711 3952 833 4014 Etenim

83 4045 203 4110 terbum
213 4067 284 4111 curo
292 4047 406 4108 foetum
417 4050 473 4114 est,
485 4051 516 4104 et
526 4043 676 4106 habitavit
688 4045 721 4104 iu
731 4044 830 4105 nobis.

83 4138 183 4201 Verum
196 4141 267 4202 lieet
277 4140 373 4201 homo
388 4136 485 4198 nostri
498 4136 607 4196 similis
621 4137 757 4216 quadam
770 4136 832 4197 dis-

79 1002 216 1063 sttributs
878 999 980 1079 prium
1004 1001 1134 1063 trunsire
1148 1002 1252 1082 ipsum
1271 1002 1342 1065 feeit
1365 1002 1505 1079 gloriam,
1525 1021 1560 1064 ao
1579 1003 1627 1065 vir

878 1096 995 1167 tutem3
1014 1093 1070 1154 etsi
1083 1094 1114 1153 id
1129 1095 1292 1174 quoderat
1307 1094 1373 1156 sine
1393 1094 1457 1155 ulls
1474 1095 1646 1158 mutatione

879 1182 1071 1247 retineatis

921 1277 1065 1353 Ejusdem
1079 1278 1203 1357 generis
1226 1285 1273 1341 est
1297 1278 1467 1341 similitudo
1486 1277 1526 1339 ab
1548 1278 1645 1357 ignito

878 1387 949 1429 uere
964 1371 1070 1449 petita.
1086 1389 1180 1450 quam
1196 1391 1235 1433 ex
1248 1372 1430 1451 Euthymio.
1445 1376 1476 1431 et
1494 1372 1559 1433 Elio
1574 1372 1646 1433 Cre·

879 1462 959 1521 teusi
973 1463 1135 1523 retulimus
1152 1463 1232 1524 libro
1246 1462 1389 1542 qrrurtot.
1410 1464 1443 1524 Si
1462 1463 1547 1525 enim
1561 1468 1646 1525 totus

878 1570 931 1613 aer
954 1570 1017 1615 non
1038 1553 1154 1632 ignitus
1174 1561 1264 1631 esset,
1290 1555 1343 1616 sed
1369 1554 1464 1633 ignis;
1489 1555 1524 1615 in
1549 1572 1647 1634 eoque

878 1644 1024 1723 globulus
1052 1647 1170 1709 ferrens
1197 1654 1377 1727 poneretur,
1396 1652 1479 1709 totus
1504 1648 1538 1707 in
1568 1648 1648 1727 ignis

879 1737 1059 1815 qualitatem
1092 1741 1250 1816 transiret,
1278 1746 1422 1802 monente
1443 1740 1647 1801 nihilominus

879 1835 1001 1905 natura,
1016 1850 1086 1910 quae
1100 1832 1221 1895 fervore
1241 1832 1374 1894 obducta
1391 1833 1484 1911 igneo
1508 1852 1572 1894 non
1591 1852 1646 1912 ap·

879 1931 1009 2005 pareret.
1037 1924 1087 1987 Sie
1108 1931 1220 1987 natura
1238 1925 1372 1987 hominis
1396 1930 1460 1986 tota
1485 1925 1646 1989 divinitate

878 2016 964 2077 velut
977 2022 1126 2092 contecta,
1140 2022 1171 2078 et
1187 2016 1341 2097 absorpta,
1357 2018 1410 2080 vix
1428 2018 1461 2077 in
1472 2036 1537 2079 sese
1557 2037 1648 2080 cons-

880 2109 1002 2189 picitur.
1020 2111 1065 2169 Ila
1080 2110 1161 2170 lilios
1173 2110 1322 2171 Cretensis
1336 2109 1399 2170 illio
1413 2110 1533 2171 ettalus.

919 2201 1079 2263 Aeeeduut
1098 2207 1129 2261 et
1147 2201 1216 2263 alim
1239 2201 1454 2263 similitudines
1473 2202 1646 2274 itidemst

879 2291 947 2353 aliis
961 2295 992 2354 in
1006 2292 1080 2353 loeis
1093 2293 1208 2367 allatam
1224 2294 1271 2353 uti
1284 2294 1373 2355 stillae
1394 2294 1470 2355 aceti
1484 2294 1517 2355 in
1532 2296 1642 2369 mellis,

879 2391 934 2446 sut
958 2384 1023 2445 vini
1042 2385 1250 2447 vastissimum
1278 2404 1429 2447 oceanum
1449 2385 1578 2463 iuiusae3
1607 2389 1646 2449 de

880 2475 993 2556 quihus
1007 2476 1074 2554 lego
1089 2495 1125 2537 ea
1139 2477 1321 2556 presertim.
1338 2497 1407 2557 quse
1426 2479 1459 2541 in
1479 2480 1581 2558 primo
1595 2499 1646 2542 ra·

880 2568 943 2649 pite
957 2567 1031 2629 libri
1045 2569 1211 2647 superioris
1225 2570 1374 2649 explicata
1387 2577 1470 2632 suut.

921 2661 1001 2721 Vlll.
1024 2661 1077 2720 Est
1098 2661 1223 2740 insuper
1242 2662 1393 2723 eximium
1416 2663 1455 2723 ad
1474 2663 1557 2725 idem
1571 2683 1647 2743 pro-
1683 2675 1804 2771 transm

1699 2782 1738 2826 list
1753 2790 1780 2835 po

1673 2834 1817 2934 *uru-

879 2935 985 3009 teutia,
999 2936 1037 2995 de
1048 2934 1285 3013 justificationis,
1302 2943 1333 2997 et
1346 2937 1521 3016 adoptionis
1540 2939 1572 3000 iu
1596 2942 1645 3001 [lei
1686 2945 1805 2989 strumus.

880 2751 1018 2813 bandum
1028 2758 1248 2829 argumentum
1259 2772 1299 2814 ex
1306 2754 1464 2815 communi
1474 2762 1645 2835 sumptum,

880 2849 911 2905 et
923 2843 1098 2905 admirabili
1109 2845 1411 2923 quamplurimorum
1433 2847 1558 2909 Patrum
1577 2866 1647 2908 sen-

880 3028 960 3089 filios
972 3028 1082 3106 grstia,
1104 3045 1173 3105 qum
1188 3027 1363 3107 singularis,
1375 3031 1561 3110 propriaque
1576 3032 1649 3095 novi

879 3120 1077 3195 Testamenti,
1095 3120 1209 3181 Christi
1222 3121 1349 3183 demum
1365 3124 1475 3184 merito
1496 3142 1532 3185 se
1552 3125 1648 3188 hene·

881 3212 951 3274 lioio
964 3212 997 3273 iu
1011 3211 1215 3275 Christianam
1229 3219 1275 3275 est
1285 3214 1450 3277 Ecclesium
1460 3215 1647 3296 importata:

882 3312 917 3366 ut
930 3322 995 3363 non
1009 3304 1162 3366 atreidenti
1175 3304 1277 3383 aliqua
1287 3306 1445 3384 qualitate,
1456 3308 1506 3369 vel
1519 3312 1649 3374 omuino

881 3403 984 3457 ereata
1006 3416 1039 3457 re
1061 3396 1137 3471 sola,
1153 3397 1238 3459 velut
1259 3398 1368 3471 torma,
1386 3401 1494 3473 saneti,
1509 3409 1541 3461 et
1553 3404 1649 3484 artop-

881 3489 936 3549 tivi
964 3488 1017 3549 Dei
1044 3487 1097 3549 filii
1122 3488 1264 3549 homines
1287 3488 1399 3551 fierent
1419 3492 1495 3553 :sed
1517 3493 1649 3572 ipsemet

881 3576 1132 3657 expliestanohis
1140 3576 1312 3652 divinitate,
1324 3598 1359 3640 se
1371 3581 1647 3659 personainoreuti,

881 3689 917 3731 ne
941 3669 1080 3749 primarii
1105 3669 1190 3742 doni,
1205 3671 1258 3748 qui
1286 3675 1333 3730 est
1360 3672 1493 3750 Spiritus
1513 3681 1648 3737 sanetus.

882 3765 979 3837 Quem
995 3761 1122 3840 quidem
1135 3761 1230 3838 vrrlgr·
1249 3763 1283 3823 in
1303 3762 1521 3843 theologorum
1540 3768 1652 3829 scholis

882 3856 1039 3922 traditam,
1051 3861 1083 3915 et
1105 3872 1163 3915 usu
1186 3859 1341 3933 receptam
1360 3857 1555 3935 opinionem,
1568 3860 1652 3939 opud

883 3946 1216 4025 Germanorumque
1233 3948 1337 4009 Patres
1354 3950 1466 4027 passim
1478 3970 1650 4027 ooeurrere,

883 4040 997 4103 crebris
1008 4039 1133 4101 illorum
1147 4044 1179 4099 et
1188 4039 1337 4117 expressis
1358 4041 1537 4103 testimoniis
1559 4045 1653 4107 fidem

882 4133 1011 4194 ferimus
1030 4132 1064 4191 in
1087 4137 1194 4191 oetaeo
1209 4129 1244 4190 de
1265 4131 1410 4209 Iiinitote
1426 4132 1506 4194 libro
1522 4132 1543 4195 ³:
1560 4154 1654 4214 quem

84 4236 245 4311 pensatione
269 4232 451 4305 videbatur;
479 4234 586 4290 tumen
613 4228 714 4291 omnis
734 4228 768 4289 in
796 4248 832 4289 eo
884 4229 1023 4287 ooonrate
1045 4222 1191 4297 relegere,
1207 4224 1342 4283 mullum
1364 4224 1524 4303 proesentis
1546 4226 1653 4306 dispu-

84 4323 227 4400 plenitudo
256 4322 426 4385 divinitatis
461 4320 629 4388 habitavit,
664 4320 836 4380 seeundum
885 4316 1010 4377 tutionis
1026 4315 1157 4377 intersit.
1173 4313 1251 4375 Hine
1264 4315 1348 4376 enim
1364 4316 1653 4399 eliis-itur,idipsum

85 4415 216 4478 unitionis
242 4417 427 4477 modum⁶.u
462 4415 508 4473 Ex
530 4431 592 4493 qno
619 4412 735 4473 iactum
761 4411 836 4473 illud
886 4407 999 4490 potiori
1012 4407 1051 4468 de
1064 4406 1184 4468 Christo
1194 4406 1267 4485 jure
1289 4408 1555 4489 pronuntiandum
1576 4429 1654 4490 esse,

85 4505 227 4585 observem
244 4505 485 4587 utvelejusipso
496 4523 578 4576 euro,
591 4505 654 4565 vim
666 4504 836 4582 quamdam
881 4500 1001 4579 justum
1016 4516 1089 4560 eum
1111 4517 1147 4559 se
1165 4505 1306 4561 sanetum
1330 4499 1467 4562 increato
1483 4502 1654 4581 sanctitate,

85 4593 251 4673 henoticum,
261 4605 293 4663 et
306 4597 527 4678 sospitatricem
543 4597 708 4668 obtineret,
723 4596 836 4656 aceolo
885 4592 945 4655 hoo
958 4597 1004 4657 est
1017 4591 1182 4655 divinitate
1200 4590 1305 4655 luisse.
1328 4591 1389 4653 Sed
1411 4593 1470 4655 hoo
1492 4611 1654 4671 areanum,

85 4696 210 4753 malado
221 4693 386 4754 sanitatem
398 4688 499 4768 agris,
515 4687 647 4750 mortuis
659 4688 755 4749 ritem
768 4687 838 4747 red·
886 4703 921 4746 se
947 4683 1135 4763 stupendum
1162 4682 1379 4763 mysterium:
1406 4683 1499 4760 illud,
1528 4685 1654 4765 inquom

115 4869 256 4927 octusis.
279 4873 311 4926 tn
336 4871 373 4925 Is.
398 4874 466 4923 tom.
496 4867 530 4925 lt.
554 4864 650 4938 Ὧοπκρ
664 4859 707 4919 οὖν
721 4865 736 4919 ὁ
749 4864 837 4935 ἄνθραξ
889 4862 1014 4935 ὁρώμενος
1028 4861 1153 4932 ἅνθρωπος
1169 4859 1340 4932 οἰκονομικῶς,
1360 4859 1417 4915 ἀλλ’
1434 4856 1477 4917 οὖν
1492 4864 1556 4917 ἅπαν
1571 4865 1600 4920 τὸ
1614 4871 1657 4936 τῆς

88 4949 146 5014 tiles
159 4949 207 5007 issi
217 4956 248 5026 νῇ
258 4954 337 5025 piass-
353 4950 417 5017 πλὴν
432 4950 489 5013 ὅλος
506 4950 539 5003 δι’
553 4950 612 5003 ὅλον
628 4950 781 5022 propiorem:
795 4941 838 5002 τοῦ
887 4948 1001 5014 Οιότητος
1014 4943 1138 5016 πλήρωμα
1157 4942 1295 5014 κκτῴκηκεν
1318 4943 1342 4998 ἐν
1359 4944 1437 5019 αὐτῷ,
1456 4949 1520 5002 κατά
1533 4967 1571 5021 qs,
1583 4951 1655 5023 φημὶ,

87 5034 158 5104 mehe,
173 5038 213 5089 soi
226 5035 269 5103 riu
289 5036 366 5089 soros
384 5032 486 5105 δύναμίν
511 5052 548 5099 τε,
571 5033 613 5085 καὶ
638 5029 759 5104 ἰνίργνιαν
775 5030 836 5103 ἔχει·
889 5030 931 5084 τὀν
942 5033 984 5095 τῆς
999 5028 1108 5089 {udrosos
1122 5028 1223 5098 τρόπον.

87 5115 140 5168 md
150 5124 245 5184 tuoe,
259 5114 338 5191 οἶμαι,
349 5118 442 5188 τρόπον
457 5116 536 5171 νοοῖτ’
550 5117 579 5169 ἂν
596 5114 695 5177 εἰκότως
712 5114 751 5168 md
765 5113 839 5176 αὐτὸς
925 5113 941 5168 b
961 5114 1070 5167 Crustu.
1086 5109 1161 5165 idem
1183 5107 1232 5165 lib.
1249 5110 1271 5165 ΙΙ
1288 5116 1363 5167 dotti.
1380 5115 1493 5169 leesor.
1514 5113 1657 5179 Εἰσδεδνκδς

89 5194 266 5273 &motusipse
290 5202 389 5270 Ἰησοῦς
412 5200 426 5253 d
455 5200 568 5271 Χριστός.
590 5199 676 5270 γέγονε
688 5197 735 5269 γὰρ
749 5197 839 5269 siquid
887 5194 934 5269 γὰρ
948 5193 1061 5264 τῷξῦλῳ
1074 5192 1104 5247 τὸ
1116 5197 1176 5263 πῦρ,
1191 5190 1224 5255 εἰς
1238 5190 1330 5247 οἰκείαν
1342 5193 1402 5248 oiri>
1419 5200 1589 5270 μεταστονχινῐ
1599 5202 1655 5271 τρο·

89 5278 161 5351 λόγος,
171 5284 210 5338 καὶ
225 5283 356 5353 ἐσκήνωσεν
371 5281 395 5336 ἓν
409 5281 477 5355 ἡμῖν.
500 5280 558 5334 ἀλλ’
572 5280 645 5334 εἶκαὶ
658 5277 687 5349 ἦν
705 5279 758 5333 καθ’
774 5279 839 5352 ἡμᾶς
888 5297 935 5333 κον
943 5276 998 5330 τινὰ
1006 5278 1079 5343 δόξαν
1091 5294 1128 5341 τι,
1142 5276 1184 5329 καὶ
1193 5275 1306 5348 δύναμιν,
1316 5276 1534 5353 καῐοοιτοτηρηκος
1546 5279 1654 5353 impie.

113 5442 181 5501 lep
195 5455 243 5501 rur,
254 5458 294 5491 sur
305 5452 327 5493 st
339 5457 384 5498 nr,
395 5445 457 5492 illud
469 5457 518 5502 esp.
533 5457 548 5491 ι.
557 5445 604 5490 -i
616 5445 661 5491 tta.
676 5457 707 5497 νν,
719 5445 740 5488 a
750 5444 796 5488 -8
807 5442 861 5501 esp.
871 5453 923 5497 snt.
933 5442 1009 5505 §iu-
1020 5440 1034 5489 t
1045 5440 1098 5499 Gap.
1109 5452 1139 5499 tv,
1149 5448 1192 5487 ret
1202 5453 1234 5497 rr,
1248 5442 1271 5491 t.
