4076 6180
556 351 606 409 DE
626 351 931 420 lNCARNATIONE,
953 352 1027 412 tta.
1050 351 1132 427 xtlt,
1154 350 1241 412 CAP.
1262 352 1337 413 XII.

158 527 192 570 ιιι
204 529 241 572 ea
255 530 354 573 causae
369 531 433 574 suae
446 514 679 581 firmamentum
693 516 869 591 coustituit,
891 524 927 578 ut

160 609 190 664 ct
216 606 383 666 Armacani
410 608 522 668 caeteri.
549 608 610 667 Sed
631 626 762 675 cassum,
788 608 927 670 uolatile

1 705 128 766 enimam
160 697 216 758 sibi
256 699 435 776 presidium
466 700 627 771 advocant,
662 718 796 779 vereque
829 706 925 779 συιιιιηι

0 785 1 792 '
22 768 122 855 cciii*
161 797 312 870 ὲπιιιιιιριαι,
326 792 380 869 qui
390 792 473 852 illius
484 794 663 853 alletoritate
679 793 832 852 nituntur.
848 795 926 854 Nam

160 900 262 960 neque
284 884 430 961 ponderis
444 885 538 944 ullius
558 885 684 964 epistola
706 890 751 945 est
764 886 839 960 ista;
856 887 926 947 etsi

160 974 233 1052 quid
245 976 489 1036 Armacanorum
498 977 752 1055 sectamadjuvat,
763 994 799 1037 eo
807 978 926 1056 ipsovel

160 1066 302 1127 eamdem
322 1069 433 1128 evertit
446 1069 542 1143 illam,
569 1071 618 1129 vel
637 1070 817 1148 sibimetipsi
832 1070 926 1130 fidem

162 1175 288 1219 ornnem
302 1160 451 1221 detrabit:
464 1181 498 1221 ac
512 1168 666 1240 postremo
681 1162 706 1221 si
719 1161 878 1239 legitimus
892 1181 926 1222 ac

161 1251 304 1329 proprius
327 1254 462 1332 epistolae
489 1254 577 1314 istius
604 1272 710 1315 sensus
733 1254 924 1327 adhibeatur,

138 1346 233 1403 ⁴novi
255 1345 407 1422 dogmatis
425 1351 571 1425 patronos
598 1346 694 1405 nihilo
717 1346 928 1407 instructiores

159 1433 250 1496 lacit:
266 1438 330 1497 iuro
350 1455 459 1498 eorum
482 1438 585 1518 potius
605 1438 776 1499 rationibus
796 1438 924 1499 obsistit.

161 1529 233 1588 Haec
248 1529 307 1588 tria
321 1536 433 1608 preater
452 1531 576 1590 illorum
604 1537 752 1606 mentem,
765 1550 837 1591 vcra
861 1549 926 1591 ccr-

162 1626 253 1699 taque
265 1640 329 1682 esse
343 1624 524 1702 priusquam
536 1623 657 1702 colligo,
677 1640 832 1683 summam
846 1624 925 1702 epis-

160 1713 231 1773 tole
245 1715 339 1773 totius
366 1735 530 1795 exponam.
557 1718 634 1775 Cum
661 1717 699 1775 ad
718 1716 926 1776 ordinandum

160 1807 292 1866 AEneam
320 1807 536 1869 Parisiensium
550 1810 729 1888 episcopum
756 1814 926 1868 conventus

160 1903 238 1957 esset
253 1899 468 1979 episcoporum
486 1901 583 1961 iactus
605 1920 642 1961 ex
665 1919 821 1960 canonum
844 1919 923 1979 prrae-

159 1988 360 2069 scripto¹,qui
371 1993 548 2072 episcopum
557 1995 594 2052 ab
605 1993 924 2071 omuibusproviuciae

158 2083 305 2159 epscopis,
321 2085 423 2162 quoad
446 2085 514 2145 fieri
534 2090 645 2164 potest,
670 2085 806 2145 ordinari
821 2086 926 2163 praeci-

156 2172 262 2250 piunt;
278 2181 334 2236 aut
346 2177 371 2236 si
385 2177 507 2238 difficile
521 2178 551 2237 id
573 2183 619 2238 est
640 2177 733 2255 factu,
753 2177 861 2237 saltem
875 2178 923 2253 iis,

85 2318 94 2327 .
158 2265 212 2342 qui
226 2266 330 2328 adesse
344 2277 514 2348 nequeunt,
532 2288 587 2349 per
607 2270 719 2348 scripta
730 2270 925 2330 consentien-

157 2356 251 2429 tibus,
279 2361 464 2423 Prudentius
486 2363 655 2435 Troesmis,
685 2363 738 2441 qui
757 2362 814 2421 sub
832 2364 926 2422 Seno

158 2451 247 2511 nensi
274 2453 520 2534 Metropolitum,
548 2462 582 2515 ut
596 2462 627 2515 et
641 2455 823 2515 Parisiensis
837 2456 922 2533 olim,

159 2544 352 2618 censebatur,
379 2566 450 2607 cum
472 2566 527 2626 per
544 2547 755 2608 valetudinem
780 2548 925 2608 interesse

158 2654 224 2695 non
238 2644 357 2715 posset;
381 2640 524 2701 missaad
545 2640 741 2701 Wenilonem
764 2641 923 2702 Sunonen-

158 2745 223 2788 sem
239 2747 295 2808 per
311 2730 442 2791 eeclesiae
465 2751 529 2792 suae
551 2732 766 2811 presbyterum
786 2734 924 2812 epistola,

159 2820 242 2882 illius
252 2824 438 2883 ordinationi
458 2824 644 2902 suffragatus
657 2831 713 2900 est,
733 2825 786 2885 sed
796 2844 832 2885 ea
845 2827 924 2904 lege,

159 2921 196 2974 ut
223 2922 254 2976 et
280 2918 497 2977 Romanorum
531 2917 712 2994 pontificum
741 2917 926 2994 lnnoccntii,

159 3008 285 3084 Zosimi,
314 3027 349 3069 ac
383 3016 592 3069 ceterorum:
622 3027 769 3068 necnon
806 3010 925 3085 Hilarii,

161 3100 326 3175 Ambrosii,
352 3102 527 3178 Augustini,
551 3101 746 3179 aliorumque
764 3102 928 3163 catholico-

161 3214 232 3257 rum
262 3195 391 3274 scriptis,
416 3213 451 3254 ac
479 3194 567 3253 dictis
601 3193 821 3254 assentiretur:
852 3218 863 3250 ι
894 3216 929 3256 ac

160 3287 333 3367 specialiter
359 3306 452 3365 super
479 3292 613 3365 quatuor
638 3286 788 3364 capitulis,
818 3289 929 3366 quibus

162 3383 264 3443 omnis
277 3381 408 3441 Ecclesia
423 3379 574 3439 catholica
587 3380 733 3439 adversus
757 3380 927 3456 Pelagium,

161 3476 288 3554 ejusque
302 3476 453 3533 haereseos
471 3490 628 3549 sequaces,
652 3472 813 3550 pugnavit,
833 3492 867 3532 ae
883 3473 928 3531 vi-

162 3568 213 3627 cit.
230 3589 245 3623 ιι
263 3567 381 3625 Ηοιιιιιι
396 3564 535 3642 capitum
557 3563 693 3641 primum
714 3568 759 3621 est
779 3563 816 3623 de
831 3564 930 3625 libero

162 3659 301 3730 arbitrio,
322 3680 336 3713 a
352 3657 433 3736 quod
449 3657 481 3715 in
505 3656 605 3715 Adam
619 3655 730 3714 merito
750 3655 931 3716 inobedien-

163 3754 215 3812 tie
229 3752 388 3824 amissum,
415 3767 470 3827 per
485 3748 641 3808 Christum
655 3747 821 3820 redditum,
838 3755 930 3828 atque

162 3844 328 3905 liberatum
343 3850 408 3903 est:
429 3842 472 3900 ita
486 3847 600 3915 tamen,
614 3847 649 3900 ut
667 3840 705 3899 ad
729 3858 822 3899 omne
853 3860 931 3920 opus

162 3937 281 3997 bonum
306 3937 369 3996 sive
391 3933 600 4012 cogitandum,
623 3933 685 3991 sive
708 3932 929 4007 inchoandum,

163 4049 199 4090 ac
213 4033 444 4109 perseveranter
459 4025 739 4085 consummandum
758 4025 812 4083 Dei
833 4028 932 4101 gratia

164 4140 287 4201 semper
306 4119 511 4197 indigeamus.
537 4140 552 4174 ιι
576 4117 755 4176 Secundum
784 4121 839 4189 est,
859 4138 874 4173 u
898 4123 932 4176 ut

109 4260 113 4265 -
165 4215 218 4274 Dei
234 4211 454 4289 omnipotentis
474 4209 633 4283 altissimo,
645 4215 821 4286 secretoque
836 4211 934 4268 consi-

165 4305 207 4366 lio
217 4304 331 4373 credat,
355 4302 602 4380 aspiceretur,
619 4300 769 4379 quosdam
792 4300 846 4359 Dei
861 4319 931 4377 grar-

165 4398 245 4457 tuita
268 4384 479 4456 misericordia
499 4398 570 4452 ente
594 4392 700 4451 omnia
727 4391 838 4451 saecula
852 4411 931 4470 prae-

166 4486 379 4550 destinatosad
394 4486 489 4545 vitam
499 4505 506 4559 ;
518 4484 668 4562 quosdam
678 4483 933 4562 imperscrutabili

166 4581 284 4658 justitia
297 4578 530 4659 predestinatos
547 4576 586 4635 ad
600 4594 766 4655 pestremo
793 4577 933 4635 'tertium

166 4680 223 4746 cst,
242 4695 258 4730 a
270 4680 306 4732 ut
318 4671 432 4745 credat,
452 4675 484 4729 et
506 4669 688 4729 confiteatur
701 4687 772 4727 curn
787 4668 935 4728 omnibus

166 4761 933 4839 Catholicis,senguinemDomininostriJcsquri-

167 4857 207 4919 sti
225 4876 281 4936 pro
296 4854 441 4914 omnibus
458 4852 637 4913 hominibus
647 4870 685 4912 ex
699 4858 763 4911 toto
774 4855 891 4913 mundo
901 4854 935 4912 in

168 4967 241 5010 eum
251 4947 446 5009 credentibus
459 4946 563 5005 fusum
576 4964 584 5019 3
600 4962 664 5003 non
677 4951 780 5004 autem
793 4963 848 5020 pro
863 4945 933 5015 illis,

169 5043 222 5120 qui
234 5057 396 5118 nunquam
407 5038 519 5098 ineum
530 5036 746 5110 crediderunt,
764 5054 819 5095 uec
832 5036 937 5097 hodie-

169 5151 231 5212 que
244 5131 385 5203 creduut,
412 5146 636 5207 nimquamque
650 5127 796 5188 credituri
809 5133 891 5190 suut.
917 5150 932 5186 ιι

170 5225 333 5297 Quartam,
368 5227 442 5281 etit
474 5219 588 5293 credat,
614 5224 707 5297 atque
741 5218 934 5296 confiteatur,

172 5318 270 5377 Deum
309 5315 554 5393 omnipotentem
581 5328 699 5386 omnes,
725 5328 936 5392 quoscumque

1647 337 1650 343 ’
1684 345 1743 406 693

975 516 1053 592 vult,
1066 516 1203 578 salvare:
1220 523 1251 577 et
1260 518 1418 578 neminem
1438 535 1528 597 posse
1540 515 1650 577 salvari
1664 513 1741 573 ulla-

976 615 1075 681 tenus,
1093 609 1153 668 nisi
1168 628 1262 688 quem
1279 611 1344 689 ipse
1361 609 1544 678 salvaverit,
1564 624 1671 667 omncs
1686 624 1742 665 au-

976 705 1039 761 tem
1054 702 1175 776 salvari,
1192 720 1403 781 quoscumque
1417 703 1483 780 ipse
1507 701 1622 760 salvare
1635 698 1741 758 volue-

975 793 1026 852 rit.
1047 793 1090 853 Ae
1111 812 1166 873 per
1193 795 1251 855 boe
1278 795 1465 873 quicumque
1483 811 1548 852 non
1572 791 1740 865 salvantur,

976 887 1100 968 penitus
1114 905 1177 947 non
1201 905 1265 947 esse
1278 887 1445 947 voluntatis
1461 886 1545 945 illius
1566 889 1600 942 ut
1623 883 1741 943 salven-

975 985 1038 1040 tur.
1058 1002 1069 1037 ι
1103 981 1174 1039 Haec
1203 980 1228 1039 si
1252 1002 1266 1035 a
1285 979 1461 1039 confitendo
1487 976 1690 1051 subscribere,
1712 980 1743 1035 et

975 1071 1196 1132 subscribendo
1210 1071 1350 1131 confiteri
1373 1070 1515 1140 voluerit,
1532 1068 1597 1146 ejus
1620 1086 1670 1128 me
1695 1086 1743 1127 or-

976 1164 1139 1239 dinationi,
1155 1163 1199 1224 ait
1213 1164 1407 1237 Prudentius,
1424 1167 1666 1223 consentaneum
1676 1178 1742 1220 esse

976 1257 1142 1335 profiteor:
1158 1257 1206 1316 sin
1219 1257 1303 1327 alias,
1319 1274 1444 1336 prorsus
1461 1272 1563 1332 neque
1580 1252 1740 1323 assentior,

976 1346 1738 1427 nequefidelibusChristiassentiendumsuadeo.s

978 1443 1023 1501 Ad
1044 1441 1110 1500 baec
1133 1441 1367 1519 triumphatae
1390 1441 1481 1517 gestit
1496 1441 1741 1498 Armacanorum

977 1533 1081 1607 natio;
1107 1539 1137 1593 et
1158 1533 1239 1593 inter
1265 1533 1322 1593 bos
1350 1531 1543 1593 Fromcndus
1564 1531 1668 1600 Lenis,
1689 1530 1742 1607 qui

975 1625 1049 1685 binc
1061 1625 1307 1686 animadvertere
1329 1644 1385 1684 nos
1404 1614 1505 1702 jubet,
1533 1645 1548 1679 «
1573 1622 1660 1700 cujus
1674 1622 1742 1682 doc·

976 1719 1068 1777 trinae
1082 1724 1241 1797 praeeunte
1259 1718 1463 1797 jurejurando
1487 1714 1692 1795 initiariolim
1708 1715 1740 1774 iu

977 1810 1075 1870 Gallia
1088 1810 1222 1870 solerent
1236 1811 1380 1889 episcopi.
1395 1830 1410 1865 ιι

1019 1904 1127 1962 Petrus
1138 1904 1214 1963 item
1231 1903 1383 1977 Aurelius,
1398 1903 1452 1981 qui
1465 1902 1518 1962 illa
1539 1902 1605 1980 ipsa
1623 1919 1743 1961 verreria

977 1995 1124 2056 doctrinae
1134 1996 1254 2071 iisdem,
1271 1996 1383 2074 quibus
1404 1994 1607 2063 Fromondus,
1623 2012 1661 2053 ex
1674 1993 1741 2053 fon-

978 2087 1060 2147 tibus
1077 2087 1189 2147 hausta
1202 2087 1387 2166 propinavit,
1409 2087 1559 2147 attritionis
1574 2086 1656 2145 illius
1670 2105 1741 2145 cau-

977 2197 1043 2239 sam
1073 2179 1247 2257 hujusmodi
1276 2179 1391 2254 refert,
1422 2202 1436 2236 u
1468 2180 1545 2239 Nam
1569 2179 1650 2256 quod
1676 2177 1742 2238 bace

977 2272 1116 2332 doctriua
1144 2271 1330 2350 quibusdam
1352 2280 1391 2331 ex
1417 2270 1576 2331 occasione
1600 2288 1742 2330 errorum

977 2364 1164 2424 Gothescalci
1180 2369 1247 2422 tum
1257 2363 1404 2442 temporis
1418 2363 1450 2421 iu
1464 2362 1595 2422 dubium
1618 2380 1742 2422 votare·

974 2456 1050 2529 tur²,
1073 2458 1121 2537 [dc
1135 2456 1298 2534 Augustini
1311 2454 1607 2534 doctrinaloquitur]
1628 2455 1745 2533 profes-

975 2550 1093 2610 sionem
1108 2549 1173 2627 cjus
1194 2549 1233 2609 ab
1246 2549 1403 2622 omnibus,
1413 2548 1570 2626 precipue
1582 2547 1742 2626 episcopis,

977 2642 1160 2721 exigendam
1183 2641 1319 2720 putavit:
1335 2642 1406 2719 quia
1425 2657 1533 2699 carrun
1552 2639 1744 2718 potissimum

977 2735 1188 2794 doctrinarum
1216 2733 1364 2793 confessio
1379 2733 1412 2791 in
1440 2732 1575 2791 Ecclesia
1597 2731 1744 2808 postulari

978 2827 1064 2896 solet,
1101 2845 1171 2905 quae
1194 2830 1360 2905 postquam
1376 2824 1415 2883 ab
1446 2824 1590 2883 universa
1613 2823 1744 2883 Ecclesia

978 2918 1107 2996 probata
1125 2918 1262 2987 fuerunt,
1295 2923 1401 2996 postea
1427 2924 1531 2977 tamen
1554 2933 1670 2989 errore,
1691 2933 1745 2975 scu

977 3011 1268 3070 inscitiahominum
1279 3010 1310 3069 in
1320 3009 1560 3069 controversiam
1574 3007 1741 3067 redeunt.»

1016 3104 1054 3161 V.
1071 3104 1170 3175 Quam
1184 3103 1247 3162 hac
1264 3119 1352 3171 vana,
1379 3107 1410 3161 et
1433 3098 1645 3159 commentitia
1668 3099 1741 3167 sint,

978 3194 1153 3255 evidentius
1165 3194 1296 3271 intelligi
1309 3194 1432 3272 poterit,
1455 3208 1526 3251 curn
1547 3191 1585 3250 de
1607 3192 1744 3251 Pruden-

977 3287 1020 3346 tio
1034 3287 1087 3346 illo
1106 3286 1278 3347 Tricassiuo
1297 3286 1440 3365 quaedam
1464 3302 1501 3344 cx
1522 3283 1650 3343 historia
1678 3303 1746 3363 per·

978 3379 1141 3439 strinxere.

984 3527 986 3530 .
1018 3470 1152 3530 Annales
1171 3470 1360 3528 Francorum
1374 3469 1627 3530 exvaristissimo
1641 3470 1745 3529 codice
1776 3486 1904 3551 cqnnpoat

979 3562 1158 3623 monasterii
1183 3562 1214 3621 S.
1237 3561 1356 3621 Bertini
1370 3561 1444 3620 editi
1457 3562 1496 3621 ad
1510 3578 1629 3620 anuum
1651 3560 1742 3637 861³3
1796 3541 1891 3641 ',¹,{„',','⁰

979 3654 1045 3714 haec
1058 3654 1254 3714 adscribunt:
1272 3678 1285 3705 α
1302 3654 1433 3714 Galindo
1449 3659 1654 3729 cognomento
1670 3656 1746 3713 Pru-

980 3747 1113 3820 dentius,
1138 3746 1318 3807 Tricassinar
1347 3747 1478 3806 civitatis
1501 3746 1671 3825 episcopus,
1698 3765 1748 3806 na·

980 3839 1065 3897 tione
1081 3839 1234 3916 Hispanus
1246 3839 1385 3916 adprime
1406 3839 1516 3898 litteris
1528 3840 1678 3913 cruditus,
1695 3839 1747 3917 qui

980 3937 1052 3990 ante
1066 3930 1184 4008 aliquot
1211 3949 1307 3990 arrnos
1329 3931 1524 3991 Gotbescalco
1551 3932 1749 3992 Praedestina-

980 4024 1065 4081 bano
1089 4023 1256 4097 restiterat;
1274 4029 1342 4101 post
1360 4023 1429 4083 selle
1453 4029 1626 4083 ‹ammotus
1644 4030 1749 4085 eontra
1781 4040 1786 4048 ·

981 4115 1130 4193 quosdam
1146 4113 1305 4193 episcopos
1322 4132 1424 4174 secum
1448 4114 1591 4175 haeretico
1606 4116 1748 4178 resisten-

983 4213 1039 4278 tes,
1056 4207 1152 4285 ipsius
1166 4207 1292 4266 laceresis
1305 4206 1446 4266 defensor
1461 4208 1629 4267 acerrimus
1643 4228 1649 4267 :
1662 4208 1748 4268 indc-

982 4319 1043 4378 quc
1054 4319 1120 4359 ιιοιι
1133 4300 1252 4359 modica
1268 4300 1348 4359 iuter
1362 4314 1394 4359 se
1408 4300 1538 4371 diversa,
1556 4306 1586 4359 ct
1605 4300 1677 4359 lidei
1692 4302 1748 4360 ad-

983 4410 1067 4451 versa
1074 4392 1249 4470 scriptitans
1269 4392 1411 4451 moritur.
1425 4392 1537 4471 Sicque
1549 4393 1620 4474 licet
1630 4393 1750 4452 diutino

982 4484 1132 4562 languore
1145 4484 1334 4561 latigaretur,
1352 4489 1387 4543 ut
1401 4484 1533 4559 vivendi,
1561 4485 1604 4544 ita
1627 4490 1658 4545 et
1678 4486 1751 4545 scri·

983 4577 1076 4636 bendi
1099 4576 1194 4636 linem
1220 4576 1330 4635 fecit.»
1358 4578 1572 4636 Consentanea
1600 4577 1753 4638 istasunt

984 4670 1031 4744 iis,
1047 4688 1117 4747 quae
1142 4669 1245 4728 scribit
1261 4669 1447 4728 Hincmarus
1468 4669 1500 4729 in
1516 4668 1595 4729 libro
1609 4669 1644 4729 de
1664 4670 1751 4730 Prae·
1831 4660 1836 4677 '

983 4760 1187 4832 destinatione,
1200 4761 1297 4838 capite
1307 4777 1377 4832 ιιι,
1392 4760 1445 4820 ubi
1460 4761 1498 4820 dc
1512 4762 1602 4822 tertio
1617 4763 1752 4841 capitulo

986 4853 1207 4914 Carisianensis
1225 4852 1336 4931 synodi
1358 4853 1529 4931 disputans,
1554 4854 1636 4932 quod
1651 4860 1697 4914 est
1715 4856 1754 4915 de

985 4945 1082 5005 libero
1109 4944 1255 5019 arbitrio;
1286 4943 1328 5004 ita
1354 4944 1444 5004 dicit:
1480 4967 1494 5003 a
1522 4946 1575 5005 Cui
1605 4945 1751 5025 capitulo,

987 5054 1056 5097 cum
1070 5036 1138 5096 aliis
1152 5036 1263 5110 trihus,
1288 5036 1326 5095 dc
1354 5036 1467 5114 quibus
1492 5038 1570 5097 ratio
1591 5038 1705 5116 agitur,
1718 5038 1752 5098 iu

986 5135 1143 5190 conventu
1169 5128 1384 5207 cpiscoporum
1409 5128 1542 5189 domnus
1577 5130 1755 5209 subscripsit

986 5220 1185 5281 Prudentius.
1215 5220 1322 5281 Postea
1354 5226 1458 5280 autern
1490 5221 1522 5280 in
1550 5222 1678 5300 ep'utola
1716 5222 1754 5281 ad

988 5311 1184 5372 Wenilouem
1209 5329 1302 5372 suum
1323 5311 1587 5392 archiepiscopum
1611 5314 1648 5374 de
1670 5312 1753 5374 ordi-

197 5520 208 5564 t
224 5519 271 5563 ne.
287 5528 308 5562 ιι
321 5527 343 5560 ei
357 5527 387 5559 ιι.
397 5516 446 5559 -t
460 5515 517 5560 Pau.
530 5517 584 5560 tur.
597 5516 635 5560 tib.
644 5517 724 5561 aaa
736 5527 799 5562 cera.
808 5517 889 5572 Spina.
906 5516 1066 5570 eo-srom.
1079 5515 1183 5569 ttt,tttst.
1194 5516 1275 5560 Prone.
1286 5515 1336 5558 -t
1348 5515 1410 5558 Tem.
1424 5515 1441 5565 t,
1451 5514 1514 5559 tttue¹
