3990 6130
277 322 334 385 ⁴82
785 319 1110 384 reeomoiooeulu
1136 320 1355 384 DOGMATUM

315 488 403 550 Idem
429 489 565 569 Gyrillus
599 489 634 549 iu
666 485 814 564 Sabellis,
842 485 941 568 capite
967 500 1039 548 xxv.
1088 484 1376 547 immutabilitatem
1399 485 1561 565 utrimque
1586 487 1706 547 nature
1726 489 1858 563 unaque

280 580 504 660 «iutelligitar
527 580 630 654 enim,
660 579 718 654 ait,
744 580 872 640 omnino
892 584 1043 658 tauquam
1091 579 1245 639 sententie
1259 572 1479 656 significaret&
1503 592 1516 637 ι

276 671 408 732 alterum
429 673 464 732 in
485 672 597 745 altero,
619 671 703 751 qrtod
719 670 888 747 inhabitat,
911 670 971 730 hoc
998 674 1045 730 eat
1132 668 1182 729 Sic
1198 668 1311 729 Paulus
1325 670 1486 730 Emisenm
1500 669 1663 747 episeopus
1678 667 1712 728 in
1731 660 1860 728 homilis

276 763 381 825 divina
389 764 422 825 in
431 764 625 825 humanitate
636 769 758 838 natura,
770 763 890 823 naham
901 778 1044 842 perpessa
1093 761 1228 839 quadam
1242 760 1436 822 Alexandria
1457 760 1540 821 dicta
1559 774 1663 821 coram
1677 758 1807 838 cyrillo,
1821 757 1860 819 de

277 856 536 929 commistionem,
547 856 597 917 vel
609 854 836 926 contusionem,
853 860 906 915 aut
919 870 1045 915 conver·
1093 852 1260 914 Nett'oitote
1273 852 1447 914 Soleotorie.
1460 853 1498 912 In
1509 866 1571 931 qua
1584 851 1678 912 verba
1687 851 1751 925 illa,
1763 848 1862 912 Hadi-

277 947 397 1009 aionem
424 947 459 1008 in
483 947 531 1023 id,
560 948 644 1026 quod
663 965 730 1007 non
754 952 830 1006 erat.
852 945 940 1020 Quod
960 946 1045 1007 enim
1095 944 1170 1005 teuit
1191 945 1224 1005 ι’νι
1243 944 1341 1019 nebia,
1356 944 1553 1025 superiorum
1574 942 1862 1023 interpretationem

276 1038 416 1101 hahitare
429 1041 463 1099 in
478 1039 576 1100 altero
590 1039 713 1115 dicitur,
729 1055 794 1098 non
807 1038 911 1116 ipsum
922 1038 958 1098 fit
972 1037 1044 1114 tale,
1094 1037 1138 1097 ait
1157 1054 1236 1097 esse.
1255 1037 1363 1111 «Quid
1377 1042 1424 1097 est
1436 1036 1522 1098 enim
1542 1034 1689 1097 habitavit
1709 1035 1742 1096 ι’νι
1758 1028 1863 1094 rudia?

277 1130 369 1209 quale
392 1131 507 1204 estid,
538 1132 573 1191 in
595 1149 658 1210 qao
676 1129 796 1191 habitat
818 1129 919 1208 :quin
944 1129 1046 1209 potina
1094 1129 1161 1190 Hoc
1184 1129 1284 1190 estin
1304 1134 1549 1191 naturanoatra.
1572 1126 1649 1190 Vide
1671 1126 1863 1189 utloannes

277 1222 411 1284 alienam
437 1222 620 1302 intelligitur
654 1221 689 1282 in
724 1221 833 1281 altero.
862 1222 900 1280 In
935 1225 1046 1281 natura
1095 1220 1516 1300 naturasduasproedicot,et
1529 1232 1629 1280 uuum
1643 1219 1755 1280 tilium.
1771 1216 1864 1279 Aliud

278 1332 370 1390 porro
385 1314 499 1387 Verbi,
514 1319 545 1375 et
558 1312 760 1374 humanitatis
773 1312 872 1373 solam
882 1311 972 1372 nobis
986 1311 1045 1372 dii·
1094 1317 1142 1374 est
1158 1313 1388 1388 habitaculum
1404 1310 1491 1374 aliud
1513 1311 1598 1391 quod
1619 1311 1758 1373 habitat:
1780 1309 1864 1371 aliud

277 1405 441 1466 larentiam
480 1406 620 1485 designat
652 1410 835 1465 naturarum
873 1405 1044 1465 diversitas.
1096 1409 1142 1464 est
1155 1404 1329 1484 templum,
1351 1404 1436 1465 aliud
1456 1403 1512 1483 qui
1531 1401 1688 1464 inhabitat
1707 1404 1862 1464 Daus‘.»

279 1499 366 1559 Unus
393 1499 478 1559 enim
503 1517 542 1559 ex
566 1496 709 1558 ambolus
735 1497 872 1558 Christus
896 1497 1046 1576 intelligi·
1095 1495 1195 1569 Quem
1213 1495 1318 1557 locum
1334 1496 1495 1557 Facundus
1507 1494 1614 1555 laudat
1628 1493 1708 1555 libro
1720 1493 1864 1574 septimo.

277 1596 365 1651 ture.
387 1611 403 1649 ι
1095 1587 1231 1666 Insignis
1251 1593 1297 1648 est
1316 1588 1351 1647 in
1372 1587 1481 1649 eadem
1499 1586 1687 1648 senteutiam
1698 1586 1866 1664 Theophy·

320 1682 401 1743 Vlll.
416 1683 510 1743 Hunc
523 1681 633 1761 cyrilli
646 1680 750 1742 locum
768 1679 863 1741 refert
883 1681 944 1742 Leo
964 1681 1048 1760 Papa
1095 1678 1167 1740 lacti
1184 1678 1274 1740 locas
1294 1679 1329 1739 in
1349 1679 1579 1740 commentariis
1599 1676 1639 1738 od
1664 1676 1867 1756 Ενσνιφσέιωνν
1988 1724 1989 1765 ,

278 1774 312 1835 in
337 1774 466 1854 epistola
481 1789 578 1846 xoru,
603 1773 702 1850 capite
717 1789 758 1834 11.
778 1789 836 1832 nec
857 1789 924 1831 non
945 1772 1046 1833 Thea·
1095 1770 1232 1832 leonata.
1259 1771 1371 1831 «Cum
1396 1770 1538 1847 superius
1562 1769 1713 1845 dixisset,
1741 1769 1867 1847 inquit,
1988 1774 1989 1839 t

280 1865 408 1926 doretus
433 1865 556 1945 dialogo
580 1864 716 1925 secundo
739 1882 746 1923 ι
768 1869 861 1942 atque
886 1880 926 1923 ex
946 1869 1044 1943 parte,
1103 1859 1229 1923 Verbum
1255 1880 1374 1923 comem
1400 1878 1457 1923 csse
1483 1863 1609 1942 sectam,
1632 1879 1672 1922 ne
1699 1860 1769 1940 quis
1789 1860 1870 1923 torte

278 1957 474 2036 Ephraimiua
511 1957 722 2019 Antiochenus
756 1954 936 2016 Patriarcha
964 1957 1048 2033 apud
1096 1958 1239 2032 putaret,
1266 1971 1365 2014 unam
1386 1954 1538 2014 duntaxat
1554 1958 1702 2013 naturam
1723 1952 1870 2031 deinceps
1988 1942 1989 2025 l

279 2049 435 2110 Photium.
461 2050 519 2122 Qut
532 2049 661 2128 quidem
672 2048 868 2127 liphraemiua
890 2046 923 2107 in
937 2047 1048 2109 eodem
1097 2062 1162 2106 esse
1183 2045 1350 2119 Christum,
1365 2045 1481 2106 idcirco
1499 2062 1575 2105 mox
1594 2044 1670 2105 illud
1691 2042 1828 2122 subjicit,
1843 2053 1870 2104 et
1988 2084 1989 2113 ,

277 2141 427 2222 Excerpte
442 2141 558 2218 Photil,
573 2142 696 2219 egregie
712 2140 786 2201 huic
800 2138 1047 2219 interpretationi
1097 2134 1241 2197 habitauit
1255 2137 1286 2197 ιἐι
1298 2135 1391 2209 nobis,
1406 2141 1443 2197 ut
1455 2140 1583 2197 naturas
1596 2135 1783 2210 ostenderet,
1798 2152 1871 2196 noa

278 2232 463 2309 suffragatur
479 2250 485 2291 :
502 2232 579 2294 dum
592 2231 755 2292 haereticos
769 2231 920 2311 quosdam
933 2230 1049 2291 refutat
1096 2236 1179 2289 tram
1204 2228 1359 2300 videlicet,
1382 2246 1418 2288 ao
1437 2227 1546 2289 Verbi.
1573 2227 1616 2288 Ut
1640 2227 1725 2288 enim
1741 2225 1871 2286 alterins
1988 2224 1989 2233 ’

278 2324 536 2386 Chalcedonensis
565 2323 791 2402 vituperatores
818 2321 930 2402 synodi
956 2341 964 2383 z
993 2322 1049 2400 qui
1097 2327 1219 2380 natura
1242 2325 1288 2380 est
1309 2318 1540 2393 habitaculum,
1562 2318 1690 2380 alterius
1709 2317 1736 2378 is
1755 2317 1812 2396 qui
1837 2317 1870 2378 in

277 2415 461 2493 evangeliea
470 2414 533 2490 illa,
544 2413 590 2475 Et
603 2411 745 2474 dubitavit
754 2412 886 2487 iacebis,
904 2430 940 2474 ao
955 2431 1048 2474 sensu
1096 2410 1150 2471 illo
1163 2410 1302 2472 habitati
1318 2412 1364 2471 lta
1376 2410 1619 2490 Verbum,quod
1628 2409 1662 2470 in
1675 2409 1766 2469 nobis
1777 2408 1870 2469 habi-
1988 2410 1989 2467 l

278 2506 467 2587 capiebant,
509 2522 606 2584 quem
650 2505 813 2584 plerosque
848 2504 913 2565 dixi
955 2505 1048 2566 malla
1096 2508 1162 2564 tare
1176 2502 1468 2578 dicitur,hocestin
1483 2508 1595 2564 natura
1608 2507 1723 2578 noema,
1738 2501 1870 2563 disemo

278 2597 464 2672 Catholicoa3
491 2602 527 2658 ut
547 2597 587 2656 sit
610 2596 711 2672 idem,
739 2596 823 2675 quod
848 2614 867 2656 a
894 2595 1050 2675 Propheta
1075 2594 1136 2657 ,ab
1150 2598 1257 2654 nostra
1269 2599 1389 2654 nature
1404 2611 1469 2655 essa
1490 2591 1651 2654 debet‘.»

278 2691 397 2751 dictum
410 2687 488 2751 est¹.
504 2688 540 2750 In
557 2692 638 2748 terro
654 2689 805 2763 virescet,
827 2696 935 2749 etmem
949 2686 1047 2748 tomi·
1136 2685 1252 2746 Auctor
1269 2684 1503 2764 opusculorum,
1524 2701 1595 2764 quse
1608 2683 1684 2745 falso
1697 2682 1870 2745 Athanasio
1988 2726 1989 2755 ,

277 2780 364 2842 αι’όινι
377 2788 558 2843 σοανενιοιιω
570 2786 611 2841 eat
628 2799 637 2841 ι
652 2801 669 2837 ν
687 2779 994 2859 quemadmodumet
1010 2780 1049 2840 da
1097 2776 1300 2853 tribuuntur,
1323 2781 1357 2838 et
1370 2776 1558 2838 Theodoreti
1579 2794 1645 2837 esse
1667 2775 1870 2837 medunturz

277 2875 356 2935 Loto
376 2873 527 2953 scriptum
544 2871 622 2949 est¹,
637 2872 752 2933 eumin
767 2890 825 2931 uno
839 2869 962 2931 croces
980 2870 1049 2947 fini·
1103 2866 1194 2941 «Qui
1210 2867 1296 2945 dixit,
1320 2865 1441 2928 Verbum
1461 2885 1531 2927 οαιν
1549 2865 1662 2945 [oetam
1682 2870 1735 2938 eat,
1751 2866 1869 2945 inquit,
1988 2850 1989 2931 ζ

277 2967 358 3027 timis
390 2963 544 3026 doliturae.
579 2965 684 3041 Item,
719 2960 869 3024 habitavit
896 2962 930 3024 in
957 2961 1050 3024 Sede
1096 2958 1322 3021 addiditetiam
1336 2959 1433 3033 istud,
1448 2965 1477 3019 et
1496 2956 1648 3019 habitavit
1671 2957 1702 3018 ι’νι
1723 2956 1817 3032 note,
1834 2963 1873 3018 ut

278 3054 367 3117 miri.
384 3057 450 3129 Qua
470 3055 583 3134 rejecta
610 3055 779 3126 sententie,
810 3054 929 3127 asserit,
958 3053 1049 3116 oilla
1097 3050 1233 3130 duplicia
1242 3050 1345 3111 stadm
1354 3049 1524 3129 significata
1532 3064 1742 3123 nosceremus,
1754 3064 1871 3128 nempe
1988 3062 1989 3101 ι

279 3148 390 3223 rerba,
413 3147 554 3226 proxime
577 3145 830 3207 antecedentibus
859 3145 1049 3207 declarandis
1096 3142 1246 3215 Verbum,
1261 3147 1291 3204 et
1304 3159 1448 3216 earnem
1463 3141 1495 3202 id
1507 3139 1730 3221 quodhabitat,
1741 3145 1773 3201 et
1783 3141 1872 3220 quod

279 3256 345 3301 essa
367 3237 543 3317 subjuncta,
572 3235 694 3298 Verbum
713 3255 782 3297 cero
802 3234 916 3315 [οντων
937 3243 996 3311 eat,·
1009 3236 1049 3297 ad
1096 3233 1273 3309 habitatur;
1301 3251 1338 3293 ac
1363 3246 1466 3312 nequo
1493 3232 1742 3309 mnrersionem,
1763 3249 1871 3312 nequo
1988 3244 1989 3269 ¹

279 3348 332 3396 eos
345 3328 587 3409 redarguendos,
609 3329 664 3408 qui
686 3328 918 3390 convemionem
938 3344 1050 3406 quam-
1098 3325 1325 3400 mutationem,
1340 3341 1398 3385 neo
1416 3323 1569 3402 ejusmodi
1581 3322 1743 3409 quippiam
1756 3322 1873 3385 intelli-

278 3425 376 3500 dam,
404 3427 436 3483 et
460 3420 669 3482 mutationem
703 3418 881 3498 objicerent.
924 3418 1049 3480 Etenim
1098 3434 1207 3494 gamus
1233 3416 1268 3477 in
1294 3420 1407 3477 natura
1429 3415 1484 3476 illa
1516 3414 1698 3476 mutationis
1728 3421 1870 3494 experte.
1988 3448 1989 3497 η

252 3533 352 3583 ,cum
376 3514 505 3576 dixisset
528 3511 736 3591 Evangeliata‚
758 3509 883 3571 Verbum
905 3527 973 3571 coro
985 3509 1050 3590 toc-
1098 3509 1178 3570 Nam
1203 3507 1319 3587 alioqui
1342 3507 1479 3579 diceret,
1506 3502 1725 3567 Hahltaculom
1751 3505 1874 3568 henim
1942 3562 1953 3585 ,
1988 3502 1989 3581 t

278 3615 340 3668 tom
354 3613 404 3681 eet,
416 3605 521 3665 statim
530 3603 683 3682 aeljunxit,
694 3601 741 3662 ot
750 3599 901 3661 habitavit
910 3601 1046 3671 innotis,
1097 3605 1157 3675 est3
1172 3617 1239 3660 non
1256 3604 1362 3659 autem
1374 3597 1524 3659 habitavit
1540 3597 1576 3658 in
1592 3597 1694 3674 nobis,
1710 3595 1736 3657 ai
1756 3602 1874 3660 natura
1988 3596 1989 3679 l

279 3705 315 3761 ut
334 3704 367 3760 et
379 3712 567 3759 condumum
587 3695 621 3755 in
639 3693 782 3754 eamdem
800 3692 1004 3772 hypostasim,
1018 3696 1051 3753 et
1096 3690 1164 3771 ipsa
1172 3690 1268 3752 Verbi
1278 3690 1312 3750 in
1321 3691 1421 3752 camb
1430 3694 1510 3751 esset
1521 3692 1641 3751 mutata
1656 3694 1869 3752 nataram·.a
1988 3682 1989 3765 ᾖ

279 3893 466 3967 μιτωιεχόιρηιιε
478 3889 559 3961 φόσιν,
573 3887 666 3960 τροπήν
677 3887 812 3959 {scopebat
825 3886 869 3954 τήν
887 3886 920 3950 εἰς
931 3889 991 3960 decep
1004 3887 1049 3942 oba
1096 3885 1229 3940 ὑπόστασιν
1239 3887 1343 3941 σύνοδον
1352 3887 1394 3941 καὶ
1403 3885 1433 3942 rb
1448 3884 1618 3958 ἂμιτόόλητον
1631 3882 1791 3958 δι’,ἑτατέρσς
1805 3883 1872 3939 baba·

277 3976 318 4048 ἢν·
334 3975 400 4030 αλλὰ
415 3973 477 4047 μετὰ
488 3977 533 4027 τοῦ
549 3971 657 4044 γενέσθαι
677 3970 731 4035 καθ’Υ
748 3969 822 4041 ἡμᾶς,
838 3971 970 4042 μεμένηκεν
987 3971 1047 4042 όπιρ
1096 3971 1193 4024 δάσκιον
1206 3973 1297 4040 φωνῆς.
1988 3974 1989 4035 ζ

278 4061 319 4133 ήν,
333 4060 465 4132 διατρσνοῖ
473 4054 546 4110 πάλιν
568 4054 597 4109 τό
610 4052 746 4121 ἐσκήνωσεν
768 4051 793 4106 έν
806 4054 877 4125 ἡμῖν,
901 4058 938 4126 τῷ
957 4053 1049 4125 πρώτην
1134 4067 1149 4107 o
1167 4051 1350 4107 Phuensium·
1372 4051 1396 4106 ΙΙ
1419 4051 1504 4107 Cone.
1524 4050 1555 4104 Τί
1574 4047 1649 4115 ἔστιν,
1674 4049 1689 4104 ό
1711 4050 1789 4122 λόγος
1810 4048 1873 4124 σὰρξ
1988 4100 1989 4125 φ

277 4142 461 4218 „mamam
1098 4132 1203 4206 ἐγένετο·
1219 4131 1354 4202 ἐσκήνωσεν
1369 4131 1393 4187 έν
1413 4134 1489 4206 ipim
1513 4133 1638 4235 τουτέστιν
1663 4128 1687 4186 έν
1709 4137 1739 4206 τῇ
1762 4133 1874 4206 ήμετέρᾳ
1988 4132 1989 4203 l

316 4244 337 4284 a
355 4219 787 4293 Ονιιιι.Νοεῖταιγόιρπόντωςόις
801 4217 919 4291 ἕτερονέν
935 4217 1050 4291 ἕτέριρτό
1097 4216 1176 4286 φύσει.
1190 4212 1288 4290 όρακαλ
1301 4215 1343 4270 τόν
1364 4210 1483 4284 Ἰωάννην
1498 4215 1541 4267 δυο
1557 4208 1814 4287 φόσειςιιηρνλττοντα,
1830 4217 1874 4269 καὶ
1988 4234 1989 4279 ;

279 4312 419 4374 κατοικοΰν,
433 4306 502 4361 τοῦτ’
516 4304 581 4358 ἔστιν
600 4303 615 4372 ἡ
633 4304 684 4356 θεία
699 4302 766 4373 φόσις
781 4300 805 4355 έν
820 4300 997 4373 ἀνθρωπότητι,
1009 4299 1050 4354 καλ
1098 4298 1142 4351 ἕνα
1154 4299 1218 4353 υἱόν.
1233 4300 1315 4370 ἕτερον
1329 4296 1415 4368 σκηνὴ,
1440 4299 1481 4351 καλ
1502 4298 1585 4370 ἕτερον
1605 4296 1636 4350 τό
1654 4302 1770 4366 σκηνοῦν.
1784 4297 1874 4370 ἕτερον

280 4388 308 4450 ob
323 4394 435 4448 παθοῦσα
448 4386 553 4461 φορμόν,
568 4386 583 4454 ἣ
599 4384 718 4458 nequeo
739 4404 802 4447 τινα,
823 4385 865 4437 καλ
893 4384 1048 4455 μετέπεσεν,
1098 4381 1166 4446 ναός,
1180 4381 1222 4435 καὶ
1236 4380 1319 4453 ἕτερον
1335 4379 1459 4434 όένοικῶν
1475 4379 1537 4442 θεὸς,
1988 4430 1989 4439 ,

279 4474 324 4545 τήν
348 4474 383 4537 εἰς
394 4474 454 4544 ὅπερ
472 4469 517 4523 oda
529 4467 569 4538 ήν.
593 4466 622 4522 ιδ
635 4466 683 4539 γὰρ
698 4462 799 4521 evocaris
814 4466 889 4538 έτέριρ
903 4466 1048 4537 λεγόμενον,
1133 4462 1156 4519 o
1173 4464 1296 4520 Tutore.
1318 4462 1353 4519 ad
1374 4476 1435 4534 cap.
1450 4474 1460 4518 1
1473 4466 1559 4519 loon,
1582 4458 1685 4530 Ἐπειδὴ
1709 4460 1772 4514 dea·
1789 4458 1872 4529 alm,

280 4560 325 4614 οὖν
335 4557 395 4611 αὐτό
406 4556 516 4627 γέγονεν,
527 4553 586 4623 ὅπερ
594 4546 645 4604 tati
658 4552 743 4615 τοῦτο,
751 4546 775 4602 έν
789 4544 812 4620 ᾧ
824 4549 941 4601 κατοικεῖ·
957 4548 1049 4602 νοεῖται
1098 4546 1136 4600 ότι
1152 4546 1167 4598 t
1182 4547 1257 4618 λόγος
1271 4545 1331 4618 σὰρξ
1346 4543 1451 4618 έγένιτο,
1465 4544 1508 4598 ἵνα
1522 4545 1556 4618 μή
1570 4562 1607 4607 τις
1629 4543 1752 4616 όιιολόόη,
1772 4545 1812 4599 ότι
1826 4547 1874 4617 μέν
1988 4564 1989 4569 ’

281 4643 307 4697 δὲ
322 4641 417 4714 μᾶλλον
427 4638 510 4708 ἕτερον
526 4633 550 4687 έν
562 4633 647 4706 ἑτέρῳ.
664 4631 688 4685 έν
703 4632 767 4704 δέγε
780 4638 811 4704 τῇ
825 4630 894 4702 φύσει
908 4634 951 4684 τοῦ
961 4630 1048 4701 λόγον,
1098 4629 1166 4699 φύσις
1184 4629 1271 4682 λοιπον
1290 4626 1386 4700 ἐγένετο
1409 4629 1423 4682 ό
1441 4628 1555 4700 Χριστός,
1573 4627 1615 4680 aa
1633 4632 1708 4681 rotro
1723 4625 1810 4698 Ιτόφει
1829 4628 1873 4693 τό,
1988 4626 1989 4631 ’

280 4725 321 4779 καὶ
342 4726 386 4790 τῆς
406 4720 600 4791 ἀνθρωτότητος,
623 4718 698 4788 μόνην
718 4714 777 4787 ἡμῖν
797 4714 910 4786 σημαίνει
931 4712 1048 4784 διαφορὰν
1098 4711 1233 4780 ἐσκήνωσεν
1255 4709 1280 4764 έν
1303 4710 1372 4782 ἡμῖν,
1400 4711 1443 4763 ἵνα
1457 4708 1520 4782 δείξῃ
1536 4708 1579 4770 τὰς
1602 4708 1646 4762 δύο
1665 4709 1756 4778 φόσιις,
1775 4709 1822 4776 τήν
1844 4730 1873 4764 τε

280 4814 332 4862 τῶν
354 4804 448 4877 φέσεων
471 4800 501 4854 τό
528 4801 653 4871 διάφορον·
678 4791 714 4860 εἷς
734 4795 782 4871 γὰρ
803 4795 827 4858 ἐξ
848 4796 938 4868 ἀμφοῖν
958 4798 1049 4849 νοεῖται
1097 4792 1229 4866 ἡμετέραν,
1243 4793 1284 4846 καὶ
1300 4793 1345 4860 τήν
1360 4797 1403 4848 τοῦ
1414 4793 1503 4865 λόγον,
1517 4792 1601 4863 ὥσπερ
1615 4790 1663 4863 γὰρ
1680 4790 1758 4859 ἄλλης
1773 4792 1873 4861 φόσεόις

281 4890 391 4963 χριστός·
1098 4873 1162 4930 ἔστιν
1176 4875 1192 4943 ᾖ
1207 4872 1293 4944 σκηνή,
1312 4874 1352 4928 καλ
1369 4875 1446 4943 ἄλλης
1460 4874 1474 4928 ό
1488 4877 1647 4940 κατασκηνῶν
1663 4868 1687 4926 έν
1709 4872 1781 4946 αὐτῇ·
1802 4874 1872 4927 οὕτω
1988 4872 1989 4877 ’

318 4972 335 5027 ό
353 4969 435 5038 Peior.
455 4963 532 5025 λῖντός
545 4963 575 5016 τό
589 4961 723 5030 ἐσκήνωσεν
738 4960 894 5025 ἀναπτύσσει,
917 4960 1048 5031 σαφήνειαν
1096 4958 1138 5012 καὶ
1151 4960 1165 5013 ό
1178 4960 1253 5031 λόγος
1261 4964 1385 5027 σκηνῶσαι
1400 4956 1423 5011 έν
1433 4957 1491 5029 ἡμῖν
1503 4957 1645 5029 λεγόμενος,
1656 4957 1782 5010 τουτέστιν
1797 4950 1823 5009 έν
1839 4962 1872 5032 τῇ

281 5049 344 5110 εἶναι
356 5056 410 5117 τοῦ,
425 5049 440 5103 ό
452 5050 527 5119 λόγος
540 5044 599 5118 σὰρξ
609 5043 715 5116 ἐγένετο,
726 5044 877 5116 καλέλεγχον
889 5050 939 5098 τῶν
955 5045 1048 5114 τροπήν
1096 5041 1202 5115 ἡμετέρᾳ
1211 5036 1289 5113 φήσει,
1304 5038 1381 5110 ἄλλης
1395 5043 1424 5093 ἂν
1440 5036 1477 5108 εἴη
1491 5040 1585 5111 φόσιως
1597 5032 1665 5110 caph
1677 5034 1721 5106 τήν
1732 5034 1869 5112 ἡμετέραν.

280 5157 346 5203 τινα,
360 5134 402 5189 καλ
421 5129 555 5186 ἀλλοίωσιν
577 5133 619 5182 τοῦ
637 5128 712 5198 λόγον
728 5128 868 5199 μελλόντων
891 5127 1045 5196 κατηγορεῖν.
1132 5127 1269 5182 ebrath.
1294 5120 1327 5177 ‘0
1340 5120 1388 5195 γὰρ
1411 5120 1484 5176 εἰπὼν
1499 5122 1538 5187 τό,
1560 5121 1575 5176 ό
1592 5116 1667 5192 λόγος
1684 5118 1744 5192 σλρξ
1760 5116 1869 5194 ἐγένετο,
1988 5126 1989 5129 ’

280 5222 328 5275 Καὶ
341 5219 387 5291 γὰρ
402 5214 476 5271 εἰκῶν
495 5211 509 5265 ό
529 5208 718 5282 Εὖαγγελιστής,
738 5209 752 5261 ό
770 5210 845 5280 λόγος
864 5206 924 5280 σὰρξ
940 5204 1046 5279 ἐγένετο,
1096 5207 1229 5279 προσέθηκε
1242 5207 1283 5259 καλ
1300 5206 1338 5269 τό,
1354 5204 1488 5272 ἐσκήνωσεν
1503 5202 1528 5258 ἐν
1541 5205 1611 5276 ἡμῖν,
1624 5200 1668 5257 ἵνα
1683 5203 1759 5257 tante
1771 5204 1870 5272 νοήσω·

280 5302 347 5365 ιῦόὶις
359 5298 450 5371 συνῆψε
462 5294 504 5349 καλ
523 5291 658 5360 ἐσκήνωσεν
673 5289 697 5344 ἐν
718 5290 789 5363 ἡμῖν,
803 5293 847 5359 τήν
861 5291 863 5294 ⁴
875 5309 903 5344 τε
928 5288 961 5352 εἰς
989 5290 1046 5363 μίαν
1097 5310 1141 5362 μεν
1165 5288 1252 5351 εὐθέως
1265 5289 1296 5342 τὰ
1312 5290 1490 5361 σημαινόμενα,
1507 5286 1549 5341 τὀν
1563 5287 1651 5359 λόγον,
1666 5284 1710 5352 τήν
1728 5286 1817 5358 σόρεσ,
1838 5286 1870 5341 τό

305 5477 317 5521 l
328 5471 425 5522 mmet,
440 5463 516 5521 nass
528 5461 579 5506 -i
592 5463 646 5509 deo.
656 5471 704 5512 xrn,
715 5426 747 5505 τό.
755 5483 783 5495 -
793 5461 868 5507 λόει.
879 5470 923 5511 ιιι,
933 5458 966 5502 lit.
