3936 6152
474 338 523 397 DE
543 338 846 417 rdcouuarlcuu,
868 342 938 404 Lllt.
964 344 1016 420 xi,
1040 346 1125 407 ΟΑΡ.
1149 347 1217 406 XII.
1248 392 1253 396 .
1580 340 1639 403 aaa

78 525 129 587 que
140 507 261 585 Spiritus
274 508 370 569 sancti
393 506 569 569 eventilavit
592 508 694 570 hrrfur
707 509 821 587 iniqui·
873 518 971 591 repta,
992 518 1023 573 et
1042 513 1193 575 abductus
1211 516 1270 575 Lot
1292 514 1402 585 fuerat,
1419 513 1583 573 decumam
1596 498 1641 564 illi

78 601 359 662 utisasacrosancta
373 608 624 683 carneconcepta
636 603 669 662 in
683 607 825 667 utero.et
874 606 1012 665 exomni
1032 606 1148 685 praeda,
1173 612 1203 666 et
1226 606 1382 667 manubiis
1407 604 1528 678 obtulit,
1551 604 1642 681 eiquo

78 696 109 756 de
120 698 200 754 utero
210 693 358 773 Virginis.
377 716 390 751 a
873 696 1072 758 Melchisedec
1088 698 1256 760 benedixit.
1284 700 1361 759 Cum
1381 704 1486 758 autem
1509 696 1584 757 Lari
1607 696 1641 754 in

16 834 32 867 „
110 792 196 871 liujus
205 790 250 852 rei
263 795 365 871 potest
377 789 551 851 hoecaifarri
564 788 824 850 ratiol’eocatum
872 787 988 850 lumbis
1003 791 1169 852 Abrahami
1184 793 1424 871 comprehensus
1438 790 1540 864 fuerit,
1558 789 1591 848 in
1603 806 1640 847 co

19 876 57 983 βξ
75 884 217 964 originale,
235 888 267 944 et
284 883 433 963 quidquid
456 900 494 945 ex
507 901 544 944 eo
558 883 637 957 uitii,
652 887 683 943 et
696 901 823 962 corrup·
872 881 987 960 pariter
1001 883 1182 945 decumatus
1198 884 1291 944 fuisse
1307 885 1440 955 videtur,
1458 897 1489 943 et
1499 880 1641 943 videlicet

16 993 30 1025 ¹·
76 980 132 1041 lelae
142 982 243 1039 manat
256 977 291 1036 in
304 995 441 1048 carnem,
463 994 519 1055 per
531 976 691 1036 traducem
703 975 823 1035 derina·
872 973 1088 1036 benedictione
1102 977 1243 1037 donatus
1262 978 1355 1056 Atqui
1366 977 1475 1055 major,
1492 981 1522 1036 at
1535 974 1639 1035 exeol-

73 1076 124 1144 tor,
150 1067 205 1128 boc
239 1072 286 1127 est
309 1084 365 1145 par
391 1065 584 1133 naturalem,
617 1065 822 1142 usitatamque
871 1065 985 1127 lentior
999 1072 1045 1127 est
1067 1069 1122 1147 qui
1148 1070 1293 1129 decumas
1315 1069 1435 1148 accipit,
1451 1066 1638 1128 athenedic-

73 1158 223 1240 generandi
235 1159 300 1219 rim
316 1176 352 1218 ao
364 1158 506 1232 modum,
521 1176 560 1218 ex
571 1157 676 1223 insita,
691 1161 722 1217 et
735 1156 822 1217 ordi·
871 1159 988 1220 tionem
1017 1160 1144 1233 confert,
1174 1181 1221 1234 eo,
1251 1162 1314 1241 qni'
1330 1163 1397 1222 illas
1422 1162 1485 1235 dat,
1509 1164 1539 1221 ot
1561 1161 1639 1218 lrauc

72 1251 298 1330 uanogigneudi
318 1251 433 1310 virtute
456 1249 641 1328 profectum.
661 1250 725 1308 Hoc
738 1247 822 1309 enim
872 1253 990 1330 accipit.
1029 1253 1128 1331 Igitur
1161 1255 1236 1314 Lori
1272 1254 1476 1315 sacerdotalis
1514 1257 1639 1312 anctore

71 1346 295 1418 alemannicae,
309 1342 435 1419 ejusque
450 1343 488 1413 ri,
506 1347 537 1402 et
551 1341 663 1420 agendi
683 1340 821 1401 facultati
871 1345 1002 1421 generis,
1019 1347 1215 1424 praestantior
1234 1346 1292 1407 fuit
1314 1346 1529 1418 Melchisedec,
1546 1345 1637 1405 arico-

70 1436 210 1508 trihuitur,
225 1436 364 1514 atquein
378 1435 444 1513 ejus
461 1435 547 1495 velut
569 1452 662 1494 censu
679 1451 822 1493 uumeru-
870 1454 932 1514 qaae
961 1437 1101 1498 Christus
1128 1440 1286 1511 Sacerdos,
1314 1439 1401 1518 cujus
1426 1438 1560 1516 figuram
1587 1437 1638 1495 illa

70 1537 120 1602 tar,
134 1528 212 1608 quod
229 1528 424 1601 naturaliter,
441 1530 474 1586 et
492 1545 547 1605 per
566 1530 664 1586 totam
687 1524 820 1604 speciem
869 1528 1029 1589 referebat.
1055 1532 1102 1590 lta
1125 1530 1239 1591 Paulus
1257 1532 1290 1591 in
1309 1532 1361 1590 illo
1385 1531 1485 1610 capite
1505 1530 1637 1608 septimo

69 1620 174 1696 diffusa,
190 1625 222 1681 et
229 1620 389 1680 communi
406 1618 557 1678 afficiendi
576 1616 696 1678 ratione
708 1634 819 1696 prove·

70 1713 207 1787 nicanori
219 1718 327 1773 autem
341 1729 404 1771 non
419 1711 485 1772 sine
499 1710 702 1777 miraculosi
715 1718 818 1771 extra-

69 1805 207 1868 ordinaria
235 1806 289 1865 Dei
318 1803 481 1865 efficientia
509 1803 639 1863 minimo
661 1802 707 1875 fit,
735 1803 820 1863 etei

67 1898 206 1977 potentie,
221 1914 319 1977 quam
335 1894 556 1956 odedr'eots'olem
573 1899 695 1970 vocant,
708 1895 820 1956 adscri-

65 1991 152 2065 bitor3
167 1992 198 2053 id
211 1990 246 2052 in
264 2007 438 2065 causarum,
454 2005 530 2068 quas
542 1985 679 2048 secandos
692 1994 814 2062 vocant,

64 2085 258 2160 conoturoles
271 2084 324 2162 jus
345 2102 382 2143 ao
403 2081 624 2162 proprietatem
644 2098 709 2140 non
723 2081 813 2142 cedit.

64 2180 146 2240 Nemo
156 2179 243 2240 enim
257 2178 364 2256 ignem
383 2174 494 2235 dixerit
514 2171 691 2251 frigefacere
705 2191 812 2251 posse3

62 2272 101 2331 sal
111 2272 222 2333 ferrum
238 2269 326 2349 aquis
339 2269 496 2340 innatare,
512 2265 560 2325 vel
575 2281 691 2343 aquam
705 2266 816 2326 sancti-

60 2364 147 2440 ficare,
168 2364 255 2444 quod
275 2380 369 2442 supra
388 2360 453 2420 vim
472 2364 658 2437 captumque
680 2360 814 2437 propriae

60 2460 190 2538 cujusque
213 2462 349 2531 moure,
365 2453 448 2513 Dens
471 2449 536 2510 istis
549 2449 641 2509 rebus
655 2454 761 2509 utatur
774 2450 813 2510 ad

58 2569 171 2630 opernm
196 2550 327 2611 illorum
353 2544 562 2605 efficientiam.
577 2541 658 2601 Talis
686 2546 732 2602 est
756 2541 812 2602 filii

59 2650 207 2723 conceptus
235 2640 269 2701 in
283 2637 421 2716 Virgine,
442 2650 473 2696 eo
491 2634 558 2712 ejus
577 2633 644 2709 filii,
661 2634 714 2713 qui
732 2636 813 2695 Deus

58 2737 136 2797 unul
148 2742 204 2812 est,
220 2738 255 2796 et
268 2733 375 2807 homo,
391 2729 446 2808 qni
473 2727 600 2806 quidem
619 2744 658 2785 ex
676 2725 812 2787 odedien-

59 2829 125 2901 ortt,
151 2834 186 2889 ut
209 2830 336 2899 vocant,
363 2822 512 2900 virginera
540 2819 640 2880 carnis
663 2820 810 2900 potentio,

57 2923 146 2984 divina
156 2922 285 2994 virtute,
298 2935 364 2977 nou
377 2913 512 2976 naturali
531 2912 690 2987 estmodo,
706 2917 736 2971 et
745 2911 812 2972 effr-

57 3017 164 3076 cacitate
176 3012 344 3094 perfectus.
364 3008 435 3069 ldao
448 3005 573 3066 nullum
591 3023 630 3065 ex
645 3004 704 3064 ista
717 3022 810 3083 gene-

56 3107 160 3169 ratione
197 3107 396 3167 conlraotum
427 3105 474 3161 est
511 3097 669 3176 originalis
712 3098 811 3176 culpae

56 3201 162 3275 vitium,
182 3195 329 3279 quamvis
348 3191 602 3267 contaminatam,
618 3196 649 3252 et
666 3189 810 3251 infectam

53 3291 132 3354 fuisse
157 3298 308 3372 putemus
330 3286 458 3365 stirpem
488 3283 571 3343 illius
597 3288 628 3343 et
655 3282 807 3358 radicem;

53 3403 133 3463 qrrora
158 3384 269 3463 ntique
297 3380 448 3440 sinceram
476 3375 624 3437 exstitisse
651 3375 685 3435 iu
710 3380 810 3435 matre

52 3476 164 3555 Virgine
182 3481 254 3557 post
270 3472 364 3552 paulo
378 3467 669 3531 demonstrabimus.

84 3573 151 3634 llaec
176 3568 283 3639 unica,
313 3570 343 3626 et
371 3563 538 3623 certissima
573 3560 652 3620 ratio
677 3577 809 3620 summae

16 3672 34 3717 a
48 3660 169 3722 hominis
183 3658 350 3721 iuChristo
363 3654 515 3736 puritatis,
528 3658 558 3713 et
576 3660 757 3734 ἂναμαρτησῐας
769 3651 808 3712 ab

50 3755 124 3814 omni
135 3753 277 3814 foeditate
294 3746 520 3818 remotissimae,
530 3763 591 3824 qua
606 3750 722 3820 notata,
734 3763 807 3804 con·

870 1620 1007 1699 epistolae
1021 1622 1062 1681 od
1076 1621 1224 1682 Hebraeos.
1241 1624 1281 1683 ot
1294 1622 1366 1683 iudo
1377 1624 1476 1683 oritur
1487 1640 1534 1697 oa,
1543 1638 1637 1699 quam

868 1711 944 1784 diri,
959 1714 1110 1792 quaesti03
1126 1733 1166 1774 an
1185 1734 1249 1775 non
1264 1715 1392 1794 perinde
1407 1733 1442 1775 ao
1457 1715 1532 1774 Levi
1547 1714 1636 1773 decu·

869 1810 972 1864 matus
991 1805 1127 1866 Christus
1148 1806 1251 1881 fuerit,
1267 1809 1368 1885 quiet
1385 1808 1450 1886 ipse
1465 1805 1636 1866 secuudum

868 1914 995 1957 caruem
1008 1897 1092 1957 filius
1104 1897 1271 1961 abrahami
1279 1899 1348 1971 fuit,
1357 1906 1387 1960 et
1401 1901 1434 1959 in
1446 1898 1512 1977 ejus
1522 1897 1636 1958 lumbis

868 1989 1092 2051 continebatur.
1119 1991 1198 2051 Huic
1222 1992 1388 2071 respondet
1412 1990 1633 2072 Augustinusi,

867 2082 1039 2142 secundum
1053 2084 1220 2162 quemdam
1234 2085 1362 2144 modum
1373 2084 1405 2143 in
1416 2081 1633 2144 lumbisdbra-

866 2172 951 2235 hami
966 2193 1031 2234 non
1042 2175 1138 2241 luisse,
1158 2175 1325 2253 Christum,
1341 2195 1403 2255 quo
1416 2175 1475 2236 fuit
1498 2175 1587 2250 Levi;
1603 2181 1634 2234 at

866 2284 929 2345 quo
941 2267 1034 2327 modo
1049 2269 1166 2345 peceati
1187 2269 1273 2328 virus
1287 2269 1454 2347 originalis,
1471 2274 1501 2328 et
1519 2286 1632 2328 concu-

865 2357 1015 2436 piscentia
1025 2366 1214 2440 propagatur
1230 2379 1237 2419 :
1261 2382 1276 2417 c
1291 2362 1467 2430 Secundum
1481 2361 1633 2421 rationem

865 2450 979 2528 quippe
1000 2451 1086 2511 illam
1113 2453 1294 2513 seminalem
1317 2453 1359 2513 ihi
1385 2454 1441 2513 fnit
1464 2454 1550 2528 Levi,
1573 2471 1634 2532 apua

864 2543 984 2603 ratione
996 2563 1051 2624 per
1067 2545 1266 2622 concubitum
1279 2552 1430 2606 venturus
1443 2552 1509 2605 crat
1521 2546 1554 2605 in
1568 2563 1634 2606 ma-

863 2639 944 2694 trem
957 2656 964 2694 ε
982 2638 1101 2697 Secund
1107 2655 1159 2697 um
1170 2656 1264 2716 quam
1277 2640 1428 2698 rationem
1438 2656 1503 2698 non
1514 2638 1558 2697 ibi
1567 2646 1632 2700 erat

865 2726 977 2788 Christi
1000 2747 1081 2802 caro,
1107 2730 1248 2808 quamvis
1275 2730 1446 2791 secundnm
1463 2732 1562 2811 ipsam
1586 2732 1630 2791 ibi

863 2815 957 2878 fuerit
969 2818 1076 2881 Mariae
1089 2839 1159 2881 caro
1175 2842 1182 2893 3
1200 2843 1214 2877 n
1234 2827 1264 2881 et
1274 2840 1346 2882 mox
1358 2820 1380 2882 ³:
1394 2822 1465 2882 «ille
1481 2828 1526 2882 est
1537 2824 1631 2902 igitur

863 2909 1032 2972 decimatus
1052 2914 1085 2973 in
1106 2913 1274 2986 Abraham,
1291 2914 1345 2992 qui
1364 2914 1436 2974 licet
1458 2916 1629 2975 secundum

863 3020 987 3064 caruem
1001 3010 1135 3079 tantum,
1144 3006 1187 3065 sio
1197 3011 1301 3066 tamen
1310 3006 1370 3066 fnit
1382 3008 1416 3066 in
1426 3006 1540 3067 lumbis
1550 3009 1626 3087 ejus,

862 3097 1125 3173 quemadmodum
1139 3099 1173 3160 in
1187 3099 1233 3157 sui
1243 3099 1338 3176 patris
1348 3099 1441 3159 etiam
1456 3099 1520 3179 ipso
1534 3099 1630 3160 Abra·

864 3187 991 3250 ham:id
1001 3197 1046 3251 est
1056 3192 1212 3270 quisiccst
1222 3197 1312 3253 natus
1321 3192 1359 3252 de
1367 3192 1627 3270 personandum,

862 3284 1127 3359 quemadmodum
1147 3285 1186 3346 de
1199 3304 1255 3346 suo
1267 3292 1354 3364 patro
1369 3290 1460 3344 natus
1475 3291 1521 3345 est
1535 3286 1630 3348 Abra-

862 3372 935 3434 ham
953 3395 960 3435 ε
977 3394 1031 3452 per
1056 3377 1156 3454 legem
1181 3377 1296 3438 scilicet
1315 3377 1349 3437 in
1376 3377 1525 3439 memhris
1537 3396 1629 3456 repn-

862 3472 1009 3544 gnantem
1022 3468 1083 3547 legi
1096 3470 1220 3542 mentis,
1236 3474 1267 3530 et
1281 3468 1467 3529 invisibilem
1480 3471 1626 3550 concupi·

860 3561 1019 3636 scentiam,
1036 3562 1176 3640 quamvh
1199 3579 1268 3621 eam
1295 3567 1388 3637 casta,
1408 3566 1439 3620 ct
1461 3560 1543 3623 bona
1553 3562 1627 3640 jura

859 3652 1039 3730 nuptiarum
1051 3671 1116 3713 uon
1138 3653 1242 3713 sinant
1263 3653 1377 3725 valere,
1392 3652 1450 3712 nisi
1472 3660 1624 3732 qnantum

859 3761 898 3803 ex
910 3763 944 3805 ea
958 3751 1088 3825 possunt
1101 3746 1205 3824 generi
1215 3745 1427 3806 substituendo
1437 3748 1622 3826 prospicere.

48 3862 167 3926 respuam
180 3844 276 3906 nobis
290 3842 350 3902 erit
360 3838 503 3918 expedita
517 3838 656 3916 quaestio.
860 3839 929 3899 Non
952 3844 1056 3899 autem
1080 3843 1111 3898 et
1132 3838 1183 3898 ille
1203 3838 1247 3897 ibi
1270 3838 1439 3898 decimatus
1461 3845 1517 3914 est,
1537 3843 1625 3921 cujus

80 3940 116 4000 V.
138 3937 285 3999 Nascitur
304 3934 371 3993 hoec
391 3949 430 3992 ex
444 3929 580 4009 Apostoli
601 3929 688 3990 Pauli
700 3929 806 4009 dispu·
860 3950 931 3992 caro
953 3930 1024 3991 inde
1046 3950 1111 3990 nou
1124 3930 1274 3990 fervorem
1290 3930 1438 4005 vulneris,
1454 3933 1507 3993 sed
1523 3941 1623 3996 mate-

48 4030 151 4091 tatioue
168 4021 487 4109 quodaminepistola
500 4019 541 4080 od
552 4019 807 4100 Hebroeos,quam
858 4024 939 4084 riam
973 4021 1185 4083 medicaminis
1217 4024 1319 4082 traxit.
1351 4024 1430 4083 Nam
1458 4042 1531 4084 curn
1558 4028 1625 4105 ipsa

47 4126 74 4182 el
93 4122 287 4201 Augustinus
308 4114 535 4177 accuratissime
555 4115 762 4191 pertractavit,
779 4121 810 4176 et
859 4115 1021 4176 decimatio
1036 4115 1075 4174 ad
1088 4113 1348 4193 praefigurandam
1359 4114 1544 4176 medicinam
1553 4136 1623 4197 per-

47 4230 129 4276 oemo
151 4209 355 4294 praetermisit
378 4204 629 4267 scholasticorum
643 4212 805 4267 veterum:
859 4206 998 4279 tinuerit,
1017 4206 1092 4266 illrrd
1106 4206 1139 4265 in
1155 4205 1284 4265 Abrahae
1297 4223 1389 4266 carne
1401 4207 1622 4287 decimabatur,

47 4324 133 4387 eaque
147 4308 187 4368 de
200 4321 300 4368 causo
313 4298 583 4378 uenobisquidem
595 4298 810 4378 praetereunda
859 4301 944 4380 quod
957 4300 1132 4372 curabatur,
1146 4317 1212 4359 nou
1224 4297 1302 4358 illud
1317 4298 1399 4358 unda
1414 4301 1589 4363 curabatur.
1604 4327 1620 4363 »

49 4400 169 4463 ridetur,
902 4393 971 4453 Huc
985 4410 1058 4471 ergo
1079 4390 1213 4470 pertinet
1226 4409 1245 4449 a
1260 4391 1350 4450 uobis
1370 4392 1519 4471 explicato
1533 4397 1625 4474 paulo

16 4518 29 4549 a
81 4494 116 4553 lu
128 4492 232 4573 capite
244 4487 377 4568 septimo
391 4484 473 4545 illius
487 4484 633 4563 epistole,
650 4485 811 4547 sacerdotii
860 4491 932 4546 ante
947 4485 1045 4559 ratio;
1062 4484 1214 4544 nimirum
1227 4502 1292 4543 non
1300 4485 1452 4545 contineri
1466 4486 1499 4546 in
1512 4486 1626 4547 lumbis

16 4576 20 4605 ¹
46 4586 111 4646 nori
134 4586 168 4646 in
197 4581 323 4645 Christo
356 4577 489 4656 dignitas
516 4576 688 4655 plurimum
722 4595 809 4638 eorn-
861 4577 1031 4637 durabant
1046 4576 1105 4635 nisi
1119 4594 1171 4635 cos
1184 4575 1239 4655 qui
1259 4577 1392 4636 naturali
1407 4578 1568 4640 efficientia
1583 4599 1628 4641 se·

46 4679 215 4749 mandatur,
233 4692 271 4735 ae
289 4671 421 4733 Levitico
434 4669 607 4749 praefertur,
624 4674 810 4747 comparatis
862 4670 957 4731 minis
979 4667 1075 4748 ipsius
1100 4668 1203 4747 gigni,
1224 4669 1451 4748 propagarique
1473 4680 1625 4751 possunt:

45 4769 120 4831 iuter
140 4790 173 4832 se
198 4766 344 4830 Leviticae
372 4762 472 4825 tribus
499 4762 603 4841 stirpe,
634 4767 665 4822 et
687 4770 809 4825 auctore
863 4782 929 4823 non
944 4766 1048 4822 autem
1062 4761 1161 4834 illum,
1178 4778 1270 4838 quem
1288 4761 1354 4820 sola
1371 4762 1545 4824 obedientia
1558 4786 1629 4826 con-

45 4862 229 4937 dhrabemo,
249 4855 531 4929 acMelebisedeco;
549 4855 603 4933 qui
621 4855 734 4916 Christi
754 4857 810 4917 Sa·
865 4856 945 4934 cepit
961 4875 968 4914 :
984 4873 1049 4914 non
1070 4854 1176 4914 Mariae
1198 4854 1310 4928 solum,
1326 4855 1379 4915 sed
1411 4856 1505 4917 etiam
1529 4860 1629 4920 caruis

45 4955 210 5016 cordolium
239 4949 456 5022 adumbrarit3
481 4947 558 5007 adeo
588 4952 624 5006 ut
655 4948 811 5009 secundam
863 4948 970 5027 ipsius,
987 4953 1018 5008 et
1028 4945 1184 5024 purissimi
1205 4946 1363 5022 sanguinis
1380 4967 1386 5007 :
1403 4966 1441 5007 ex
1455 4968 1516 5028 quo
1531 4955 1630 5013 neuti-

45 5046 122 5106 illias
134 5038 636 5107 ordinemSacerdosdicaturfuisse
645 5039 810 5102 chrisma.
864 5058 957 5119 quarn
972 5037 1117 5115 naturali,
1135 5044 1165 5099 at
1179 5039 1336 5099 ordinaria
1358 5041 1483 5117 virtute,
1499 5045 1551 5104 sed
1566 5064 1631 5105 om-

47 5136 135 5199 Porro
156 5134 367 5199 Melchisedec
393 5133 427 5193 in
448 5150 484 5192 eo
505 5130 684 5211 praestitisse
700 5131 811 5193 dicitur
864 5131 1016 5211 nipotonti
1031 5132 1129 5190 sancti
1144 5130 1275 5210 Spiritus
1290 5131 1466 5194 efficacitate
1480 5135 1630 5198 formatus

46 5229 218 5289 nonhamo
232 5246 241 5302 ;
259 5224 342 5304 quod
355 5225 437 5284 loica
457 5222 564 5304 praelio
584 5241 725 5283 reversus
735 5222 758 5301 ¹,
775 5225 810 5285 in
866 5230 911 5285 est
923 5224 957 5282 iu
969 5223 1129 5283 hominem
1144 5224 1234 5284 [leus.
1259 5225 1340 5285 Bene
1360 5225 1419 5286 hoc
1442 5229 1630 5307 explicatum

46 5337 103 5400 quo
121 5338 213 5401 reges
236 5317 399 5391 ceciderat,
427 5335 446 5377 a
469 5315 582 5395 quihus
604 5315 740 5377 Sodoma
759 5317 809 5377 di·
862 5316 957 5375 habes
972 5316 1010 5375 ab
1027 5315 1167 5393 Philippo
1179 5316 1295 5377 hbbate
1319 5318 1412 5378 Bonae
1430 5321 1493 5397 spei
1510 5322 1541 5381 in
1555 5322 1632 5400 epis

73 5519 84 5563 l
98 5521 161 5566 Ptol.
172 5530 217 5564 cn.
234 5541 260 5553 -
272 5516 287 5560 a
297 5520 349 5563 Gerr.
363 5530 405 5562 nr.
418 5538 443 5553 -·
453 5518 528 5573 theg.
539 5518 577 5561 tlh.
590 5515 644 5560 xor
653 5518 706 5562 Gerr.
718 5517 787 5563 adlit.
800 5529 847 5573 cop.
857 5531 890 5561 xx.
903 5519 951 5562 -t
964 5519 1019 5563 lbid.
