3990 6130
324 455 515 519 neutrasine
528 455 624 517 altera
637 452 748 516 naturd
768 453 826 515 lilii
851 454 1092 535 appellationem
1142 455 1238 515 istum
1258 472 1265 513 ε
1286 459 1319 514 ct
1338 451 1490 513 Paulinus
1517 450 1722 531 Aquileiensis
1749 451 1783 513 in
1807 451 1896 531 punio

324 550 466 610 sustinet.
1142 546 1250 608 itidem
1264 545 1344 605 libro
1357 552 1461 606 contro
1475 544 1602 606 Felicem
1612 544 1634 606 ¹.
1654 566 1666 602 ι

364 642 411 702 Ad
424 642 509 702 huuc
529 641 674 702 eumdem
695 640 799 701 locum
824 638 1021 700 referendum
1046 642 1093 700 est
1183 638 1325 700 Neclcve
1339 637 1516 698 ducendum
1529 643 1576 699 est
1589 637 1667 699 illud
1675 641 1896 717 argumentum,

271 740 276 749 '
325 734 434 794 tritum
445 733 521 794 illud
535 733 617 813 apud
628 732 799 812 Cyrillum,
814 731 950 811 aliosqm
960 735 1091 807 veteres,
1143 731 1228 810 quod
1251 749 1289 792 ex
1306 748 1464 792 sacrarum
1486 730 1678 807 litterarum,
1702 735 1733 791 et
1754 729 1898 791 sanctissi-

325 826 363 886 ad
377 843 545 899 summam,
559 831 590 886 et
603 825 805 885 arctissimam
819 829 1004 884 naturarum
1015 823 1093 884 dua·
1143 839 1269 883 morum
1282 822 1425 884 Ecclesia
1443 822 1616 899 doctorum,
1631 840 1667 883 ao
1689 821 1898 902 magistrorum

326 936 398 978 rum
418 918 451 978 iu
474 918 594 979 Christo
618 916 852 996 significandam
874 916 1091 994 junctionem
1142 913 1264 975 silentio
1279 915 1404 994 petitur.
1426 914 1511 975 Nihil
1525 914 1610 975 enim
1626 930 1683 975 nos
1702 914 1737 974 in
1751 913 1826 977 tanti
1841 931 1900 974 mo·

326 1010 408 1089 quod
424 1009 630 1084 carosiana,
646 1007 1093 1088 idestproprc'cllerbi3uon
1141 1006 1238 1067 menti
1266 1025 1312 1083 re,
1339 1006 1402 1067 nisi
1428 1024 1469 1067 ex
1493 1006 1672 1086 praescripta
1694 1005 1811 1085 regula,
1840 1022 1900 1066 non

325 1101 396 1161 alia
413 1101 487 1162 Ideo
499 1101 650 1180 quidquid
670 1101 704 1161 in
721 1118 863 1173 carnem,
881 1099 912 1160 id
927 1099 1094 1161 esthuma·
1142 1098 1236 1159 modo
1249 1099 1375 1172 sentire,
1390 1099 1444 1159 sed
1471 1116 1511 1160 ne
1524 1098 1620 1159 verbo
1633 1095 1900 1179 qnidamproierre

324 1192 455 1254 uitatem
468 1194 561 1271 cadit,
583 1193 756 1273 imputatur
777 1191 945 1267 Verho;et
957 1191 1092 1253 vicissim
1140 1190 1224 1251 licet.
1253 1192 1306 1252 Est
1335 1204 1442 1253 autem
1467 1191 1616 1266 loquendi
1641 1209 1751 1252 norma
1775 1191 1833 1251 ista
1854 1189 1900 1252 vel

323 1285 445 1346 homini
479 1285 625 1346 tribuitur
665 1283 816 1364 quidquid
850 1285 1014 1363 proprium
1047 1289 1094 1346 cst
1141 1301 1283 1363 expressa
1298 1283 1465 1362 Scriptura
1479 1282 1651 1345 mutantia:
1665 1281 1815 1344 veltauite
1827 1299 1902 1345 oom-
1984 1306 1985 1353 t

324 1378 431 1439 Verbi.
447 1380 490 1440 De
504 1396 566 1458 quo
580 1395 654 1439 cum
664 1377 732 1454 jam
753 1376 828 1437 alibi
842 1376 960 1437 dictum
971 1376 1020 1453 sit,
1033 1377 1091 1439 ite-
1142 1375 1305 1454 prehensa,
1320 1382 1352 1439 et
1374 1376 1516 1438 Ecclesiae
1529 1377 1666 1454 demeto,
1693 1383 1900 1438 sanotmumvc

324 1489 396 1532 rum
409 1472 443 1532 in
456 1471 655 1550 sequentihus
669 1470 843 1546 agetnnEs
857 1470 1091 1549 eovcrosequi·
1142 1470 1269 1530 Petrum
1302 1469 1483 1531 auctoritate
1516 1469 1655 1549 probata,
1689 1474 1721 1531 et
1752 1469 1787 1530 in
1816 1487 1901 1531 nsum

322 1568 385 1638 tur,
410 1582 475 1625 non
495 1581 583 1643 posse
601 1561 706 1624 vocari
730 1561 889 1622 Christum
910 1561 1090 1641 adoptivum
1142 1568 1276 1641 recepta.
1308 1562 1448 1635 Quorum
1478 1566 1588 1624 neutm
1621 1561 1766 1640 presidio
1799 1563 1902 1623 nititru
1984 1552 1985 1625 l

324 1656 492 1716 Deifilium
505 1653 1088 1735 propterhumanamipsiusnaturam3
1142 1653 1279 1734 adoptivi
1302 1654 1357 1716 illa
1379 1654 1436 1715 lilii
1460 1654 1641 1734 proprietas,
1669 1660 1702 1714 et
1720 1654 1900 1734 appellatio;
1984 1648 1985 1731 ᾗ

324 1765 364 1807 ne
377 1748 486 1808 eadem
499 1747 674 1827 appellatio,
691 1752 722 1807 et
742 1744 911 1823 proprietas
933 1745 966 1805 in
988 1746 1091 1825 ipsum
1142 1764 1245 1807 eume
1268 1747 1436 1823 contrario,
1455 1764 1520 1808 non
1546 1745 1683 1807 obscuris
1710 1747 1900 1825 prejudiciis,
1984 1752 1985 1821 i

323 1845 548 1919 retorqueatur,
564 1857 601 1901 ac
612 1838 765 1900 redundet
775 1836 923 1911 Verbum,
932 1843 964 1898 et
972 1840 1089 1900 Deum:
1141 1844 1234 1918 atque
1248 1839 1342 1899 etiam
1359 1839 1478 1900 disertis
1499 1838 1625 1900 illorum
1644 1838 1804 1900 sententiis
1821 1840 1901 1901 dam·
1984 1848 1985 1913 ᾗ

323 1931 407 2010 quod
420 1931 488 1993 lieri
502 1950 566 1993 non
580 1948 668 2012 posse
681 1948 775 2010 supra
788 1928 959 1992 deterrimus.
1141 1938 1226 2007 nata,
1240 1931 1462 2011 repudiaraque
1475 1930 1534 2006 sit;
1550 1936 1585 1991 ut
1603 1930 1753 1993 haetenus
1773 1931 1901 1994 ostendi·
1984 1922 1985 1987 l

152 2048 245 2102 iveri.
267 2044 299 2088 ex
367 2025 449 2085 VIII.
472 2026 670 2085 Postremum
695 2039 794 2098 genus
813 2022 990 2101 agumenti
1003 2041 1041 2084 ex
1054 2041 1091 2085 co
1141 2040 1223 2083 mus.
1239 2023 1327 2096 Quod
1349 2021 1375 2082 si
1395 2041 1458 2102 qua
1479 2027 1552 2083 sunt
1583 2024 1666 2103 apud
1685 2028 1816 2101 veteres,
1842 2024 1904 2085 loon
1984 2004 1985 2095 l

153 2113 204 2199 „⁰⁰
212 2099 297 2198 ,iffi
323 2115 496 2191 conficitur,
510 2116 594 2194 quod
607 2131 762 2193 nusquam
773 2113 808 2174 in
823 2113 991 2195 Scripturis
1002 2113 1093 2195 adop·
1141 2114 1269 2193 quasilli
1281 2114 1904 2197 suffragarivideantureanosinsequenti

166 2207 286 2307 scchpturu
325 2207 402 2268 tioua
412 2209 467 2268 Dei
480 2207 562 2268 filius
586 2206 759 2287 appellatur
774 2205 913 2266 Christus
928 2207 1090 2285 Dominus,
1141 2206 1251 2285 capite,
1267 2225 1330 2268 una
1344 2225 1416 2268 cum
1430 2207 1538 2268 Felicis
1551 2207 1737 2288 etElipandi
1745 2209 1905 2289 praecipuis
1984 2220 1985 2231 ¹

161 2270 288 2413 appenditii·
323 2318 395 2360 oum
409 2318 501 2361 verus
514 2299 697 2379 etproprius
719 2316 784 2359 non
805 2315 876 2358 raro
897 2298 1088 2359 nominetur.
1140 2296 1363 2361 illiushaaresis
1390 2299 1605 2379 firmamentis,
1620 2307 1762 2363 accnmte
1775 2306 1903 2382 pertrac-

160 2369 283 2479 „0222ss
322 2392 422 2471 Atque
435 2391 570 2453 lioctelo
590 2395 772 2452 nascentem
790 2388 978 2450 Feliciauam
990 2390 1090 2451 haere·
1142 2389 1285 2454 labimus.
1984 2386 1985 2421 ³

322 2483 381 2544 sim
418 2481 698 2545 Francoiordiensis
730 2480 867 2561 synodus
901 2483 1024 2544 conticit
1057 2483 1090 2543 in

321 2576 449 2655 epistola
460 2574 609 2655 synodica
619 2572 659 2635 ud
669 2571 1024 2654 Hispoaosepiscopos¹.a
1041 2576 1089 2637 Tu

319 2685 393 2728 vero
420 2666 560 2747 quisquis
584 2684 636 2739 es,
663 2665 718 2744 qui
745 2664 901 2726 Christum
941 2665 1090 2745 praedicas
1366 2712 1546 2796 CAPUT
1601 2714 1617 2794 1

320 2759 513 2839 adoptivum,
538 2758 652 2837 inquit,
686 2756 770 2818 unde
802 2756 859 2816 tibi
891 2757 949 2818 iste
982 2775 1090 2820 sensus
1619 2715 1676 2800 V·

319 2851 466 2928 venisset,
492 2849 659 2911 voluissem
682 2848 785 2910 scire:
808 2847 863 2908 ubi
888 2847 948 2910 hoc
971 2867 1088 2912 nomen

319 2941 487 3019 didicisses,
514 2941 654 3003 ostende.
681 2939 867 3001 Patriarchaa
899 2940 1087 3019 nescierunt,
1984 3000 1985 3017 ,

319 3036 478 3115 prophete
492 3052 557 3095 non
568 3034 727 3108 dixerunt,
742 3030 874 3111 apostoli
893 3049 958 3092 non
973 3035 1087 3110 praedi·
1138 3030 1365 3113 Ecpcaduntur
1399 3028 1463 3092 loco
1490 3028 1627 3112 quedam
1663 3040 1807 3107 veterum,
1842 3050 1906 3114 quc
1984 3050 1985 3119 ᾗ

319 3132 478 3200 caverunt,
494 3125 592 3187 sancti
616 3128 796 3185 tractatores
815 3122 875 3181 hoo
902 3140 1019 3186 numen
1040 3131 1088 3186 ta-
1179 3123 1353 3204 udoptioum
1375 3140 1433 3183 ease
1448 3121 1507 3183 Dei
1521 3120 1624 3191 filium
1643 3121 1796 3185 Christum
1815 3123 1904 3205 osfir·
1984 3144 1985 3151 ¹

319 3216 694 3292 onerant,dootoresfidei
709 3219 823 3275 nomme
830 3215 1087 3280 nondoeuerunt.
1178 3214 1419 3278 mercarentur.
1435 3217 1464 3275 l.
1483 3210 1522 3277 Ut
1535 3213 1656 3292 Ircnoei,
1672 3218 1704 3277 t.
1726 3216 1826 3278 diarii
1840 3217 1903 3278 Vio-
1984 3206 1985 3289 l

319 3308 457 3370 Fortein
470 3308 599 3370 tertium
613 3308 728 3369 coelurn
752 3313 860 3387 raptus
882 3306 977 3383 luisti,
994 3312 1026 3369 et
1046 3309 1089 3370 ibi
1179 3308 1280 3376 tonui,
1316 3304 1442 3368 Eusebii
1476 3303 1675 3368 Caesariensis.
1718 3310 1748 3371 3.
1775 3307 1904 3391 cyrilti.

318 3401 430 3462 audisti
443 3419 557 3463 aroana
573 3400 679 3474 verba,
703 3417 774 3478 quaa
796 3398 955 3479 hucusque
975 3407 1087 3463 sanctae
1178 3407 1208 3462 4.
1222 3399 1365 3480 Plerique
1385 3406 1482 3460 tomen
1507 3398 1656 3479 explicari
1677 3399 1825 3462 commode
1840 3419 1905 3483 poa·

319 3494 374 3555 Dei
388 3492 531 3556 Ecclesiae
558 3492 665 3573 ignota
689 3497 801 3565 essent,
817 3491 891 3552 situ
914 3491 1089 3553 intertium
1177 3497 1257 3566 suut,
1293 3489 1374 3552 velut
1405 3490 1459 3571 qui
1492 3489 1563 3551 duos
1590 3490 1672 3568 filios
1700 3492 1903 3555 nominarunt.

318 3586 431 3646 coelum
459 3591 566 3665 raptus
591 3603 657 3646 non
671 3586 761 3645 esses.
786 3584 849 3643 Aut
871 3601 964 3663 super
982 3591 1089 3663 pectus
1177 3584 1207 3645 5.
1223 3583 1363 3645 Primum
1377 3592 1593 3663 arpumentum,
1608 3602 1666 3663 quo
1682 3583 1810 3664 probari
1828 3604 1907 3668 posse
1984 3648 1985 3655 ,

318 3677 444 3738 Domini
477 3676 657 3751 recubuisti,
691 3681 723 3735 et
752 3674 796 3734 ibi
830 3675 984 3753 audivisti,
1017 3695 1088 3756 quae
1177 3673 1306 3748 videtur,
1335 3672 1506 3753 adoptivum
1528 3673 1631 3751 filium
1655 3693 1710 3737 carc
1738 3674 1903 3739 Ciriatwa.
1984 3728 1985 3733 ,

319 3769 354 3828 Β.
370 3770 508 3829 loannes
525 3767 633 3828 audire
656 3784 723 3826 non
748 3766 874 3827 meruit.
892 3766 956 3827 Aut
979 3773 1011 3828 te
1033 3788 1089 3849 per
1176 3771 1207 3829 6.
1228 3765 1290 3828 Sed
1311 3765 1486 3827 dbsoloitur
1508 3774 1588 3827 certa
1616 3771 1745 3846 ratione,
1773 3787 1847 3851 quir
1869 3769 1907 3831 ad

318 3859 429 3921 choros
450 3859 640 3938 Angelorum
662 3860 770 3933 Agnus
795 3858 921 3935 ducens,
944 3859 1004 3920 hoo
1032 3861 1089 3921 tihi
1178 3861 1284 3921 Patres
1297 3857 1434 3940 superios
1447 3857 1754 3939 citotoacuplicuudos
1763 3863 1905 3942 pertinet.
1984 3882 1985 3909 t

317 3969 436 4013 nomen
457 3951 602 4013 ostendit.
616 3952 681 4011 Aut
698 3950 754 4011 tibi
769 3950 817 4011 leo
845 3951 884 4012 de
906 3950 989 4012 trihu
1003 3953 1088 4013 Juda
1178 3954 1208 4011 7.
1226 3949 1405 4024 Secundum,
1420 3954 1449 4011 et
1470 3950 1593 4011 tertium
1615 3961 1825 4032 orpumectam
1837 3973 1906 4034 per·
1984 3958 1985 4005 ἶ

318 4042 435 4105 librum
449 4049 567 4122 septem
580 4042 687 4118 sigillis
700 4041 840 4103 clausum
854 4043 986 4121 aperuit,
1002 4044 1086 4105 unde
1176 4041 1482 4124 indocibilitate&
1512 4042 1908 4124 Tumquortum.9.ltem
1984 4056 1985 4091 ³

317 4135 385 4198 hec
397 4137 545 4216 mysteria
555 4135 755 4213 intelligeres,
774 4142 806 4195 et
823 4134 952 4196 nomina
972 4136 1089 4215 proter·
1175 4137 1323 4216 puintum.
1338 4136 1389 4197 lt).
1402 4142 1566 4195 circutum.
1594 4137 1644 4197 ll.
1659 4135 1731 4197 Non
1742 4155 1803 4199 csse
1824 4136 1910 4218 adop
1984 4212 1985 4219 ἵ

317 4234 616 4307 res3quaequatnor
629 4225 815 4288 animalibus
828 4227 985 4302 incognita
1000 4246 1086 4289 man-
1177 4227 1273 4288 tivum
1297 4226 1392 4308 filium
1422 4224 1793 4303 timiamateriis
1819 4229 1909 4312 fidem
1984 4236 1985 4239 ’

317 4320 438 4397 sissent,
464 4322 529 4382 imo
553 4319 611 4379 toti
637 4318 756 4380 mundo
782 4317 934 4395 inaudita,
966 4319 1026 4379 nisi
1052 4333 1086 4381 tu
1171 4319 1336 4401 pertinere.

316 4429 417 4473 novus
429 4411 538 4473 doctor
551 4411 591 4473 ad
612 4410 833 4472 declarandum
856 4415 949 4471 tuum
969 4429 1087 4473 nomen

316 4504 460 4564 venisses.
483 4502 570 4563 Dices
589 4502 685 4577 enim,
702 4501 765 4562 Cur
791 4500 882 4562 times
905 4502 1087 4581 adoptivum
1176 4505 1200 4566 1.
1223 4504 1292 4564 Non
1307 4503 1455 4564 esthonae
1465 4503 1911 4568 musaeconfidentishominis

317 4594 473 4655 Christum
482 4592 1087 4670 Dominumnominarelliicotibi‚quia
1137 4593 1170 4656 id
1189 4596 1330 4657 consulto
1350 4596 1521 4675 praeterire,
1533 4614 1569 4657 ao
1593 4596 1801 4671 dissimulare,
1824 4596 1910 4677 quod
1984 4598 1985 4603 ’

318 4703 375 4748 nec
391 4686 527 4766 Apostoli
541 4703 614 4747 eum
624 4686 667 4747 sic
679 4685 893 4759 nominarunt,
910 4703 968 4746 nec
979 4691 1086 4747 sancta
1136 4686 1292 4765 objectum
1305 4705 1344 4748 ex
1357 4692 1445 4767 parte
1457 4687 1910 4769 contrutafuisse,ve1'objici
1984 4764 1985 4769 γ

317 4774 392 4851 Dei,
423 4782 454 4837 et
487 4777 634 4839 catholica
664 4776 798 4838 Ecclesia
829 4777 1086 4839 consuetudinem
1135 4796 1224 4858 posse
1251 4779 1441 4858 cognoverit.
1466 4781 1572 4859 Itaque
1598 4785 1668 4860 post
1691 4780 1909 4857 constitutam,

316 4865 428 4926 habuit
456 4884 530 4927 cum
564 4870 607 4930 sic
635 4868 821 4948 appellare:
852 4868 906 4929 sed
924 4869 1086 4949 proprium
1136 4870 1428 4950 corroboratamque
1441 4870 1623 4933 catholicam
1637 4872 1675 4933 de
1688 4890 1762 4934 vero
1771 4872 1835 4934 Dei
1845 4871 1910 4933 filio

317 4956 430 5032 filiurn,
443 4956 532 5035 juxta
549 4959 755 5037 praecedentia
768 4959 986 5037 Apostolorum
998 4960 1083 5021 tasti-
1135 4961 1370 5041 professionem,
1386 4980 1422 5023 ea
1436 4980 1494 5024 nos
1506 4962 1540 5023 in
1553 4963 1693 5024 mediam
1701 4963 1908 5039 adducemus,
1984 4972 1985 5025 ἱ

317 5048 435 5117 monia,
452 5054 484 5110 et
493 5055 670 5111 sanctorum
685 5051 847 5112 doctorum
857 5052 1039 5128 dogmata.»
1136 5052 1249 5133 qrribus
1262 5054 1400 5134 adoptivi
1410 5054 1444 5115 in
1459 5054 1581 5116 Christo
1595 5054 1651 5115 tilii
1664 5055 1770 5136 opinio
1784 5062 1911 5119 utcum-
1984 5126 1985 5131 ἵ

359 5140 446 5201 Idem
460 5145 492 5202 et
502 5140 648 5202 adversus
661 5142 847 5222 Elipandum
861 5142 1085 5221 objicitllchu-
1136 5164 1196 5225 qua
1207 5145 1310 5207 lnlciri
1319 5145 1455 5207 videtur.
1477 5147 1529 5208 Est
1541 5153 1646 5209 autem
1667 5162 1766 5223 genus
1778 5146 1911 5210 illorum
1984 5172 1985 5195 1

318 5231 411 5293 vinus
433 5231 523 5295 initio
549 5232 620 5294 libri
647 5233 741 5314 primi
767 5241 875 5297 contra
900 5234 1082 5297 lraereticum
1135 5235 1250 5316 duplex
1266 5255 1273 5298 ε
1288 5243 1402 5299 namet
1415 5238 1608 5317 auctoritate,
1621 5244 1653 5301 et
1665 5239 1787 5302 ratione
1797 5254 1911 5303 contra
1984 5268 1985 5271 ¹

325 294 383 355 rea
821 286 1145 351 rusaioorcoauu
1175 286 1398 377 moturus

1984 1254 1985 1303 l

1984 1416 1985 1479 l

1984 1488 1985 1541 l

344 5433 355 5478 t
371 5431 450 5478 Frena.
459 5436 511 5492 εμπ.
522 5438 538 5479 ι.
550 5432 559 5478 Ι
571 5432 682 5480 maeel
695 5434 721 5481 tn
733 5435 792 5482 auos
800 5446 862 5493 opor.
872 5436 937 5483 slot.
