<?xml version="1.0" encoding="UTF-8"?>
<!DOCTYPE html PUBLIC "-//W3C//DTD XHTML 1.0 Transitional//EN"
    "http://www.w3.org/TR/xhtml1/DTD/xhtml1-transitional.dtd">
<html xmlns="http://www.w3.org/1999/xhtml" xml:lang="en" lang="en">
 <head>
  <title>
</title>
<meta http-equiv="Content-Type" content="text/html;charset=utf-8" />
  <meta name='ocr-system' content='tesseract 3.04.00' />
  <meta name='ocr-capabilities' content='ocr_page ocr_carea ocr_par ocr_line ocrx_word'/>
</head>
<body>
  <div class='ocr_page' id='page_1' title='image "./dogmatatheologi00zaccgoog_0133.png"; bbox 0 0 3990 6130; ppageno 0'>
   <div class='ocr_carea' id='block_1_1' title="bbox 326 282 1396 353">
    <p class='ocr_par' dir='ltr' id='par_1_1' title="bbox 326 282 1396 353">
     <span class='ocr_line' id='line_1_1' title="bbox 326 282 1396 353; baseline 0.011 -12"><span class='ocrx_word' id='word_1_1' title='bbox 326 282 386 343; x_wconf 79' lang='lat' dir='ltr'><strong>m</strong></span> <span class='ocrx_word' id='word_1_2' title='bbox 829 282 1155 348; x_wconf 74' lang='lat' dir='ltr'><strong>runouoeleottubr</strong></span> <span class='ocrx_word' id='word_1_3' title='bbox 1178 287 1396 353; x_wconf 74' lang='lat' dir='ltr'><strong>noemrutr</strong></span> 
     </span>
    </p>
   </div>
   <div class='ocr_carea' id='block_1_2' title="bbox 313 443 1971 3932">
    <p class='ocr_par' dir='ltr' id='par_1_2' title="bbox 313 443 1971 3932">
     <span class='ocr_line' id='line_1_2' title="bbox 324 443 1884 533; baseline 0.01 -27"><span class='ocrx_word' id='word_1_4' title='bbox 324 445 392 506; x_wconf 85' lang='lat' dir='ltr'><strong>dios</strong></span> <span class='ocrx_word' id='word_1_5' title='bbox 406 443 447 506; x_wconf 83' lang='lat' dir='ltr'><strong>ed</strong></span> <span class='ocrx_word' id='word_1_6' title='bbox 460 444 589 507; x_wconf 84' lang='lat' dir='ltr'><strong>Paulum</strong></span> <span class='ocrx_word' id='word_1_7' title='bbox 608 446 851 523; x_wconf 78' lang='lat' dir='ltr'><strong>Semosotemrm3</strong></span> <span class='ocrx_word' id='word_1_8' title='bbox 870 449 1021 529; x_wconf 72' lang='lat' dir='ltr'><strong>«Eiectus</strong></span> <span class='ocrx_word' id='word_1_9' title='bbox 1035 449 1091 511; x_wconf 86' lang='lat' dir='ltr'><strong>ita-</strong></span> <span class='ocrx_word' id='word_1_10' title='bbox 1142 470 1207 513; x_wconf 91' lang='lat' dir='ltr'><strong>uon</strong></span> <span class='ocrx_word' id='word_1_11' title='bbox 1220 459 1325 516; x_wconf 82' lang='lat' dir='ltr'><strong>autem</strong></span> <span class='ocrx_word' id='word_1_12' title='bbox 1337 472 1438 516; x_wconf 91' lang='lat' dir='ltr'><strong>unum</strong></span> <span class='ocrx_word' id='word_1_13' title='bbox 1451 460 1482 516; x_wconf 91' lang='lat' dir='ltr'><strong>et</strong></span> <span class='ocrx_word' id='word_1_14' title='bbox 1495 456 1659 533; x_wconf 78' lang='lat' dir='ltr'><strong>eumdem3</strong></span> <span class='ocrx_word' id='word_1_15' title='bbox 1675 456 1703 517; x_wconf 90' lang='lat' dir='ltr'><strong>is</strong></span> <span class='ocrx_word' id='word_1_16' title='bbox 1721 456 1760 517; x_wconf 92' lang='lat' dir='ltr'><strong>ab</strong></span> <span class='ocrx_word' id='word_1_17' title='bbox 1773 475 1807 518; x_wconf 89' lang='lat' dir='ltr'><strong>ea</strong></span> <span class='ocrx_word' id='word_1_18' title='bbox 1819 458 1884 521; x_wconf 81' lang='lat' dir='ltr'><strong>lilio</strong></span> 
     </span>
     <span class='ocr_line' id='line_1_3' title="bbox 324 540 1886 627; baseline 0.009 -29"><span class='ocrx_word' id='word_1_19' title='bbox 324 556 386 617; x_wconf 91' lang='lat' dir='ltr'><strong>que</strong></span> <span class='ocrx_word' id='word_1_20' title='bbox 408 556 451 610; x_wconf 91' lang='lat' dir='ltr'><strong>es,</strong></span> <span class='ocrx_word' id='word_1_21' title='bbox 476 557 584 601; x_wconf 85' lang='lat' dir='ltr'><strong>revere</strong></span> <span class='ocrx_word' id='word_1_22' title='bbox 606 540 668 619; x_wconf 74' lang='lat' dir='ltr'><strong>qui,</strong></span> <span class='ocrx_word' id='word_1_23' title='bbox 682 558 739 601; x_wconf 86' lang='lat' dir='ltr'><strong>nee</strong></span> <span class='ocrx_word' id='word_1_24' title='bbox 763 541 841 600; x_wconf 77' lang='lat' dir='ltr'><strong>diros</strong></span> <span class='ocrx_word' id='word_1_25' title='bbox 862 541 1008 617; x_wconf 83' lang='lat' dir='ltr'><strong>Christos,</strong></span> <span class='ocrx_word' id='word_1_26' title='bbox 1032 558 1092 603; x_wconf 89' lang='lat' dir='ltr'><strong>nee</strong></span> <span class='ocrx_word' id='word_1_27' title='bbox 1140 562 1213 605; x_wconf 90' lang='lat' dir='ltr'><strong>rum</strong></span> <span class='ocrx_word' id='word_1_28' title='bbox 1226 547 1391 627; x_wconf 80' lang='lat' dir='ltr'>adoptione</span> <span class='ocrx_word' id='word_1_29' title='bbox 1408 546 1539 620; x_wconf 77' lang='lat' dir='ltr'>excidat,</span> <span class='ocrx_word' id='word_1_30' title='bbox 1563 565 1633 626; x_wconf 79' lang='lat' dir='ltr'><strong>quae</strong></span> <span class='ocrx_word' id='word_1_31' title='bbox 1653 553 1735 609; x_wconf 83' lang='lat' dir='ltr'><strong>reete</strong></span> <span class='ocrx_word' id='word_1_32' title='bbox 1758 549 1886 612; x_wconf 83' lang='lat' dir='ltr'><strong>eredenti·</strong></span> 
     </span>
     <span class='ocr_line' id='line_1_4' title="bbox 325 629 1885 720; baseline 0.008 -30"><span class='ocrx_word' id='word_1_33' title='bbox 325 629 405 691; x_wconf 89' lang='lat' dir='ltr'><strong>duos</strong></span> <span class='ocrx_word' id='word_1_34' title='bbox 414 630 495 692; x_wconf 87' lang='lat' dir='ltr'><strong>filios</strong></span> <span class='ocrx_word' id='word_1_35' title='bbox 508 632 563 693; x_wconf 84' lang='lat' dir='ltr'><strong>Dei</strong></span> <span class='ocrx_word' id='word_1_36' title='bbox 577 637 663 712; x_wconf 89' lang='lat' dir='ltr'><strong>potes</strong></span> <span class='ocrx_word' id='word_1_37' title='bbox 676 632 777 693; x_wconf 80' lang='lat' dir='ltr'><strong>dicere</strong></span> <span class='ocrx_word' id='word_1_38' title='bbox 791 641 816 691; x_wconf 75' lang='lat'><strong>⁶.</strong></span> <span class='ocrx_word' id='word_1_39' title='bbox 833 652 849 690; x_wconf 78' lang='lat' dir='ltr'><strong>a</strong></span> <span class='ocrx_word' id='word_1_40' title='bbox 1140 634 1199 697; x_wconf 90' lang='lat' dir='ltr'><strong>bus</strong></span> <span class='ocrx_word' id='word_1_41' title='bbox 1215 643 1262 699; x_wconf 86' lang='lat' dir='ltr'><strong>est</strong></span> <span class='ocrx_word' id='word_1_42' title='bbox 1280 639 1443 719; x_wconf 88' lang='lat' dir='ltr'><strong>promissa.</strong></span> <span class='ocrx_word' id='word_1_43' title='bbox 1463 640 1587 700; x_wconf 75' lang='lat' dir='ltr'><strong>Nature</strong></span> <span class='ocrx_word' id='word_1_44' title='bbox 1602 641 1717 720; x_wconf 79' lang='lat' dir='ltr'>quippe</span> <span class='ocrx_word' id='word_1_45' title='bbox 1737 639 1803 701; x_wconf 84' lang='lat' dir='ltr'><strong>due</strong></span> <span class='ocrx_word' id='word_1_46' title='bbox 1813 650 1885 717; x_wconf 89' lang='lat' dir='ltr'><strong>sunt,</strong></span> 
     </span>
     <span class='ocr_line' id='line_1_5' title="bbox 364 721 1884 812; baseline 0.007 -29"><span class='ocrx_word' id='word_1_47' title='bbox 364 722 552 784; x_wconf 77' lang='lat' dir='ltr'><strong>Athanasius</strong></span> <span class='ocrx_word' id='word_1_48' title='bbox 565 723 598 784; x_wconf 89' lang='lat' dir='ltr'><strong>in</strong></span> <span class='ocrx_word' id='word_1_49' title='bbox 610 724 690 785; x_wconf 90' lang='lat' dir='ltr'><strong>libro</strong></span> <span class='ocrx_word' id='word_1_50' title='bbox 703 722 738 786; x_wconf 83' lang='lat' dir='ltr'><strong>de</strong></span> <span class='ocrx_word' id='word_1_51' title='bbox 750 722 961 786; x_wconf 83' lang='lat' dir='ltr'><strong>Imematr&#39;one</strong></span> <span class='ocrx_word' id='word_1_52' title='bbox 974 721 1091 785; x_wconf 72' lang='lat' dir='ltr'><strong>Christi</strong></span> <span class='ocrx_word' id='word_1_53' title='bbox 1141 729 1221 790; x_wconf 87' lang='lat' dir='ltr'><strong>Deus</strong></span> <span class='ocrx_word' id='word_1_54' title='bbox 1235 735 1266 791; x_wconf 92' lang='lat' dir='ltr'><strong>et</strong></span> <span class='ocrx_word' id='word_1_55' title='bbox 1279 730 1389 806; x_wconf 90' lang='lat' dir='ltr'><strong>homo;</strong></span> <span class='ocrx_word' id='word_1_56' title='bbox 1405 731 1671 812; x_wconf 86' lang='lat' dir='ltr'><strong>quemadmodum</strong></span> <span class='ocrx_word' id='word_1_57' title='bbox 1679 732 1774 794; x_wconf 89' lang='lat' dir='ltr'><strong>etiam</strong></span> <span class='ocrx_word' id='word_1_58' title='bbox 1785 734 1884 810; x_wconf 86' lang='lat' dir='ltr'><strong>anima,</strong></span> 
     </span>
     <span class='ocr_line' id='line_1_6' title="bbox 323 816 1884 905; baseline 0.008 -30"><span class='ocrx_word' id='word_1_59' title='bbox 323 822 425 877; x_wconf 76' lang='lat' dir='ltr'><strong>eontra</strong></span> <span class='ocrx_word' id='word_1_60' title='bbox 445 816 673 897; x_wconf 64' lang='lat' dir='ltr'><strong>Apollinarem</strong></span> <span class='ocrx_word' id='word_1_61' title='bbox 702 842 715 870; x_wconf 81' lang='grc' dir='ltr'>ι</span> <span class='ocrx_word' id='word_1_62' title='bbox 737 817 844 889; x_wconf 86' lang='lat' dir='ltr'><strong>Filius,</strong></span> <span class='ocrx_word' id='word_1_63' title='bbox 867 816 977 895; x_wconf 90' lang='lat' dir='ltr'><strong>inquit,</strong></span> <span class='ocrx_word' id='word_1_64' title='bbox 1008 834 1091 877; x_wconf 84' lang='lat' dir='ltr'><strong>unus</strong></span> <span class='ocrx_word' id='word_1_65' title='bbox 1140 826 1171 881; x_wconf 87' lang='lat' dir='ltr'><strong>et</strong></span> <span class='ocrx_word' id='word_1_66' title='bbox 1188 841 1300 902; x_wconf 87' lang='lat' dir='ltr'><strong>eorpus</strong></span> <span class='ocrx_word' id='word_1_67' title='bbox 1323 842 1330 884; x_wconf 81' lang='lat' dir='ltr'><strong>r</strong></span> <span class='ocrx_word' id='word_1_68' title='bbox 1350 841 1414 885; x_wconf 92' lang='lat' dir='ltr'><strong>non</strong></span> <span class='ocrx_word' id='word_1_69' title='bbox 1434 829 1538 885; x_wconf 89' lang='lat' dir='ltr'><strong>tamen</strong></span> <span class='ocrx_word' id='word_1_70' title='bbox 1560 823 1624 885; x_wconf 90' lang='lat' dir='ltr'><strong>duo</strong></span> <span class='ocrx_word' id='word_1_71' title='bbox 1641 824 1709 898; x_wconf 85' lang='lat' dir='ltr'><strong>tilii,</strong></span> <span class='ocrx_word' id='word_1_72' title='bbox 1726 826 1884 905; x_wconf 79' lang='lat' dir='ltr'><strong>nequedii3</strong></span> 
     </span>
     <span class='ocr_line' id='line_1_7' title="bbox 324 907 1884 995; baseline 0.005 -27"><span class='ocrx_word' id='word_1_73' title='bbox 324 914 380 969; x_wconf 89' lang='lat' dir='ltr'><strong>est.</strong></span> <span class='ocrx_word' id='word_1_74' title='bbox 410 909 484 971; x_wconf 91' lang='lat' dir='ltr'><strong>ldeo</strong></span> <span class='ocrx_word' id='word_1_75' title='bbox 510 909 660 971; x_wconf 81' lang='lat' dir='ltr'><strong>falluntur</strong></span> <span class='ocrx_word' id='word_1_76' title='bbox 689 908 743 989; x_wconf 91' lang='lat' dir='ltr'><strong>qui</strong></span> <span class='ocrx_word' id='word_1_77' title='bbox 771 908 880 970; x_wconf 89' lang='lat' dir='ltr'><strong>dieunt</strong></span> <span class='ocrx_word' id='word_1_78' title='bbox 905 907 1003 970; x_wconf 88' lang='lat' dir='ltr'><strong>alium</strong></span> <span class='ocrx_word' id='word_1_79' title='bbox 1023 926 1091 971; x_wconf 89' lang='lat' dir='ltr'><strong>esso</strong></span> <span class='ocrx_word' id='word_1_80' title='bbox 1139 915 1404 993; x_wconf 87' lang='lat' dir='ltr'><strong>quemadmodum</strong></span> <span class='ocrx_word' id='word_1_81' title='bbox 1424 932 1526 995; x_wconf 88' lang='lat' dir='ltr'><strong>neque</strong></span> <span class='ocrx_word' id='word_1_82' title='bbox 1543 915 1596 976; x_wconf 85' lang='lat' dir='ltr'><strong>bie</strong></span> <span class='ocrx_word' id='word_1_83' title='bbox 1616 915 1759 978; x_wconf 89' lang='lat' dir='ltr'><strong>homines</strong></span> <span class='ocrx_word' id='word_1_84' title='bbox 1774 917 1830 978; x_wconf 93' lang='lat' dir='ltr'><strong>duo</strong></span> <span class='ocrx_word' id='word_1_85' title='bbox 1840 916 1884 978; x_wconf 72' lang='lat' dir='ltr'><strong>t.»</strong></span> 
     </span>
     <span class='ocr_line' id='line_1_8' title="bbox 323 999 1888 1084; baseline 0.004 -24"><span class='ocrx_word' id='word_1_86' title='bbox 323 999 435 1077; x_wconf 87' lang='lat' dir='ltr'><strong>filium,</strong></span> <span class='ocrx_word' id='word_1_87' title='bbox 450 1002 505 1082; x_wconf 90' lang='lat' dir='ltr'><strong>qui</strong></span> <span class='ocrx_word' id='word_1_88' title='bbox 525 1020 632 1082; x_wconf 90' lang='lat' dir='ltr'><strong>passus</strong></span> <span class='ocrx_word' id='word_1_89' title='bbox 647 1007 702 1075; x_wconf 89' lang='lat' dir='ltr'><strong>est,</strong></span> <span class='ocrx_word' id='word_1_90' title='bbox 725 1006 757 1063; x_wconf 90' lang='lat' dir='ltr'><strong>et</strong></span> <span class='ocrx_word' id='word_1_91' title='bbox 775 1001 883 1077; x_wconf 88' lang='lat' dir='ltr'><strong>alium,</strong></span> <span class='ocrx_word' id='word_1_92' title='bbox 898 999 1031 1080; x_wconf 91' lang='lat' dir='ltr'><strong>quinon</strong></span> <span class='ocrx_word' id='word_1_93' title='bbox 1044 1005 1091 1062; x_wconf 90' lang='lat' dir='ltr'><strong>est</strong></span> <span class='ocrx_word' id='word_1_94' title='bbox 1179 1002 1265 1064; x_wconf 92' lang='lat' dir='ltr'><strong>ldem</strong></span> <span class='ocrx_word' id='word_1_95' title='bbox 1288 1004 1383 1066; x_wconf 87' lang='lat' dir='ltr'><strong>etiam</strong></span> <span class='ocrx_word' id='word_1_96' title='bbox 1408 1003 1443 1064; x_wconf 94' lang='lat' dir='ltr'><strong>in</strong></span> <span class='ocrx_word' id='word_1_97' title='bbox 1469 1003 1611 1067; x_wconf 82' lang='lat' dir='ltr'><strong>Carmine</strong></span> <span class='ocrx_word' id='word_1_98' title='bbox 1631 1003 1667 1067; x_wconf 83' lang='lat' dir='ltr'><strong>de</strong></span> <span class='ocrx_word' id='word_1_99' title='bbox 1690 1005 1755 1067; x_wconf 83' lang='lat' dir='ltr'><strong>vita</strong></span> <span class='ocrx_word' id='word_1_100' title='bbox 1777 1024 1834 1084; x_wconf 83' lang='lat' dir='ltr'><strong>mu,</strong></span> <span class='ocrx_word' id='word_1_101' title='bbox 1855 1006 1888 1067; x_wconf 89' lang='lat' dir='ltr'><strong>ds</strong></span> 
     </span>
     <span class='ocr_line' id='line_1_9' title="bbox 323 1091 1888 1176; baseline 0.003 -22"><span class='ocrx_word' id='word_1_102' title='bbox 323 1111 442 1171; x_wconf 87' lang='lat' dir='ltr'><strong>passus.</strong></span> <span class='ocrx_word' id='word_1_103' title='bbox 459 1096 529 1155; x_wconf 91' lang='lat' dir='ltr'><strong>Non</strong></span> <span class='ocrx_word' id='word_1_104' title='bbox 540 1095 625 1155; x_wconf 88' lang='lat' dir='ltr'><strong>enim</strong></span> <span class='ocrx_word' id='word_1_105' title='bbox 638 1094 714 1155; x_wconf 90' lang='lat' dir='ltr'><strong>alter</strong></span> <span class='ocrx_word' id='word_1_106' title='bbox 728 1098 784 1163; x_wconf 88' lang='lat' dir='ltr'><strong>est,</strong></span> <span class='ocrx_word' id='word_1_107' title='bbox 801 1110 896 1172; x_wconf 89' lang='lat' dir='ltr'><strong>quam</strong></span> <span class='ocrx_word' id='word_1_108' title='bbox 911 1091 1008 1153; x_wconf 84' lang='lat' dir='ltr'><strong>Filius</strong></span> <span class='ocrx_word' id='word_1_109' title='bbox 1021 1091 1087 1171; x_wconf 86' lang='lat' dir='ltr'><strong>Dei,</strong></span> <span class='ocrx_word' id='word_1_110' title='bbox 1138 1094 1366 1174; x_wconf 84' lang='lat' dir='ltr'><strong>Apollinaristis</strong></span> <span class='ocrx_word' id='word_1_111' title='bbox 1386 1114 1495 1176; x_wconf 85' lang='lat' dir='ltr'><strong>egens,</strong></span> <span class='ocrx_word' id='word_1_112' title='bbox 1519 1095 1626 1158; x_wconf 79' lang='lat' dir='ltr'><strong>scribit</strong></span> <span class='ocrx_word' id='word_1_113' title='bbox 1646 1113 1699 1159; x_wconf 91' lang='lat' dir='ltr'><strong>eos</strong></span> <span class='ocrx_word' id='word_1_114' title='bbox 1718 1115 1782 1159; x_wconf 89' lang='lat' dir='ltr'><strong>non</strong></span> <span class='ocrx_word' id='word_1_115' title='bbox 1797 1098 1888 1159; x_wconf 84' lang='lat' dir='ltr'><strong>minor</strong></span> 
     </span>
     <span class='ocr_line' id='line_1_10' title="bbox 323 1183 1888 1266; baseline 0.003 -20"><span class='ocrx_word' id='word_1_116' title='bbox 323 1186 531 1264; x_wconf 78' lang='lat' dir='ltr'><strong>quimortem</strong></span> <span class='ocrx_word' id='word_1_117' title='bbox 549 1185 923 1266; x_wconf 78' lang='lat' dir='ltr'><strong>etpessionemsusoepit3</strong></span> <span class='ocrx_word' id='word_1_118' title='bbox 938 1183 1089 1246; x_wconf 80' lang='lat' dir='ltr'><strong>sedidem</strong></span> <span class='ocrx_word' id='word_1_119' title='bbox 1139 1204 1242 1249; x_wconf 85' lang='lat' dir='ltr'><strong>errare</strong></span> <span class='ocrx_word' id='word_1_120' title='bbox 1264 1206 1337 1250; x_wconf 86' lang='lat' dir='ltr'><strong>eum</strong></span> <span class='ocrx_word' id='word_1_121' title='bbox 1360 1194 1506 1250; x_wconf 86' lang='lat' dir='ltr'><strong>naturam</strong></span> <span class='ocrx_word' id='word_1_122' title='bbox 1522 1188 1694 1251; x_wconf 89' lang='lat' dir='ltr'><strong>humanam</strong></span> <span class='ocrx_word' id='word_1_123' title='bbox 1714 1188 1888 1251; x_wconf 87' lang='lat' dir='ltr'><strong>dimidiatam</strong></span> 
     </span>
     <span class='ocr_line' id='line_1_11' title="bbox 323 1276 1889 1361; baseline 0.002 -23"><span class='ocrx_word' id='word_1_124' title='bbox 323 1282 368 1338; x_wconf 88' lang='lat' dir='ltr'><strong>est</strong></span> <span class='ocrx_word' id='word_1_125' title='bbox 377 1278 558 1358; x_wconf 80' lang='lat' dir='ltr'><strong>impatibile,</strong></span> <span class='ocrx_word' id='word_1_126' title='bbox 570 1284 600 1340; x_wconf 88' lang='lat' dir='ltr'><strong>et</strong></span> <span class='ocrx_word' id='word_1_127' title='bbox 609 1279 829 1360; x_wconf 81' lang='lat' dir='ltr'><strong>incorporeum</strong></span> <span class='ocrx_word' id='word_1_128' title='bbox 838 1276 989 1351; x_wconf 86' lang='lat' dir='ltr'><strong>Verbum,</strong></span> <span class='ocrx_word' id='word_1_129' title='bbox 1004 1276 1089 1356; x_wconf 89' lang='lat' dir='ltr'><strong>quod</strong></span> <span class='ocrx_word' id='word_1_130' title='bbox 1139 1279 1262 1341; x_wconf 80' lang='lat' dir='ltr'><strong>Christo</strong></span> <span class='ocrx_word' id='word_1_131' title='bbox 1274 1280 1430 1357; x_wconf 89' lang='lat' dir='ltr'><strong>tribuunt,</strong></span> <span class='ocrx_word' id='word_1_132' title='bbox 1445 1297 1540 1361; x_wconf 90' lang='lat' dir='ltr'><strong>quam</strong></span> <span class='ocrx_word' id='word_1_133' title='bbox 1560 1279 1641 1357; x_wconf 91' lang='lat' dir='ltr'><strong>illos,</strong></span> <span class='ocrx_word' id='word_1_134' title='bbox 1655 1280 1711 1361; x_wconf 90' lang='lat' dir='ltr'><strong>qui</strong></span> <span class='ocrx_word' id='word_1_135' title='bbox 1730 1282 1807 1344; x_wconf 91' lang='lat' dir='ltr'><strong>duos</strong></span> <span class='ocrx_word' id='word_1_136' title='bbox 1821 1280 1889 1342; x_wconf 85' lang='lat' dir='ltr'><strong>lilios</strong></span> 
     </span>
     <span class='ocr_line' id='line_1_12' title="bbox 321 1366 1300 1448; baseline 0.005 -19"><span class='ocrx_word' id='word_1_137' title='bbox 321 1370 555 1448; x_wconf 78' lang='lat' dir='ltr'><strong>generationem</strong></span> <span class='ocrx_word' id='word_1_138' title='bbox 576 1373 676 1432; x_wconf 86' lang='lat' dir='ltr'><strong>earnis</strong></span> <span class='ocrx_word' id='word_1_139' title='bbox 695 1371 842 1432; x_wconf 75' lang='lat' dir='ltr'><strong>humane</strong></span> <span class='ocrx_word' id='word_1_140' title='bbox 865 1368 1011 1430; x_wconf 79' lang='lat' dir='ltr'><strong>sustinuit</strong></span> <span class='ocrx_word' id='word_1_141' title='bbox 1024 1366 1084 1428; x_wconf 69' lang='grc' dir='ltr'><strong>ί.»</strong></span> <span class='ocrx_word' id='word_1_142' title='bbox 1137 1369 1300 1434; x_wconf 80' lang='lat' dir='ltr'><strong>invehunt.</strong></span> 
     </span>
     <span class='ocr_line' id='line_1_13' title="bbox 361 1460 1089 1544; baseline 0.001 -23"><span class='ocrx_word' id='word_1_143' title='bbox 361 1462 399 1522; x_wconf 86' lang='lat' dir='ltr'><strong>Et</strong></span> <span class='ocrx_word' id='word_1_144' title='bbox 411 1462 445 1522; x_wconf 92' lang='lat' dir='ltr'><strong>in</strong></span> <span class='ocrx_word' id='word_1_145' title='bbox 468 1463 596 1542; x_wconf 88' lang='lat' dir='ltr'><strong>epistola</strong></span> <span class='ocrx_word' id='word_1_146' title='bbox 617 1462 658 1525; x_wconf 87' lang='lat' dir='ltr'><strong>ed</strong></span> <span class='ocrx_word' id='word_1_147' title='bbox 675 1463 857 1544; x_wconf 79' lang='lat' dir='ltr'><strong>Epictetum.</strong></span> <span class='ocrx_word' id='word_1_148' title='bbox 883 1481 900 1519; x_wconf 86' lang='grc' dir='ltr'>α</span> <span class='ocrx_word' id='word_1_149' title='bbox 923 1460 1089 1540; x_wconf 84' lang='lat' dir='ltr'><strong>Propterea</strong></span> 
     </span>
     <span class='ocr_line' id='line_1_14' title="bbox 319 1553 1889 1637; baseline 0.005 -24"><span class='ocrx_word' id='word_1_150' title='bbox 319 1558 451 1632; x_wconf 71' lang='lat' dir='ltr'><strong>tremat,</strong></span> <span class='ocrx_word' id='word_1_151' title='bbox 466 1554 578 1634; x_wconf 89' lang='lat' dir='ltr'><strong>inquit,</strong></span> <span class='ocrx_word' id='word_1_152' title='bbox 592 1556 646 1635; x_wconf 90' lang='lat' dir='ltr'><strong>qui</strong></span> <span class='ocrx_word' id='word_1_153' title='bbox 660 1554 828 1635; x_wconf 84' lang='lat' dir='ltr'><strong>aliquando</strong></span> <span class='ocrx_word' id='word_1_154' title='bbox 841 1553 988 1614; x_wconf 83' lang='lat' dir='ltr'><strong>dixerunt</strong></span> <span class='ocrx_word' id='word_1_155' title='bbox 1000 1569 1085 1626; x_wconf 88' lang='lat' dir='ltr'><strong>eum,</strong></span> <span class='ocrx_word' id='word_1_156' title='bbox 1142 1573 1154 1611; x_wconf 86' lang='grc' dir='ltr'>ι</span> <span class='ocrx_word' id='word_1_157' title='bbox 1177 1554 1222 1615; x_wconf 85' lang='lat' dir='ltr'><strong>Ex</strong></span> <span class='ocrx_word' id='word_1_158' title='bbox 1233 1572 1335 1635; x_wconf 74' lang='lat' dir='ltr'><strong>equo,</strong></span> <span class='ocrx_word' id='word_1_159' title='bbox 1351 1556 1464 1637; x_wconf 88' lang='lat' dir='ltr'><strong>inquit,</strong></span> <span class='ocrx_word' id='word_1_160' title='bbox 1480 1556 1624 1619; x_wconf 85' lang='lat' dir='ltr'><strong>aberrant</strong></span> <span class='ocrx_word' id='word_1_161' title='bbox 1636 1559 1789 1621; x_wconf 81' lang='lat' dir='ltr'><strong>contraris</strong></span> <span class='ocrx_word' id='word_1_162' title='bbox 1799 1565 1889 1620; x_wconf 84' lang='lat' dir='ltr'><strong>temen</strong></span> 
     </span>
     <span class='ocr_line' id='line_1_15' title="bbox 320 1644 1884 1729; baseline 0.004 -24"><span class='ocrx_word' id='word_1_163' title='bbox 320 1645 373 1723; x_wconf 90' lang='lat' dir='ltr'><strong>qui</strong></span> <span class='ocrx_word' id='word_1_164' title='bbox 389 1663 427 1707; x_wconf 86' lang='lat' dir='ltr'><strong>ex</strong></span> <span class='ocrx_word' id='word_1_165' title='bbox 438 1647 536 1708; x_wconf 82' lang='lat' dir='ltr'><strong>Maria</strong></span> <span class='ocrx_word' id='word_1_166' title='bbox 549 1648 705 1727; x_wconf 84' lang='lat' dir='ltr'><strong>prooessit,</strong></span> <span class='ocrx_word' id='word_1_167' title='bbox 724 1665 790 1708; x_wconf 91' lang='lat' dir='ltr'><strong>non</strong></span> <span class='ocrx_word' id='word_1_168' title='bbox 801 1646 905 1726; x_wconf 90' lang='lat' dir='ltr'><strong>ipsum</strong></span> <span class='ocrx_word' id='word_1_169' title='bbox 914 1644 1089 1706; x_wconf 77' lang='lat' dir='ltr'><strong>esseGhris</strong></span> <span class='ocrx_word' id='word_1_170' title='bbox 1757 1652 1884 1729; x_wconf 90' lang='lat' dir='ltr'><strong>[ratione.</strong></span> 
     </span>
     <span class='ocr_line' id='line_1_16' title="bbox 318 1735 1891 1819; baseline 0.004 -23"><span class='ocrx_word' id='word_1_171' title='bbox 318 1741 399 1814; x_wconf 91' lang='lat' dir='ltr'><strong>tum,</strong></span> <span class='ocrx_word' id='word_1_172' title='bbox 415 1743 446 1798; x_wconf 88' lang='lat' dir='ltr'><strong>et</strong></span> <span class='ocrx_word' id='word_1_173' title='bbox 464 1738 642 1812; x_wconf 85' lang='lat' dir='ltr'><strong>Dominum,</strong></span> <span class='ocrx_word' id='word_1_174' title='bbox 658 1745 690 1798; x_wconf 88' lang='lat' dir='ltr'><strong>et</strong></span> <span class='ocrx_word' id='word_1_175' title='bbox 704 1739 815 1800; x_wconf 87' lang='lat' dir='ltr'><strong>Deum.</strong></span> <span class='ocrx_word' id='word_1_176' title='bbox 830 1735 895 1797; x_wconf 86' lang='lat' dir='ltr'><strong>Nisi</strong></span> <span class='ocrx_word' id='word_1_177' title='bbox 908 1737 993 1797; x_wconf 92' lang='lat' dir='ltr'><strong>enim</strong></span> <span class='ocrx_word' id='word_1_178' title='bbox 1007 1737 1089 1797; x_wconf 78' lang='grc' dir='ltr'>θοιιε</span> <span class='ocrx_word' id='word_1_179' title='bbox 1138 1737 1218 1800; x_wconf 83' lang='lat' dir='ltr'><strong>Cum</strong></span> <span class='ocrx_word' id='word_1_180' title='bbox 1243 1738 1303 1817; x_wconf 87' lang='lat' dir='ltr'><strong>his,</strong></span> <span class='ocrx_word' id='word_1_181' title='bbox 1332 1740 1386 1819; x_wconf 90' lang='lat' dir='ltr'><strong>qui</strong></span> <span class='ocrx_word' id='word_1_182' title='bbox 1412 1739 1640 1805; x_wconf 81' lang='lat' dir='ltr'><strong>inconsiderate</strong></span> <span class='ocrx_word' id='word_1_183' title='bbox 1653 1742 1730 1804; x_wconf 78' lang='lat' dir='ltr'><strong>diros</strong></span> <span class='ocrx_word' id='word_1_184' title='bbox 1754 1741 1891 1804; x_wconf 86' lang='lat' dir='ltr'><strong>inducunt</strong></span> 
     </span>
     <span class='ocr_line' id='line_1_17' title="bbox 319 1827 1888 1913; baseline 0.003 -24"><span class='ocrx_word' id='word_1_185' title='bbox 319 1835 409 1904; x_wconf 86' lang='lat' dir='ltr'><strong>esset,</strong></span> <span class='ocrx_word' id='word_1_186' title='bbox 425 1829 554 1908; x_wconf 88' lang='lat' dir='ltr'><strong>quinam</strong></span> <span class='ocrx_word' id='word_1_187' title='bbox 566 1831 670 1892; x_wconf 84' lang='lat' dir='ltr'><strong>statim</strong></span> <span class='ocrx_word' id='word_1_188' title='bbox 686 1836 779 1909; x_wconf 89' lang='lat' dir='ltr'><strong>atque</strong></span> <span class='ocrx_word' id='word_1_189' title='bbox 798 1847 838 1891; x_wconf 87' lang='lat' dir='ltr'><strong>ex</strong></span> <span class='ocrx_word' id='word_1_190' title='bbox 850 1827 947 1890; x_wconf 85' lang='lat' dir='ltr'><strong>Maria</strong></span> <span class='ocrx_word' id='word_1_191' title='bbox 959 1827 1085 1908; x_wconf 89' lang='lat' dir='ltr'><strong>prodiit,</strong></span> <span class='ocrx_word' id='word_1_192' title='bbox 1801 1835 1888 1913; x_wconf 78' lang='lat' dir='ltr'><strong>[filos.</strong></span> 
     </span>
     <span class='ocr_line' id='line_1_18' title="bbox 319 1920 1853 2006; baseline 0.001 -23"><span class='ocrx_word' id='word_1_193' title='bbox 319 1927 444 1983; x_wconf 87' lang='lat' dir='ltr'><strong>vooatus</strong></span> <span class='ocrx_word' id='word_1_194' title='bbox 458 1928 504 1983; x_wconf 88' lang='lat' dir='ltr'><strong>est</strong></span> <span class='ocrx_word' id='word_1_195' title='bbox 518 1922 713 1999; x_wconf 86' lang='lat' dir='ltr'><strong>Emmanuel,</strong></span> <span class='ocrx_word' id='word_1_196' title='bbox 730 1923 813 2002; x_wconf 90' lang='lat' dir='ltr'><strong>quod</strong></span> <span class='ocrx_word' id='word_1_197' title='bbox 832 1926 880 1982; x_wconf 86' lang='lat' dir='ltr'><strong>est</strong></span> <span class='ocrx_word' id='word_1_198' title='bbox 899 1921 1086 2000; x_wconf 82' lang='lat' dir='ltr'><strong>interprete·</strong></span> <span class='ocrx_word' id='word_1_199' title='bbox 1136 1920 1278 1984; x_wconf 85' lang='lat' dir='ltr'><strong>Alterum</strong></span> <span class='ocrx_word' id='word_1_200' title='bbox 1298 1940 1336 1984; x_wconf 83' lang='lat' dir='ltr'><strong>ex</strong></span> <span class='ocrx_word' id='word_1_201' title='bbox 1356 1924 1430 1998; x_wconf 87' lang='lat' dir='ltr'><strong>Deo,</strong></span> <span class='ocrx_word' id='word_1_202' title='bbox 1456 1925 1589 1986; x_wconf 88' lang='lat' dir='ltr'><strong>alterum</strong></span> <span class='ocrx_word' id='word_1_203' title='bbox 1603 1943 1642 1986; x_wconf 83' lang='lat' dir='ltr'><strong>ex</strong></span> <span class='ocrx_word' id='word_1_204' title='bbox 1664 1924 1792 2006; x_wconf 78' lang='lat' dir='ltr'><strong>Virgine</strong></span> <span class='ocrx_word' id='word_1_205' title='bbox 1804 1936 1853 1987; x_wconf 73' lang='lat' dir='ltr'><strong>t.»</strong></span> 
     </span>
     <span class='ocr_line' id='line_1_19' title="bbox 318 2012 1088 2091; baseline -0.004 -17"><span class='ocrx_word' id='word_1_206' title='bbox 318 2019 398 2090; x_wconf 92' lang='lat' dir='ltr'><strong>tum,</strong></span> <span class='ocrx_word' id='word_1_207' title='bbox 426 2014 589 2076; x_wconf 91' lang='lat' dir='ltr'><strong>nobiseum</strong></span> <span class='ocrx_word' id='word_1_208' title='bbox 616 2017 697 2077; x_wconf 86' lang='lat' dir='ltr'><strong>Deus</strong></span> <span class='ocrx_word' id='word_1_209' title='bbox 716 2014 753 2075; x_wconf 76' lang='lat'><strong>⁰?</strong></span> <span class='ocrx_word' id='word_1_210' title='bbox 776 2034 792 2072; x_wconf 81' lang='grc' dir='ltr'>υ</span> <span class='ocrx_word' id='word_1_211' title='bbox 818 2012 949 2091; x_wconf 86' lang='lat' dir='ltr'><strong>Subjioit</strong></span> <span class='ocrx_word' id='word_1_212' title='bbox 968 2012 1088 2091; x_wconf 87' lang='lat' dir='ltr'><strong>aliquot</strong></span> 
     </span>
     <span class='ocr_line' id='line_1_20' title="bbox 318 2103 1892 2187; baseline 0.001 -21"><span class='ocrx_word' id='word_1_213' title='bbox 318 2106 431 2169; x_wconf 89' lang='lat' dir='ltr'><strong>deinde</strong></span> <span class='ocrx_word' id='word_1_214' title='bbox 461 2108 630 2187; x_wconf 76' lang='lat' dir='ltr'><strong>Scriptura</strong></span> <span class='ocrx_word' id='word_1_215' title='bbox 655 2107 739 2183; x_wconf 88' lang='lat' dir='ltr'><strong>looa,</strong></span> <span class='ocrx_word' id='word_1_216' title='bbox 770 2105 884 2186; x_wconf 84' lang='lat' dir='ltr'><strong>quibus</strong></span> <span class='ocrx_word' id='word_1_217' title='bbox 911 2104 1086 2179; x_wconf 79' lang='lat' dir='ltr'><strong>confirmet,</strong></span> <span class='ocrx_word' id='word_1_218' title='bbox 1177 2103 1267 2169; x_wconf 87' lang='lat' dir='ltr'><strong>Quod</strong></span> <span class='ocrx_word' id='word_1_219' title='bbox 1301 2108 1406 2165; x_wconf 88' lang='lat' dir='ltr'><strong>autem</strong></span> <span class='ocrx_word' id='word_1_220' title='bbox 1441 2103 1677 2183; x_wconf 82' lang='lat' dir='ltr'><strong>Apollinaristas</strong></span> <span class='ocrx_word' id='word_1_221' title='bbox 1708 2123 1776 2167; x_wconf 89' lang='lat' dir='ltr'><strong>non</strong></span> <span class='ocrx_word' id='word_1_222' title='bbox 1801 2105 1892 2167; x_wconf 86' lang='lat' dir='ltr'><strong>minus</strong></span> 
     </span>
     <span class='ocr_line' id='line_1_21' title="bbox 318 2193 1892 2280; baseline -0.002 -20"><span class='ocrx_word' id='word_1_223' title='bbox 318 2217 391 2260; x_wconf 90' lang='lat' dir='ltr'><strong>eum</strong></span> <span class='ocrx_word' id='word_1_224' title='bbox 406 2202 461 2280; x_wconf 90' lang='lat' dir='ltr'><strong>qui</strong></span> <span class='ocrx_word' id='word_1_225' title='bbox 476 2201 618 2262; x_wconf 84' lang='lat' dir='ltr'><strong>exMeria</strong></span> <span class='ocrx_word' id='word_1_226' title='bbox 627 2207 732 2275; x_wconf 89' lang='lat' dir='ltr'><strong>natus,</strong></span> <span class='ocrx_word' id='word_1_227' title='bbox 748 2205 779 2259; x_wconf 90' lang='lat' dir='ltr'><strong>et</strong></span> <span class='ocrx_word' id='word_1_228' title='bbox 788 2216 895 2278; x_wconf 90' lang='lat' dir='ltr'><strong>pessus</strong></span> <span class='ocrx_word' id='word_1_229' title='bbox 904 2203 961 2273; x_wconf 88' lang='lat' dir='ltr'><strong>est,</strong></span> <span class='ocrx_word' id='word_1_230' title='bbox 976 2213 1087 2257; x_wconf 86' lang='lat' dir='ltr'><strong>rerum</strong></span> <span class='ocrx_word' id='word_1_231' title='bbox 1136 2193 1280 2256; x_wconf 87' lang='lat' dir='ltr'><strong>aberrare</strong></span> <span class='ocrx_word' id='word_1_232' title='bbox 1294 2195 1380 2270; x_wconf 88' lang='lat' dir='ltr'><strong>dieit,</strong></span> <span class='ocrx_word' id='word_1_233' title='bbox 1394 2212 1491 2273; x_wconf 88' lang='lat' dir='ltr'><strong>quam</strong></span> <span class='ocrx_word' id='word_1_234' title='bbox 1503 2196 1556 2275; x_wconf 87' lang='lat' dir='ltr'><strong>qui</strong></span> <span class='ocrx_word' id='word_1_235' title='bbox 1569 2196 1647 2257; x_wconf 85' lang='lat' dir='ltr'><strong>duos</strong></span> <span class='ocrx_word' id='word_1_236' title='bbox 1659 2196 1740 2258; x_wconf 86' lang='lat' dir='ltr'><strong>filios</strong></span> <span class='ocrx_word' id='word_1_237' title='bbox 1753 2198 1892 2260; x_wconf 77' lang='lat' dir='ltr'><strong>inducunt</strong></span> 
     </span>
     <span class='ocr_line' id='line_1_22' title="bbox 317 2286 1890 2370; baseline 0.001 -20"><span class='ocrx_word' id='word_1_238' title='bbox 317 2290 412 2353; x_wconf 84' lang='lat' dir='ltr'><strong>fuisse</strong></span> <span class='ocrx_word' id='word_1_239' title='bbox 426 2293 535 2364; x_wconf 82' lang='lat' dir='ltr'><strong>Deum,</strong></span> <span class='ocrx_word' id='word_1_240' title='bbox 549 2310 585 2352; x_wconf 88' lang='lat' dir='ltr'><strong>ao</strong></span> <span class='ocrx_word' id='word_1_241' title='bbox 599 2291 654 2352; x_wconf 85' lang='lat' dir='ltr'><strong>Dei</strong></span> <span class='ocrx_word' id='word_1_242' title='bbox 668 2291 781 2351; x_wconf 88' lang='lat' dir='ltr'><strong>fllium.</strong></span> <span class='ocrx_word' id='word_1_243' title='bbox 792 2290 836 2351; x_wconf 84' lang='grc' dir='ltr'><strong>Αο</strong></span> <span class='ocrx_word' id='word_1_244' title='bbox 847 2288 1020 2370; x_wconf 72' lang='lat' dir='ltr'><strong>presertim</strong></span> <span class='ocrx_word' id='word_1_245' title='bbox 1033 2286 1087 2348; x_wconf 92' lang='lat' dir='ltr'><strong>illo</strong></span> <span class='ocrx_word' id='word_1_246' title='bbox 1137 2304 1174 2347; x_wconf 83' lang='lat' dir='ltr'><strong>ex</strong></span> <span class='ocrx_word' id='word_1_247' title='bbox 1197 2286 1346 2364; x_wconf 79' lang='lat' dir='ltr'><strong>Gregorio</strong></span> <span class='ocrx_word' id='word_1_248' title='bbox 1369 2287 1508 2367; x_wconf 79' lang='lat' dir='ltr'><strong>Nysseno</strong></span> <span class='ocrx_word' id='word_1_249' title='bbox 1534 2288 1744 2368; x_wconf 80' lang='lat' dir='ltr'><strong>pulcherrime</strong></span> <span class='ocrx_word' id='word_1_250' title='bbox 1770 2290 1890 2351; x_wconf 88' lang='lat' dir='ltr'><strong>deelara-</strong></span> 
     </span>
     <span class='ocr_line' id='line_1_23' title="bbox 317 2378 1892 2461; baseline -0.001 -19"><span class='ocrx_word' id='word_1_251' title='bbox 317 2382 425 2449; x_wconf 87' lang='lat' dir='ltr'><strong>utitur,</strong></span> <span class='ocrx_word' id='word_1_252' title='bbox 442 2382 476 2442; x_wconf 91' lang='lat' dir='ltr'><strong>in</strong></span> <span class='ocrx_word' id='word_1_253' title='bbox 489 2383 604 2461; x_wconf 88' lang='lat' dir='ltr'><strong>quode</strong></span> <span class='ocrx_word' id='word_1_254' title='bbox 622 2382 742 2444; x_wconf 84' lang='lat' dir='ltr'><strong>Christo</strong></span> <span class='ocrx_word' id='word_1_255' title='bbox 757 2383 797 2443; x_wconf 85' lang='lat' dir='ltr'><strong>ad</strong></span> <span class='ocrx_word' id='word_1_256' title='bbox 809 2381 979 2443; x_wconf 85' lang='lat' dir='ltr'><strong>lordanem</strong></span> <span class='ocrx_word' id='word_1_257' title='bbox 1002 2385 1034 2441; x_wconf 91' lang='lat' dir='ltr'><strong>et</strong></span> <span class='ocrx_word' id='word_1_258' title='bbox 1053 2380 1087 2440; x_wconf 91' lang='lat' dir='ltr'><strong>in</strong></span> <span class='ocrx_word' id='word_1_259' title='bbox 1136 2382 1205 2452; x_wconf 88' lang='lat' dir='ltr'><strong>tur;</strong></span> <span class='ocrx_word' id='word_1_260' title='bbox 1219 2378 1307 2457; x_wconf 81' lang='lat' dir='ltr'><strong>eujus</strong></span> <span class='ocrx_word' id='word_1_261' title='bbox 1315 2379 1517 2457; x_wconf 82' lang='lat' dir='ltr'><strong>singularem,</strong></span> <span class='ocrx_word' id='word_1_262' title='bbox 1532 2385 1563 2441; x_wconf 91' lang='lat' dir='ltr'><strong>et</strong></span> <span class='ocrx_word' id='word_1_263' title='bbox 1573 2380 1725 2442; x_wconf 89' lang='lat' dir='ltr'><strong>illustrem</strong></span> <span class='ocrx_word' id='word_1_264' title='bbox 1738 2381 1839 2443; x_wconf 83' lang='lat' dir='ltr'><strong>lorum</strong></span> <span class='ocrx_word' id='word_1_265' title='bbox 1848 2380 1892 2442; x_wconf 85' lang='lat' dir='ltr'><strong>bie</strong></span> 
     </span>
     <span class='ocr_line' id='line_1_24' title="bbox 318 2470 1893 2548; baseline 0.001 -14"><span class='ocrx_word' id='word_1_266' title='bbox 318 2479 423 2535; x_wconf 90' lang='lat' dir='ltr'><strong>monte</strong></span> <span class='ocrx_word' id='word_1_267' title='bbox 449 2479 577 2534; x_wconf 85' lang='lat' dir='ltr'><strong>testatus</strong></span> <span class='ocrx_word' id='word_1_268' title='bbox 603 2479 649 2535; x_wconf 89' lang='lat' dir='ltr'><strong>est</strong></span> <span class='ocrx_word' id='word_1_269' title='bbox 676 2476 787 2548; x_wconf 82' lang='lat' dir='ltr'><strong>Pater3</strong></span> <span class='ocrx_word' id='word_1_270' title='bbox 838 2471 898 2533; x_wconf 82' lang='lat' dir='ltr'><strong>Hie</strong></span> <span class='ocrx_word' id='word_1_271' title='bbox 924 2480 966 2533; x_wconf 82' lang='lat' dir='ltr'><strong>eet</strong></span> <span class='ocrx_word' id='word_1_272' title='bbox 991 2470 1087 2532; x_wconf 70' lang='lat' dir='ltr'><strong>Filius</strong></span> <span class='ocrx_word' id='word_1_273' title='bbox 1136 2470 1395 2548; x_wconf 83' lang='lat' dir='ltr'><strong>praeterirenullo</strong></span> <span class='ocrx_word' id='word_1_274' title='bbox 1409 2471 1502 2533; x_wconf 88' lang='lat' dir='ltr'><strong>modo</strong></span> <span class='ocrx_word' id='word_1_275' title='bbox 1516 2471 1626 2548; x_wconf 88' lang='lat' dir='ltr'><strong>debeo,</strong></span> <span class='ocrx_word' id='word_1_276' title='bbox 1641 2473 1893 2535; x_wconf 83' lang='lat' dir='ltr'><strong>exlibellocoatm</strong></span> 
     </span>
     <span class='ocr_line' id='line_1_25' title="bbox 317 2560 1892 2647; baseline 0.001 -21"><span class='ocrx_word' id='word_1_277' title='bbox 317 2584 397 2628; x_wconf 83' lang='lat' dir='ltr'><strong>meua</strong></span> <span class='ocrx_word' id='word_1_278' title='bbox 420 2563 558 2642; x_wconf 77' lang='lat' dir='ltr'><strong>dilectur,</strong></span> <span class='ocrx_word' id='word_1_279' title='bbox 579 2569 612 2626; x_wconf 84' lang='grc' dir='ltr'><strong>εἰι</strong></span> <span class='ocrx_word' id='word_1_280' title='bbox 638 2584 695 2647; x_wconf 84' lang='lat' dir='ltr'><strong>quo</strong></span> <span class='ocrx_word' id='word_1_281' title='bbox 720 2563 798 2626; x_wconf 79' lang='lat' dir='ltr'><strong>miii</strong></span> <span class='ocrx_word' id='word_1_282' title='bbox 821 2563 888 2625; x_wconf 80' lang='lat' dir='ltr'><strong>bene</strong></span> <span class='ocrx_word' id='word_1_283' title='bbox 910 2562 1084 2644; x_wconf 78' lang='lat' dir='ltr'><strong>complacui.</strong></span> <span class='ocrx_word' id='word_1_284' title='bbox 1136 2560 1343 2642; x_wconf 79' lang='lat' dir='ltr'><strong>Apollinarem</strong></span> <span class='ocrx_word' id='word_1_285' title='bbox 1356 2562 1398 2624; x_wconf 85' lang='lat' dir='ltr'><strong>ud</strong></span> <span class='ocrx_word' id='word_1_286' title='bbox 1413 2562 1616 2645; x_wconf 71' lang='lat' dir='ltr'><strong>Theophilum.</strong></span> <span class='ocrx_word' id='word_1_287' title='bbox 1636 2584 1648 2622; x_wconf 87' lang='grc' dir='ltr'>ι</span> <span class='ocrx_word' id='word_1_288' title='bbox 1665 2565 1724 2638; x_wconf 85' lang='lat' dir='ltr'><strong>Qui</strong></span> <span class='ocrx_word' id='word_1_289' title='bbox 1744 2564 1892 2646; x_wconf 80' lang='lat' dir='ltr'><strong>Apollina-</strong></span> 
     </span>
     <span class='ocr_line' id='line_1_26' title="bbox 317 2653 1893 2737; baseline 0 -19"><span class='ocrx_word' id='word_1_290' title='bbox 317 2660 398 2719; x_wconf 85' lang='lat' dir='ltr'><strong>Tum</strong></span> <span class='ocrx_word' id='word_1_291' title='bbox 412 2658 471 2719; x_wconf 87' lang='lat' dir='ltr'><strong>hoe</strong></span> <span class='ocrx_word' id='word_1_292' title='bbox 483 2658 592 2720; x_wconf 87' lang='lat' dir='ltr'><strong>addit:</strong></span> <span class='ocrx_word' id='word_1_293' title='bbox 612 2659 733 2718; x_wconf 79' lang='lat' dir='ltr'><strong>allano</strong></span> <span class='ocrx_word' id='word_1_294' title='bbox 745 2656 856 2718; x_wconf 83' lang='lat' dir='ltr'><strong>Ariani</strong></span> <span class='ocrx_word' id='word_1_295' title='bbox 868 2660 1083 2736; x_wconf 85' lang='lat' dir='ltr'><strong>negaverunt;</strong></span> <span class='ocrx_word' id='word_1_296' title='bbox 1136 2653 1178 2713; x_wconf 85' lang='lat' dir='ltr'><strong>ris</strong></span> <span class='ocrx_word' id='word_1_297' title='bbox 1204 2654 1438 2735; x_wconf 88' lang='lat' dir='ltr'><strong>patrooinantur</strong></span> <span class='ocrx_word' id='word_1_298' title='bbox 1464 2655 1683 2734; x_wconf 86' lang='lat' dir='ltr'><strong>dogmatibus,</strong></span> <span class='ocrx_word' id='word_1_299' title='bbox 1711 2656 1829 2737; x_wconf 90' lang='lat' dir='ltr'><strong>inquit,</strong></span> <span class='ocrx_word' id='word_1_300' title='bbox 1861 2673 1893 2717; x_wconf 88' lang='lat' dir='ltr'><strong>eo</strong></span> 
     </span>
     <span class='ocr_line' id='line_1_27' title="bbox 316 2741 1893 2830; baseline -0.001 -19"><span class='ocrx_word' id='word_1_301' title='bbox 316 2768 374 2811; x_wconf 91' lang='lat' dir='ltr'><strong>nos</strong></span> <span class='ocrx_word' id='word_1_302' title='bbox 387 2755 495 2811; x_wconf 89' lang='lat' dir='ltr'><strong>autem</strong></span> <span class='ocrx_word' id='word_1_303' title='bbox 507 2755 707 2830; x_wconf 81' lang='lat' dir='ltr'><strong>agnoscentes</strong></span> <span class='ocrx_word' id='word_1_304' title='bbox 721 2750 909 2824; x_wconf 89' lang='lat' dir='ltr'><strong>adoramus;</strong></span> <span class='ocrx_word' id='word_1_305' title='bbox 931 2766 995 2808; x_wconf 90' lang='lat' dir='ltr'><strong>non</strong></span> <span class='ocrx_word' id='word_1_306' title='bbox 1008 2741 1088 2808; x_wconf 83' lang='lat' dir='ltr'><strong>divi-</strong></span> <span class='ocrx_word' id='word_1_307' title='bbox 1136 2744 1214 2823; x_wconf 88' lang='lat' dir='ltr'><strong>ipso,</strong></span> <span class='ocrx_word' id='word_1_308' title='bbox 1232 2746 1316 2825; x_wconf 92' lang='lat' dir='ltr'><strong>quod</strong></span> <span class='ocrx_word' id='word_1_309' title='bbox 1334 2764 1391 2808; x_wconf 89' lang='lat' dir='ltr'><strong>nos</strong></span> <span class='ocrx_word' id='word_1_310' title='bbox 1403 2746 1606 2826; x_wconf 83' lang='lat' dir='ltr'><strong>redarguunt,</strong></span> <span class='ocrx_word' id='word_1_311' title='bbox 1622 2766 1674 2809; x_wconf 89' lang='lat' dir='ltr'><strong>res</strong></span> <span class='ocrx_word' id='word_1_312' title='bbox 1686 2765 1759 2810; x_wconf 86' lang='lat' dir='ltr'><strong>suas</strong></span> <span class='ocrx_word' id='word_1_313' title='bbox 1769 2748 1893 2811; x_wconf 83' lang='lat' dir='ltr'><strong>stabilire</strong></span> 
     </span>
     <span class='ocr_line' id='line_1_28' title="bbox 316 2839 1971 2921; baseline -0.001 -19"><span class='ocrx_word' id='word_1_314' title='bbox 316 2843 424 2904; x_wconf 87' lang='lat' dir='ltr'><strong>dentes</strong></span> <span class='ocrx_word' id='word_1_315' title='bbox 438 2842 551 2918; x_wconf 88' lang='lat' dir='ltr'><strong>filium,</strong></span> <span class='ocrx_word' id='word_1_316' title='bbox 573 2848 604 2904; x_wconf 90' lang='lat' dir='ltr'><strong>et</strong></span> <span class='ocrx_word' id='word_1_317' title='bbox 624 2842 763 2903; x_wconf 82' lang='lat' dir='ltr'><strong>Verbum</strong></span> <span class='ocrx_word' id='word_1_318' title='bbox 777 2860 785 2901; x_wconf 76' lang='grc' dir='ltr'><strong>ε</strong></span> <span class='ocrx_word' id='word_1_319' title='bbox 801 2841 855 2902; x_wconf 90' lang='lat' dir='ltr'><strong>sed</strong></span> <span class='ocrx_word' id='word_1_320' title='bbox 879 2842 983 2920; x_wconf 92' lang='lat' dir='ltr'><strong>ipsum</strong></span> <span class='ocrx_word' id='word_1_321' title='bbox 1010 2840 1088 2900; x_wconf 92' lang='lat' dir='ltr'><strong>Ver·</strong></span> <span class='ocrx_word' id='word_1_322' title='bbox 1136 2843 1300 2914; x_wconf 82' lang='lat' dir='ltr'><strong>sonentur,</strong></span> <span class='ocrx_word' id='word_1_323' title='bbox 1315 2843 1485 2900; x_wconf 88' lang='lat' dir='ltr'><strong>asserentes</strong></span> <span class='ocrx_word' id='word_1_324' title='bbox 1498 2843 1530 2900; x_wconf 89' lang='lat' dir='ltr'><strong>et</strong></span> <span class='ocrx_word' id='word_1_325' title='bbox 1542 2839 1891 2916; x_wconf 73' lang='lat' dir='ltr'><strong>oarnaleesseVerbum</strong></span> <span class='ocrx_word' id='word_1_326' title='bbox 1970 2906 1971 2921; x_wconf 32' lang='grc' dir='ltr'>γ</span> 
     </span>
     <span class='ocr_line' id='line_1_29' title="bbox 315 2929 1971 3013; baseline 0 -18"><span class='ocrx_word' id='word_1_327' title='bbox 315 2935 392 2995; x_wconf 91' lang='lat' dir='ltr'><strong>bum</strong></span> <span class='ocrx_word' id='word_1_328' title='bbox 417 2936 545 2997; x_wconf 88' lang='lat' dir='ltr'><strong>seientes</strong></span> <span class='ocrx_word' id='word_1_329' title='bbox 560 2952 624 2996; x_wconf 89' lang='lat' dir='ltr'><strong>esse</strong></span> <span class='ocrx_word' id='word_1_330' title='bbox 648 2935 760 3009; x_wconf 84' lang='lat' dir='ltr'><strong>fllium,</strong></span> <span class='ocrx_word' id='word_1_331' title='bbox 786 2950 956 3013; x_wconf 90' lang='lat' dir='ltr'><strong>perquem</strong></span> <span class='ocrx_word' id='word_1_332' title='bbox 980 2931 1086 2993; x_wconf 90' lang='lat' dir='ltr'><strong>omnia</strong></span> <span class='ocrx_word' id='word_1_333' title='bbox 1136 2934 1167 2990; x_wconf 88' lang='lat' dir='ltr'><strong>et</strong></span> <span class='ocrx_word' id='word_1_334' title='bbox 1189 2929 1375 2991; x_wconf 79' lang='lat' dir='ltr'><strong>saeculorum</strong></span> <span class='ocrx_word' id='word_1_335' title='bbox 1394 2930 1537 3009; x_wconf 79' lang='lat' dir='ltr'><strong>opificem</strong></span> <span class='ocrx_word' id='word_1_336' title='bbox 1556 2931 1693 2994; x_wconf 88' lang='lat' dir='ltr'><strong>hominis</strong></span> <span class='ocrx_word' id='word_1_337' title='bbox 1712 2932 1893 3009; x_wconf 86' lang='lat' dir='ltr'><strong>esseiilium,</strong></span> <span class='ocrx_word' id='word_1_338' title='bbox 1970 2932 1971 3013; x_wconf 55' lang='lat' dir='ltr'><strong>ff</strong></span> 
     </span>
     <span class='ocr_line' id='line_1_30' title="bbox 314 3021 1893 3106; baseline -0.001 -18"><span class='ocrx_word' id='word_1_339' title='bbox 314 3026 395 3088; x_wconf 83' lang='lat' dir='ltr'><strong>iacta</strong></span> <span class='ocrx_word' id='word_1_340' title='bbox 408 3033 492 3100; x_wconf 87' lang='lat' dir='ltr'><strong>sunt,</strong></span> <span class='ocrx_word' id='word_1_341' title='bbox 505 3033 536 3088; x_wconf 91' lang='lat' dir='ltr'><strong>et</strong></span> <span class='ocrx_word' id='word_1_342' title='bbox 548 3045 606 3088; x_wconf 90' lang='lat' dir='ltr'><strong>nos</strong></span> <span class='ocrx_word' id='word_1_343' title='bbox 620 3026 775 3106; x_wconf 89' lang='lat' dir='ltr'><strong>redempti</strong></span> <span class='ocrx_word' id='word_1_344' title='bbox 789 3042 897 3087; x_wconf 88' lang='lat' dir='ltr'><strong>sumus</strong></span> <span class='ocrx_word' id='word_1_345' title='bbox 910 3023 934 3086; x_wconf 65' lang='grc' dir='ltr'><strong>ί.</strong></span> <span class='ocrx_word' id='word_1_346' title='bbox 953 3045 967 3084; x_wconf 87' lang='grc' dir='ltr'>ι</span> <span class='ocrx_word' id='word_1_347' title='bbox 1135 3025 1166 3082; x_wconf 89' lang='lat' dir='ltr'><strong>et</strong></span> <span class='ocrx_word' id='word_1_348' title='bbox 1174 3021 1369 3084; x_wconf 82' lang='lat' dir='ltr'><strong>divinitatem</strong></span> <span class='ocrx_word' id='word_1_349' title='bbox 1378 3038 1444 3084; x_wconf 89' lang='lat' dir='ltr'><strong>esse</strong></span> <span class='ocrx_word' id='word_1_350' title='bbox 1454 3023 1628 3085; x_wconf 84' lang='lat' dir='ltr'><strong>mortalem.</strong></span> <span class='ocrx_word' id='word_1_351' title='bbox 1641 3024 1797 3104; x_wconf 83' lang='lat' dir='ltr'><strong>Objieiunt</strong></span> <span class='ocrx_word' id='word_1_352' title='bbox 1806 3025 1893 3101; x_wconf 83' lang='lat' dir='ltr'><strong>eninr,</strong></span> 
     </span>
     <span class='ocr_line' id='line_1_31' title="bbox 355 3113 1895 3198; baseline -0.001 -20"><span class='ocrx_word' id='word_1_353' title='bbox 355 3119 547 3198; x_wconf 87' lang='lat' dir='ltr'><strong>Epiphanius</strong></span> <span class='ocrx_word' id='word_1_354' title='bbox 562 3118 673 3180; x_wconf 83' lang='lat' dir='ltr'><strong>haeresi</strong></span> <span class='ocrx_word' id='word_1_355' title='bbox 684 3134 795 3181; x_wconf 80' lang='lat' dir='ltr'><strong>nxxru.</strong></span> <span class='ocrx_word' id='word_1_356' title='bbox 815 3114 1018 3178; x_wconf 77' lang='lat' dir='ltr'><strong>«Perfectum</strong></span> <span class='ocrx_word' id='word_1_357' title='bbox 1030 3113 1086 3175; x_wconf 89' lang='lat' dir='ltr'><strong>ho-</strong></span> <span class='ocrx_word' id='word_1_358' title='bbox 1134 3114 1286 3192; x_wconf 86' lang='lat' dir='ltr'><strong>quosdem</strong></span> <span class='ocrx_word' id='word_1_359' title='bbox 1308 3132 1347 3175; x_wconf 86' lang='lat' dir='ltr'><strong>ex</strong></span> <span class='ocrx_word' id='word_1_360' title='bbox 1374 3113 1500 3176; x_wconf 84' lang='lat' dir='ltr'><strong>eeclesia</strong></span> <span class='ocrx_word' id='word_1_361' title='bbox 1521 3115 1672 3177; x_wconf 77' lang='lat' dir='ltr'><strong>catholiea</strong></span> <span class='ocrx_word' id='word_1_362' title='bbox 1693 3116 1774 3179; x_wconf 89' lang='lat' dir='ltr'><strong>duos</strong></span> <span class='ocrx_word' id='word_1_363' title='bbox 1794 3117 1827 3179; x_wconf 90' lang='lat' dir='ltr'><strong>in</strong></span> <span class='ocrx_word' id='word_1_364' title='bbox 1845 3133 1895 3178; x_wconf 87' lang='lat' dir='ltr'><strong>sue</strong></span> 
     </span>
     <span class='ocr_line' id='line_1_32' title="bbox 315 3206 1894 3290; baseline 0.001 -20"><span class='ocrx_word' id='word_1_365' title='bbox 315 3209 408 3270; x_wconf 89' lang='lat' dir='ltr'><strong>minis</strong></span> <span class='ocrx_word' id='word_1_366' title='bbox 422 3217 567 3271; x_wconf 87' lang='lat' dir='ltr'><strong>naturam</strong></span> <span class='ocrx_word' id='word_1_367' title='bbox 581 3209 749 3290; x_wconf 76' lang='lat' dir='ltr'><strong>suscepisse</strong></span> <span class='ocrx_word' id='word_1_368' title='bbox 760 3207 900 3271; x_wconf 89' lang='lat' dir='ltr'><strong>Verbum</strong></span> <span class='ocrx_word' id='word_1_369' title='bbox 913 3210 968 3284; x_wconf 84' lang='lat' dir='ltr'><strong>sit,</strong></span> <span class='ocrx_word' id='word_1_370' title='bbox 982 3224 1084 3285; x_wconf 89' lang='lat' dir='ltr'><strong>neque</strong></span> <span class='ocrx_word' id='word_1_371' title='bbox 1134 3206 1279 3285; x_wconf 84' lang='lat' dir='ltr'><strong>dogmate</strong></span> <span class='ocrx_word' id='word_1_372' title='bbox 1301 3207 1381 3269; x_wconf 90' lang='lat' dir='ltr'><strong>filios</strong></span> <span class='ocrx_word' id='word_1_373' title='bbox 1408 3225 1591 3287; x_wconf 76' lang='lat' dir='ltr'><strong>agnoscere3</strong></span> <span class='ocrx_word' id='word_1_374' title='bbox 1616 3209 1752 3271; x_wconf 87' lang='lat' dir='ltr'><strong>alterum</strong></span> <span class='ocrx_word' id='word_1_375' title='bbox 1778 3216 1894 3272; x_wconf 78' lang='lat' dir='ltr'><strong>naturu-</strong></span> 
     </span>
     <span class='ocr_line' id='line_1_33' title="bbox 314 3297 1895 3383; baseline 0.001 -20"><span class='ocrx_word' id='word_1_376' title='bbox 314 3307 421 3363; x_wconf 91' lang='lat' dir='ltr'><strong>tamen</strong></span> <span class='ocrx_word' id='word_1_377' title='bbox 433 3309 598 3383; x_wconf 88' lang='lat' dir='ltr'><strong>propterea</strong></span> <span class='ocrx_word' id='word_1_378' title='bbox 610 3302 747 3363; x_wconf 84' lang='lat' dir='ltr'><strong>Christos</strong></span> <span class='ocrx_word' id='word_1_379' title='bbox 758 3320 823 3363; x_wconf 90' lang='lat' dir='ltr'><strong>esse</strong></span> <span class='ocrx_word' id='word_1_380' title='bbox 833 3302 924 3375; x_wconf 90' lang='lat' dir='ltr'><strong>daos,</strong></span> <span class='ocrx_word' id='word_1_381' title='bbox 939 3304 993 3359; x_wconf 91' lang='lat' dir='ltr'><strong>aut</strong></span> <span class='ocrx_word' id='word_1_382' title='bbox 1006 3298 1084 3359; x_wconf 89' lang='lat' dir='ltr'><strong>duos</strong></span> <span class='ocrx_word' id='word_1_383' title='bbox 1133 3297 1214 3374; x_wconf 83' lang='lat' dir='ltr'><strong>lem3</strong></span> <span class='ocrx_word' id='word_1_384' title='bbox 1232 3299 1377 3377; x_wconf 79' lang='lat' dir='ltr'><strong>alterum,</strong></span> <span class='ocrx_word' id='word_1_385' title='bbox 1392 3300 1447 3379; x_wconf 91' lang='lat' dir='ltr'><strong>qui</strong></span> <span class='ocrx_word' id='word_1_386' title='bbox 1461 3300 1628 3381; x_wconf 88' lang='lat' dir='ltr'><strong>adoptione</strong></span> <span class='ocrx_word' id='word_1_387' title='bbox 1641 3303 1840 3382; x_wconf 90' lang='lat' dir='ltr'><strong>postmodum</strong></span> <span class='ocrx_word' id='word_1_388' title='bbox 1851 3318 1895 3363; x_wconf 85' lang='lat' dir='ltr'><strong>ee·</strong></span> 
     </span>
     <span class='ocr_line' id='line_1_34' title="bbox 314 3390 1897 3479; baseline -0.002 -22"><span class='ocrx_word' id='word_1_389' title='bbox 314 3413 403 3474; x_wconf 87' lang='lat' dir='ltr'><strong>reges</strong></span> <span class='ocrx_word' id='word_1_390' title='bbox 415 3394 496 3479; x_wconf 86' lang='lat' dir='ltr'><strong>filios</strong></span> <span class='ocrx_word' id='word_1_391' title='bbox 509 3395 565 3457; x_wconf 86' lang='lat' dir='ltr'><strong>Dei</strong></span> <span class='ocrx_word' id='word_1_392' title='bbox 582 3415 589 3456; x_wconf 92' lang='lat'>:</span> <span class='ocrx_word' id='word_1_393' title='bbox 603 3394 657 3457; x_wconf 83' lang='lat' dir='ltr'><strong>sed</strong></span> <span class='ocrx_word' id='word_1_394' title='bbox 668 3395 814 3457; x_wconf 86' lang='lat' dir='ltr'><strong>eumdem</strong></span> <span class='ocrx_word' id='word_1_395' title='bbox 828 3394 937 3469; x_wconf 88' lang='lat' dir='ltr'><strong>Deum,</strong></span> <span class='ocrx_word' id='word_1_396' title='bbox 953 3396 985 3453; x_wconf 89' lang='lat' dir='ltr'><strong>et</strong></span> <span class='ocrx_word' id='word_1_397' title='bbox 997 3409 1084 3453; x_wconf 90' lang='lat' dir='ltr'><strong>eum·</strong></span> <span class='ocrx_word' id='word_1_398' title='bbox 1134 3390 1232 3452; x_wconf 82' lang='lat' dir='ltr'><strong>cessit.</strong></span> <span class='ocrx_word' id='word_1_399' title='bbox 1250 3391 1338 3466; x_wconf 87' lang='lat' dir='ltr'><strong>Quod</strong></span> <span class='ocrx_word' id='word_1_400' title='bbox 1359 3393 1462 3454; x_wconf 80' lang='lat' dir='ltr'><strong>neseio</strong></span> <span class='ocrx_word' id='word_1_401' title='bbox 1477 3411 1647 3472; x_wconf 81' lang='lat' dir='ltr'><strong>aquenum</strong></span> <span class='ocrx_word' id='word_1_402' title='bbox 1666 3394 1833 3469; x_wconf 80' lang='lat' dir='ltr'><strong>audierint</strong></span> <span class='ocrx_word' id='word_1_403' title='bbox 1847 3398 1897 3454; x_wconf 87' lang='lat' dir='ltr'><strong>ant</strong></span> 
     </span>
     <span class='ocr_line' id='line_1_35' title="bbox 314 3484 1897 3563; baseline -0.001 -16"><span class='ocrx_word' id='word_1_404' title='bbox 314 3487 386 3547; x_wconf 92' lang='lat' dir='ltr'><strong>dem</strong></span> <span class='ocrx_word' id='word_1_405' title='bbox 399 3487 562 3550; x_wconf 88' lang='lat' dir='ltr'><strong>hominem</strong></span> <span class='ocrx_word' id='word_1_406' title='bbox 576 3497 599 3549; x_wconf 66' lang='lat' dir='ltr'><strong>t.</strong></span> <span class='ocrx_word' id='word_1_407' title='bbox 616 3510 629 3546; x_wconf 86' lang='grc' dir='ltr'>ι</span> <span class='ocrx_word' id='word_1_408' title='bbox 1133 3501 1205 3545; x_wconf 90' lang='lat' dir='ltr'><strong>eum</strong></span> <span class='ocrx_word' id='word_1_409' title='bbox 1226 3501 1289 3563; x_wconf 88' lang='lat' dir='ltr'><strong>qua</strong></span> <span class='ocrx_word' id='word_1_410' title='bbox 1309 3501 1441 3563; x_wconf 86' lang='lat' dir='ltr'><strong>persona</strong></span> <span class='ocrx_word' id='word_1_411' title='bbox 1463 3484 1631 3546; x_wconf 83' lang='lat' dir='ltr'><strong>laetentur.</strong></span> <span class='ocrx_word' id='word_1_412' title='bbox 1652 3486 1731 3547; x_wconf 87' lang='lat' dir='ltr'><strong>Nam</strong></span> <span class='ocrx_word' id='word_1_413' title='bbox 1755 3488 1897 3549; x_wconf 84' lang='lat' dir='ltr'><strong>haetenus</strong></span> 
     </span>
     <span class='ocr_line' id='line_1_36' title="bbox 354 3575 1894 3659; baseline -0.001 -18"><span class='ocrx_word' id='word_1_414' title='bbox 354 3581 409 3641; x_wconf 93' lang='lat' dir='ltr'><strong>lll.</strong></span> <span class='ocrx_word' id='word_1_415' title='bbox 438 3580 608 3659; x_wconf 81' lang='lat' dir='ltr'><strong>Gregorius</strong></span> <span class='ocrx_word' id='word_1_416' title='bbox 627 3577 837 3640; x_wconf 87' lang='lat' dir='ltr'><strong>Nazianzenus</strong></span> <span class='ocrx_word' id='word_1_417' title='bbox 864 3577 978 3637; x_wconf 87' lang='lat' dir='ltr'><strong>diserte</strong></span> <span class='ocrx_word' id='word_1_418' title='bbox 1004 3575 1083 3636; x_wconf 85' lang='lat' dir='ltr'><strong>duos</strong></span> <span class='ocrx_word' id='word_1_419' title='bbox 1131 3575 1291 3637; x_wconf 89' lang='lat' dir='ltr'><strong>neminem</strong></span> <span class='ocrx_word' id='word_1_420' title='bbox 1306 3576 1391 3650; x_wconf 86' lang='lat' dir='ltr'><strong>novi,</strong></span> <span class='ocrx_word' id='word_1_421' title='bbox 1408 3575 1463 3656; x_wconf 86' lang='lat' dir='ltr'><strong>qul</strong></span> <span class='ocrx_word' id='word_1_422' title='bbox 1476 3576 1550 3637; x_wconf 90' lang='lat' dir='ltr'><strong>talia</strong></span> <span class='ocrx_word' id='word_1_423' title='bbox 1569 3595 1733 3657; x_wconf 86' lang='lat' dir='ltr'><strong>perperam</strong></span> <span class='ocrx_word' id='word_1_424' title='bbox 1756 3579 1894 3640; x_wconf 82' lang='lat' dir='ltr'><strong>effutiret</strong></span> 
     </span>
     <span class='ocr_line' id='line_1_37' title="bbox 313 3666 1898 3750; baseline 0.001 -21"><span class='ocrx_word' id='word_1_425' title='bbox 313 3669 395 3730; x_wconf 86' lang='lat' dir='ltr'><strong>filios</strong></span> <span class='ocrx_word' id='word_1_426' title='bbox 407 3688 473 3731; x_wconf 86' lang='lat' dir='ltr'><strong>esse</strong></span> <span class='ocrx_word' id='word_1_427' title='bbox 488 3677 583 3749; x_wconf 88' lang='lat' dir='ltr'><strong>negat</strong></span> <span class='ocrx_word' id='word_1_428' title='bbox 594 3671 629 3730; x_wconf 95' lang='lat' dir='ltr'><strong>in</strong></span> <span class='ocrx_word' id='word_1_429' title='bbox 643 3671 750 3750; x_wconf 87' lang='lat' dir='ltr'><strong>priore</strong></span> <span class='ocrx_word' id='word_1_430' title='bbox 763 3668 803 3731; x_wconf 86' lang='lat' dir='ltr'><strong>ed</strong></span> <span class='ocrx_word' id='word_1_431' title='bbox 817 3666 987 3730; x_wconf 73' lang='lat' dir='ltr'><strong>cledonium</strong></span> <span class='ocrx_word' id='word_1_432' title='bbox 1001 3667 1081 3745; x_wconf 90' lang='lat' dir='ltr'><strong>epis-</strong></span> <span class='ocrx_word' id='word_1_433' title='bbox 1131 3668 1368 3743; x_wconf 87' lang='lat' dir='ltr'><strong>Verumtamen,</strong></span> <span class='ocrx_word' id='word_1_434' title='bbox 1384 3667 1535 3748; x_wconf 89' lang='lat' dir='ltr'><strong>quoniam</strong></span> <span class='ocrx_word' id='word_1_435' title='bbox 1547 3668 1608 3730; x_wconf 87' lang='lat' dir='ltr'><strong>hoe</strong></span> <span class='ocrx_word' id='word_1_436' title='bbox 1619 3676 1776 3750; x_wconf 78' lang='lat' dir='ltr'><strong>pretextu</strong></span> <span class='ocrx_word' id='word_1_437' title='bbox 1795 3675 1898 3734; x_wconf 75' lang='lat' dir='ltr'><strong>eonbu</strong></span> 
     </span>
     <span class='ocr_line' id='line_1_38' title="bbox 313 3757 1970 3841; baseline -0.001 -18"><span class='ocrx_word' id='word_1_438' title='bbox 313 3760 388 3823; x_wconf 87' lang='lat' dir='ltr'><strong>tola.</strong></span> <span class='ocrx_word' id='word_1_439' title='bbox 408 3761 565 3840; x_wconf 76' lang='lat' dir='ltr'><strong>«Siquis,</strong></span> <span class='ocrx_word' id='word_1_440' title='bbox 580 3757 1080 3840; x_wconf 83' lang='lat' dir='ltr'><strong>inquit,duosindu1eritFilios;</strong></span> <span class='ocrx_word' id='word_1_441' title='bbox 1131 3777 1189 3821; x_wconf 92' lang='lat' dir='ltr'><strong>nos</strong></span> <span class='ocrx_word' id='word_1_442' title='bbox 1201 3764 1334 3837; x_wconf 86' lang='lat' dir='ltr'><strong>utentes,</strong></span> <span class='ocrx_word' id='word_1_443' title='bbox 1355 3778 1410 3840; x_wconf 88' lang='lat' dir='ltr'><strong>per</strong></span> <span class='ocrx_word' id='word_1_444' title='bbox 1430 3760 1565 3840; x_wconf 88' lang='lat' dir='ltr'><strong>speeiem</strong></span> <span class='ocrx_word' id='word_1_445' title='bbox 1585 3761 1663 3823; x_wconf 88' lang='lat' dir='ltr'><strong>adeo</strong></span> <span class='ocrx_word' id='word_1_446' title='bbox 1682 3761 1818 3825; x_wconf 82' lang='lat' dir='ltr'><strong>absunls</strong></span> <span class='ocrx_word' id='word_1_447' title='bbox 1838 3761 1897 3841; x_wconf 91' lang='lat' dir='ltr'><strong>opi·</strong></span> <span class='ocrx_word' id='word_1_448' title='bbox 1969 3762 1970 3765; x_wconf 73' lang='grc'>’</span> 
     </span>
     <span class='ocr_line' id='line_1_39' title="bbox 313 3850 1898 3932; baseline 0.004 -20"><span class='ocrx_word' id='word_1_449' title='bbox 313 3852 446 3913; x_wconf 88' lang='lat' dir='ltr'><strong>alterum</strong></span> <span class='ocrx_word' id='word_1_450' title='bbox 460 3871 499 3914; x_wconf 83' lang='lat' dir='ltr'><strong>ex</strong></span> <span class='ocrx_word' id='word_1_451' title='bbox 512 3854 587 3932; x_wconf 87' lang='lat' dir='ltr'><strong>Deo,</strong></span> <span class='ocrx_word' id='word_1_452' title='bbox 603 3858 634 3914; x_wconf 88' lang='lat' dir='ltr'><strong>et</strong></span> <span class='ocrx_word' id='word_1_453' title='bbox 647 3854 759 3927; x_wconf 84' lang='lat' dir='ltr'><strong>Patre3</strong></span> <span class='ocrx_word' id='word_1_454' title='bbox 772 3851 1080 3925; x_wconf 76' lang='lat' dir='ltr'><strong>alterumexmatr03</strong></span> <span class='ocrx_word' id='word_1_455' title='bbox 1131 3851 1234 3912; x_wconf 91' lang='lat' dir='ltr'><strong>nionis</strong></span> <span class='ocrx_word' id='word_1_456' title='bbox 1255 3850 1490 3931; x_wconf 79' lang='lat' dir='ltr'><strong>impugnanda,</strong></span> <span class='ocrx_word' id='word_1_457' title='bbox 1514 3851 1638 3915; x_wconf 88' lang='lat' dir='ltr'><strong>dooreta</strong></span> <span class='ocrx_word' id='word_1_458' title='bbox 1668 3871 1725 3917; x_wconf 87' lang='lat' dir='ltr'><strong>sua</strong></span> <span class='ocrx_word' id='word_1_459' title='bbox 1757 3853 1898 3917; x_wconf 78' lang='lat' dir='ltr'><strong>oonobo·</strong></span> 
     </span>
    </p>
   </div>
   <div class='ocr_carea' id='block_1_3' title="bbox 291 4089 1902 5499">
    <p class='ocr_par' dir='ltr' id='par_1_3' title="bbox 311 4089 1901 4340">
     <span class='ocr_line' id='line_1_40' title="bbox 349 4089 1897 4170; baseline 0.005 -19"><span class='ocrx_word' id='word_1_460' title='bbox 349 4110 370 4151; x_wconf 83' lang='lat' dir='ltr'><strong>a</strong></span> <span class='ocrx_word' id='word_1_461' title='bbox 388 4096 468 4153; x_wconf 77' lang='lat' dir='ltr'><strong>oros.</strong></span> <span class='ocrx_word' id='word_1_462' title='bbox 494 4100 562 4152; x_wconf 86' lang='lat' dir='ltr'><strong>tom.</strong></span> <span class='ocrx_word' id='word_1_463' title='bbox 591 4095 691 4152; x_wconf 81' lang='grc' dir='ltr'>ίίΒόί).</span> <span class='ocrx_word' id='word_1_464' title='bbox 717 4093 882 4163; x_wconf 82' lang='grc' dir='ltr'>Ἐαόέόλησαι</span> <span class='ocrx_word' id='word_1_465' title='bbox 907 4089 949 4148; x_wconf 81' lang='grc' dir='ltr'>οῦν</span> <span class='ocrx_word' id='word_1_466' title='bbox 964 4100 1001 4168; x_wconf 79' lang='grc' dir='ltr'><strong>τῷ</strong></span> <span class='ocrx_word' id='word_1_467' title='bbox 1016 4094 1080 4161; x_wconf 86' lang='grc' dir='ltr'>όντι,</span> <span class='ocrx_word' id='word_1_468' title='bbox 1129 4094 1171 4148; x_wconf 73' lang='grc' dir='ltr'>καί</span> <span class='ocrx_word' id='word_1_469' title='bbox 1185 4094 1227 4149; x_wconf 84' lang='grc' dir='ltr'><strong>τόν</strong></span> <span class='ocrx_word' id='word_1_470' title='bbox 1242 4095 1328 4169; x_wconf 86' lang='grc' dir='ltr'>λόγον·</span> <span class='ocrx_word' id='word_1_471' title='bbox 1344 4093 1402 4150; x_wconf 76' lang='grc' dir='ltr'>ἀλλ’</span> <span class='ocrx_word' id='word_1_472' title='bbox 1415 4093 1489 4151; x_wconf 64' lang='lat' dir='ltr'><strong>attor</strong></span> <span class='ocrx_word' id='word_1_473' title='bbox 1513 4096 1557 4153; x_wconf 88' lang='grc' dir='ltr'><strong>εδν</strong></span> <span class='ocrx_word' id='word_1_474' title='bbox 1578 4097 1654 4170; x_wconf 89' lang='grc' dir='ltr'>λόγον</span> <span class='ocrx_word' id='word_1_475' title='bbox 1676 4096 1767 4165; x_wconf 82' lang='grc' dir='ltr'>εἰδότες</span> <span class='ocrx_word' id='word_1_476' title='bbox 1787 4093 1897 4159; x_wconf 70' lang='lat' dir='ltr'><strong>rivaria</strong></span> 
     </span>
     <span class='ocr_line' id='line_1_41' title="bbox 314 4171 1848 4257; baseline 0.005 -25"><span class='ocrx_word' id='word_1_477' title='bbox 314 4179 376 4252; x_wconf 73' lang='grc' dir='ltr'>μήτε</span> <span class='ocrx_word' id='word_1_478' title='bbox 395 4179 439 4233; x_wconf 86' lang='grc' dir='ltr'><strong>δόο</strong></span> <span class='ocrx_word' id='word_1_479' title='bbox 463 4177 593 4251; x_wconf 76' lang='grc' dir='ltr'>Χριστοῦς,</span> <span class='ocrx_word' id='word_1_480' title='bbox 615 4177 676 4249; x_wconf 80' lang='grc' dir='ltr'>μήτε</span> <span class='ocrx_word' id='word_1_481' title='bbox 693 4177 736 4233; x_wconf 79' lang='grc' dir='ltr'><strong>δίο</strong></span> <span class='ocrx_word' id='word_1_482' title='bbox 750 4176 816 4240; x_wconf 81' lang='grc' dir='ltr'>υίοθς</span> <span class='ocrx_word' id='word_1_483' title='bbox 827 4172 871 4231; x_wconf 73' lang='lat' dir='ltr'><strong>roi</strong></span> <span class='ocrx_word' id='word_1_484' title='bbox 884 4178 938 4232; x_wconf 97' lang='grc' dir='ltr'>θεοῦ</span> <span class='ocrx_word' id='word_1_485' title='bbox 952 4179 1083 4250; x_wconf 76' lang='grc' dir='ltr'>δυνάμενος</span> <span class='ocrx_word' id='word_1_486' title='bbox 1130 4176 1196 4245; x_wconf 80' lang='grc' dir='ltr'>υἱόν,</span> <span class='ocrx_word' id='word_1_487' title='bbox 1210 4176 1243 4231; x_wconf 81' lang='grc' dir='ltr'><strong>δι’</strong></span> <span class='ocrx_word' id='word_1_488' title='bbox 1252 4171 1280 4230; x_wconf 79' lang='grc' dir='ltr'><strong>οδ</strong></span> <span class='ocrx_word' id='word_1_489' title='bbox 1293 4175 1324 4233; x_wconf 80' lang='grc' dir='ltr'><strong>τὰ</strong></span> <span class='ocrx_word' id='word_1_490' title='bbox 1333 4177 1413 4232; x_wconf 76' lang='grc' dir='ltr'>πάντα</span> <span class='ocrx_word' id='word_1_491' title='bbox 1421 4179 1515 4253; x_wconf 84' lang='grc' dir='ltr'>γίγονε,</span> <span class='ocrx_word' id='word_1_492' title='bbox 1530 4178 1572 4234; x_wconf 81' lang='grc' dir='ltr'><strong>ααί</strong></span> <span class='ocrx_word' id='word_1_493' title='bbox 1583 4178 1655 4252; x_wconf 76' lang='grc' dir='ltr'>ἡμεῖς</span> <span class='ocrx_word' id='word_1_494' title='bbox 1667 4178 1848 4257; x_wconf 79' lang='grc' dir='ltr'>ἔλυτρώθημεν.</span> 
     </span>
     <span class='ocr_line' id='line_1_42' title="bbox 311 4259 1901 4340; baseline 0.003 -25"><span class='ocrx_word' id='word_1_495' title='bbox 311 4263 403 4334; x_wconf 82' lang='grc' dir='ltr'>λέγειν.</span> <span class='ocrx_word' id='word_1_496' title='bbox 1166 4260 1294 4317; x_wconf 70' lang='lat' dir='ltr'><strong>esraa.</strong></span> <span class='ocrx_word' id='word_1_497' title='bbox 1307 4259 1577 4328; x_wconf 81' lang='lat' dir='ltr'><strong>hrer.urxrrr,num.</strong></span> <span class='ocrx_word' id='word_1_498' title='bbox 1590 4262 1901 4340; x_wconf 73' lang='grc' dir='ltr'>29.Κα“ιότιμὲντιλείυς</span> 
     </span>
    </p>

    <p class='ocr_par' dir='ltr' id='par_1_4' title="bbox 309 4335 1902 4831">
     <span class='ocr_line' id='line_1_43' title="bbox 348 4335 1899 4418; baseline 0.002 -18"><span class='ocrx_word' id='word_1_499' title='bbox 348 4346 364 4400; x_wconf 85' lang='grc' dir='ltr'>ό</span> <span class='ocrx_word' id='word_1_500' title='bbox 383 4345 488 4401; x_wconf 71' lang='lat' dir='ltr'><strong>Arare.</strong></span> <span class='ocrx_word' id='word_1_501' title='bbox 512 4342 545 4397; x_wconf 86' lang='grc' dir='ltr'>Ὅ</span> <span class='ocrx_word' id='word_1_502' title='bbox 558 4342 584 4405; x_wconf 76' lang='grc' dir='ltr'><strong>δὲ</strong></span> <span class='ocrx_word' id='word_1_503' title='bbox 597 4338 648 4405; x_wconf 70' lang='lat' dir='ltr'><strong>oio&lt;</strong></span> <span class='ocrx_word' id='word_1_504' title='bbox 662 4335 698 4405; x_wconf 84' lang='grc' dir='ltr'><strong>είς</strong></span> <span class='ocrx_word' id='word_1_505' title='bbox 712 4340 772 4397; x_wconf 70' lang='grc' dir='ltr'>ἔστι·</span> <span class='ocrx_word' id='word_1_506' title='bbox 792 4342 831 4397; x_wconf 88' lang='grc' dir='ltr'><strong>διδ</strong></span> <span class='ocrx_word' id='word_1_507' title='bbox 849 4344 991 4397; x_wconf 73' lang='grc' dir='ltr'>πλανῶνται</span> <span class='ocrx_word' id='word_1_508' title='bbox 1004 4343 1044 4396; x_wconf 81' lang='grc' dir='ltr'>καλ</span> <span class='ocrx_word' id='word_1_509' title='bbox 1058 4340 1082 4397; x_wconf 79' lang='grc' dir='ltr'><strong>οἱ</strong></span> <span class='ocrx_word' id='word_1_510' title='bbox 1131 4339 1315 4415; x_wconf 80' lang='grc' dir='ltr'>ἔνηνθρώπησεν</span> <span class='ocrx_word' id='word_1_511' title='bbox 1325 4338 1401 4397; x_wconf 67' lang='lat' dir='ltr'><strong>titia</strong></span> <span class='ocrx_word' id='word_1_512' title='bbox 1416 4342 1430 4398; x_wconf 88' lang='grc' dir='ltr'>δ</span> <span class='ocrx_word' id='word_1_513' title='bbox 1442 4344 1527 4418; x_wconf 90' lang='grc' dir='ltr'>λόγος,</span> <span class='ocrx_word' id='word_1_514' title='bbox 1541 4348 1615 4400; x_wconf 90' lang='grc' dir='ltr'>τοῦτο</span> <span class='ocrx_word' id='word_1_515' title='bbox 1628 4344 1714 4415; x_wconf 65' lang='grc' dir='ltr'>δῆλον.</span> <span class='ocrx_word' id='word_1_516' title='bbox 1725 4350 1768 4414; x_wconf 73' lang='grc' dir='ltr'>παλ</span> <span class='ocrx_word' id='word_1_517' title='bbox 1783 4347 1825 4403; x_wconf 65' lang='lat' dir='ltr'><strong>tta</strong></span> <span class='ocrx_word' id='word_1_518' title='bbox 1835 4346 1899 4402; x_wconf 85' lang='grc' dir='ltr'>είπο·</span> 
     </span>
     <span class='ocr_line' id='line_1_44' title="bbox 310 4424 1902 4505; baseline 0.004 -24"><span class='ocrx_word' id='word_1_519' title='bbox 310 4429 432 4500; x_wconf 78' lang='grc' dir='ltr'>λέγοντες,</span> <span class='ocrx_word' id='word_1_520' title='bbox 447 4428 485 4481; x_wconf 89' lang='grc' dir='ltr'><strong>ότι</strong></span> <span class='ocrx_word' id='word_1_521' title='bbox 500 4426 576 4490; x_wconf 81' lang='grc' dir='ltr'>όλλος</span> <span class='ocrx_word' id='word_1_522' title='bbox 589 4425 654 4480; x_wconf 71' lang='grc' dir='ltr'>ἐστὶν</span> <span class='ocrx_word' id='word_1_523' title='bbox 668 4425 682 4480; x_wconf 91' lang='grc' dir='ltr'>ό</span> <span class='ocrx_word' id='word_1_524' title='bbox 696 4425 853 4498; x_wconf 83' lang='grc' dir='ltr'>παθὼνυίδς,</span> <span class='ocrx_word' id='word_1_525' title='bbox 867 4426 909 4479; x_wconf 78' lang='grc' dir='ltr'>καί</span> <span class='ocrx_word' id='word_1_526' title='bbox 926 4424 1030 4488; x_wconf 78' lang='grc' dir='ltr'>όλλοςό</span> <span class='ocrx_word' id='word_1_527' title='bbox 1048 4424 1081 4498; x_wconf 67' lang='grc' dir='ltr'><strong>μὴ</strong></span> <span class='ocrx_word' id='word_1_528' title='bbox 1131 4443 1174 4497; x_wconf 83' lang='grc' dir='ltr'><strong>μιν</strong></span> <span class='ocrx_word' id='word_1_529' title='bbox 1193 4425 1302 4491; x_wconf 85' lang='grc' dir='ltr'>τελείως,</span> <span class='ocrx_word' id='word_1_530' title='bbox 1317 4424 1345 4479; x_wconf 86' lang='grc' dir='ltr'><strong>οδ</strong></span> <span class='ocrx_word' id='word_1_531' title='bbox 1359 4425 1402 4479; x_wconf 76' lang='lat' dir='ltr'><strong>tta</strong></span> <span class='ocrx_word' id='word_1_532' title='bbox 1420 4426 1541 4499; x_wconf 81' lang='grc' dir='ltr'>Χριστοίις</span> <span class='ocrx_word' id='word_1_533' title='bbox 1555 4426 1657 4505; x_wconf 65' lang='grc' dir='ltr'>ἔχομεν,</span> <span class='ocrx_word' id='word_1_534' title='bbox 1672 4428 1701 4484; x_wconf 78' lang='grc' dir='ltr'><strong>οδ</strong></span> <span class='ocrx_word' id='word_1_535' title='bbox 1724 4430 1771 4485; x_wconf 74' lang='lat' dir='ltr'><strong>ota</strong></span> <span class='ocrx_word' id='word_1_536' title='bbox 1791 4430 1902 4504; x_wconf 80' lang='grc' dir='ltr'>βασιλίες</span> 
     </span>
     <span class='ocr_line' id='line_1_45' title="bbox 310 4505 1858 4587; baseline 0.003 -23"><span class='ocrx_word' id='word_1_537' title='bbox 310 4510 403 4565; x_wconf 77' lang='grc' dir='ltr'>παθὼν.</span> <span class='ocrx_word' id='word_1_538' title='bbox 419 4510 448 4565; x_wconf 85' lang='grc' dir='ltr'>οῦ</span> <span class='ocrx_word' id='word_1_539' title='bbox 456 4509 504 4582; x_wconf 70' lang='grc' dir='ltr'><strong>γὰρ</strong></span> <span class='ocrx_word' id='word_1_540' title='bbox 518 4509 600 4583; x_wconf 80' lang='grc' dir='ltr'>ίτερός</span> <span class='ocrx_word' id='word_1_541' title='bbox 610 4507 661 4563; x_wconf 74' lang='grc' dir='ltr'>ἔστι</span> <span class='ocrx_word' id='word_1_542' title='bbox 676 4508 742 4582; x_wconf 73' lang='grc' dir='ltr'>παρὰ</span> <span class='ocrx_word' id='word_1_543' title='bbox 752 4510 795 4563; x_wconf 77' lang='grc' dir='ltr'><strong>τόν</strong></span> <span class='ocrx_word' id='word_1_544' title='bbox 809 4509 861 4563; x_wconf 85' lang='grc' dir='ltr'>υίδν</span> <span class='ocrx_word' id='word_1_545' title='bbox 876 4514 919 4564; x_wconf 86' lang='grc' dir='ltr'>τοῦ</span> <span class='ocrx_word' id='word_1_546' title='bbox 932 4510 998 4573; x_wconf 86' lang='grc' dir='ltr'>θεοῦ,</span> <span class='ocrx_word' id='word_1_547' title='bbox 1010 4508 1024 4562; x_wconf 90' lang='grc' dir='ltr'>ό</span> <span class='ocrx_word' id='word_1_548' title='bbox 1037 4509 1080 4562; x_wconf 89' lang='grc' dir='ltr'><strong>τδν</strong></span> <span class='ocrx_word' id='word_1_549' title='bbox 1129 4505 1195 4570; x_wconf 64' lang='lat' dir='ltr'><strong>atate</strong></span> <span class='ocrx_word' id='word_1_550' title='bbox 1208 4509 1273 4564; x_wconf 84' lang='grc' dir='ltr'>θεοῦ·</span> <span class='ocrx_word' id='word_1_551' title='bbox 1287 4507 1352 4562; x_wconf 75' lang='grc' dir='ltr'>ἀλλὰ</span> <span class='ocrx_word' id='word_1_552' title='bbox 1360 4509 1402 4563; x_wconf 83' lang='grc' dir='ltr'><strong>τόν</strong></span> <span class='ocrx_word' id='word_1_553' title='bbox 1416 4508 1491 4563; x_wconf 83' lang='grc' dir='ltr'>αῦτόν</span> <span class='ocrx_word' id='word_1_554' title='bbox 1504 4511 1569 4575; x_wconf 82' lang='grc' dir='ltr'>θεόν,</span> <span class='ocrx_word' id='word_1_555' title='bbox 1579 4512 1622 4565; x_wconf 87' lang='grc' dir='ltr'><strong>τδν</strong></span> <span class='ocrx_word' id='word_1_556' title='bbox 1635 4511 1709 4567; x_wconf 87' lang='grc' dir='ltr'>αθτόν</span> <span class='ocrx_word' id='word_1_557' title='bbox 1718 4512 1858 4587; x_wconf 71' lang='grc' dir='ltr'>ἄνθρωπον.</span> 
     </span>
     <span class='ocr_line' id='line_1_46' title="bbox 309 4589 1902 4668; baseline 0.004 -22"><span class='ocrx_word' id='word_1_558' title='bbox 309 4594 476 4658; x_wconf 67' lang='lat' dir='ltr'><strong>immemori</strong></span> <span class='ocrx_word' id='word_1_559' title='bbox 487 4593 602 4655; x_wconf 75' lang='grc' dir='ltr'>τὸπάθος</span> <span class='ocrx_word' id='word_1_560' title='bbox 612 4592 811 4665; x_wconf 73' lang='grc' dir='ltr'>ἀναδεδεγμένος.</span> <span class='ocrx_word' id='word_1_561' title='bbox 823 4592 880 4648; x_wconf 74' lang='grc' dir='ltr'>ἀλλ’</span> <span class='ocrx_word' id='word_1_562' title='bbox 900 4591 973 4656; x_wconf 81' lang='grc' dir='ltr'>αθτός</span> <span class='ocrx_word' id='word_1_563' title='bbox 988 4592 1003 4645; x_wconf 92' lang='grc' dir='ltr'>ό</span> <span class='ocrx_word' id='word_1_564' title='bbox 1019 4592 1081 4647; x_wconf 76' lang='grc' dir='ltr'>ἀπα-</span> <span class='ocrx_word' id='word_1_565' title='bbox 1166 4589 1187 4664; x_wconf 74' lang='lat' dir='ltr'><strong><em>f</em></strong></span> <span class='ocrx_word' id='word_1_566' title='bbox 1202 4591 1327 4649; x_wconf 65' lang='lat' dir='ltr'><strong>Nititur.</strong></span> <span class='ocrx_word' id='word_1_567' title='bbox 1346 4598 1417 4650; x_wconf 74' lang='lat' dir='ltr'><strong>orat.</strong></span> <span class='ocrx_word' id='word_1_568' title='bbox 1436 4608 1471 4648; x_wconf 82' lang='lat' dir='ltr'><strong>u.</strong></span> <span class='ocrx_word' id='word_1_569' title='bbox 1491 4590 1523 4647; x_wconf 80' lang='lat' dir='ltr'><strong>Et</strong></span> <span class='ocrx_word' id='word_1_570' title='bbox 1536 4612 1573 4656; x_wconf 85' lang='grc' dir='ltr'>τις</span> <span class='ocrx_word' id='word_1_571' title='bbox 1597 4592 1690 4668; x_wconf 79' lang='grc' dir='ltr'>εἰσάγει</span> <span class='ocrx_word' id='word_1_572' title='bbox 1707 4596 1753 4651; x_wconf 77' lang='lat' dir='ltr'><strong>tto</strong></span> <span class='ocrx_word' id='word_1_573' title='bbox 1766 4597 1846 4664; x_wconf 79' lang='grc' dir='ltr'>υἱοθς,</span> <span class='ocrx_word' id='word_1_574' title='bbox 1859 4596 1902 4652; x_wconf 69' lang='lat' dir='ltr'><strong>it«</strong></span> 
     </span>
     <span class='ocr_line' id='line_1_47' title="bbox 310 4672 1902 4751; baseline 0.004 -23"><span class='ocrx_word' id='word_1_575' title='bbox 310 4674 363 4742; x_wconf 75' lang='grc' dir='ltr'>θὴς,</span> <span class='ocrx_word' id='word_1_576' title='bbox 385 4677 426 4729; x_wconf 75' lang='grc' dir='ltr'>καί</span> <span class='ocrx_word' id='word_1_577' title='bbox 449 4674 581 4748; x_wconf 72' lang='grc' dir='ltr'>ἀσώματος</span> <span class='ocrx_word' id='word_1_578' title='bbox 593 4675 669 4749; x_wconf 89' lang='grc' dir='ltr'>λόγος</span> <span class='ocrx_word' id='word_1_579' title='bbox 686 4675 805 4747; x_wconf 85' lang='grc' dir='ltr'>γενίσειυς</span> <span class='ocrx_word' id='word_1_580' title='bbox 817 4676 908 4749; x_wconf 83' lang='grc' dir='ltr'>σαραδς</span> <span class='ocrx_word' id='word_1_581' title='bbox 929 4674 1081 4748; x_wconf 74' lang='grc' dir='ltr'>ἀνθρωπίνης</span> <span class='ocrx_word' id='word_1_582' title='bbox 1130 4672 1174 4745; x_wconf 71' lang='grc' dir='ltr'><strong>μὲν</strong></span> <span class='ocrx_word' id='word_1_583' title='bbox 1187 4673 1230 4729; x_wconf 81' lang='grc' dir='ltr'><strong>τόν</strong></span> <span class='ocrx_word' id='word_1_584' title='bbox 1255 4672 1282 4728; x_wconf 72' lang='lat' dir='ltr'><strong>ir</strong></span> <span class='ocrx_word' id='word_1_585' title='bbox 1300 4675 1366 4741; x_wconf 82' lang='grc' dir='ltr'>θεοῦ,</span> <span class='ocrx_word' id='word_1_586' title='bbox 1381 4676 1423 4730; x_wconf 74' lang='lat' dir='ltr'><strong>mi</strong></span> <span class='ocrx_word' id='word_1_587' title='bbox 1445 4676 1546 4749; x_wconf 82' lang='grc' dir='ltr'>πατρός,</span> <span class='ocrx_word' id='word_1_588' title='bbox 1560 4677 1674 4751; x_wconf 77' lang='grc' dir='ltr'>δεύτερον</span> <span class='ocrx_word' id='word_1_589' title='bbox 1695 4680 1723 4734; x_wconf 80' lang='lat' dir='ltr'><strong>ot</strong></span> <span class='ocrx_word' id='word_1_590' title='bbox 1742 4680 1789 4737; x_wconf 66' lang='grc' dir='ltr'><strong>τόν</strong></span> <span class='ocrx_word' id='word_1_591' title='bbox 1813 4679 1841 4735; x_wconf 74' lang='grc' dir='ltr'><strong>δι</strong></span> <span class='ocrx_word' id='word_1_592' title='bbox 1860 4684 1902 4748; x_wconf 65' lang='grc' dir='ltr'>τῆς</span> 
     </span>
     <span class='ocr_line' id='line_1_48' title="bbox 311 4755 1901 4831; baseline 0.004 -22"><span class='ocrx_word' id='word_1_593' title='bbox 311 4756 489 4829; x_wconf 74' lang='grc' dir='ltr'>ἀνασχόμενος.</span> <span class='ocrx_word' id='word_1_594' title='bbox 1128 4755 1228 4828; x_wconf 78' lang='grc' dir='ltr'>μητρός,</span> <span class='ocrx_word' id='word_1_595' title='bbox 1248 4755 1305 4811; x_wconf 76' lang='grc' dir='ltr'>ἀλλ’</span> <span class='ocrx_word' id='word_1_596' title='bbox 1318 4755 1377 4830; x_wconf 60' lang='lat' dir='ltr'><strong>uixi</strong></span> <span class='ocrx_word' id='word_1_597' title='bbox 1392 4758 1488 4813; x_wconf 65' lang='lat' dir='ltr'><strong>tremi</strong></span> <span class='ocrx_word' id='word_1_598' title='bbox 1503 4759 1547 4815; x_wconf 89' lang='grc' dir='ltr'><strong>τδν</strong></span> <span class='ocrx_word' id='word_1_599' title='bbox 1565 4759 1652 4828; x_wconf 83' lang='grc' dir='ltr'>αῦτδν,</span> <span class='ocrx_word' id='word_1_600' title='bbox 1666 4763 1764 4831; x_wconf 55' lang='lat' dir='ltr'><strong>aelst&lt;</strong></span> <span class='ocrx_word' id='word_1_601' title='bbox 1781 4761 1901 4826; x_wconf 74' lang='grc' dir='ltr'>υἱοθεσίας</span> 
     </span>
    </p>

    <p class='ocr_par' dir='ltr' id='par_1_5' title="bbox 308 4837 1902 5245">
     <span class='ocr_line' id='line_1_49' title="bbox 346 4837 1902 4920; baseline 0.003 -25"><span class='ocrx_word' id='word_1_602' title='bbox 346 4855 361 4895; x_wconf 84' lang='grc' dir='ltr'>ο</span> <span class='ocrx_word' id='word_1_603' title='bbox 380 4839 420 4895; x_wconf 85' lang='lat' dir='ltr'><strong>td.</strong></span> <span class='ocrx_word' id='word_1_604' title='bbox 445 4838 493 4892; x_wconf 80' lang='grc' dir='ltr'><strong>Ἐκ</strong></span> <span class='ocrx_word' id='word_1_605' title='bbox 510 4839 539 4908; x_wconf 74' lang='grc' dir='ltr'><strong>δὴ</strong></span> <span class='ocrx_word' id='word_1_606' title='bbox 554 4840 642 4895; x_wconf 82' lang='grc' dir='ltr'>τοῦτου</span> <span class='ocrx_word' id='word_1_607' title='bbox 661 4839 807 4907; x_wconf 76' lang='grc' dir='ltr'>σιωπήσωσι</span> <span class='ocrx_word' id='word_1_608' title='bbox 820 4841 907 4894; x_wconf 87' lang='grc' dir='ltr'>λοιπόν</span> <span class='ocrx_word' id='word_1_609' title='bbox 921 4841 962 4894; x_wconf 80' lang='lat' dir='ltr'><strong>md</strong></span> <span class='ocrx_word' id='word_1_610' title='bbox 981 4840 1006 4895; x_wconf 86' lang='lat' dir='ltr'><strong>ol</strong></span> <span class='ocrx_word' id='word_1_611' title='bbox 1020 4840 1080 4897; x_wconf 75' lang='lat' dir='ltr'><strong>noti</strong></span> <span class='ocrx_word' id='word_1_612' title='bbox 1128 4837 1224 4894; x_wconf 75' lang='grc' dir='ltr'>ίεπίσοι</span> <span class='ocrx_word' id='word_1_613' title='bbox 1237 4843 1282 4908; x_wconf 78' lang='grc' dir='ltr'>τῆς</span> <span class='ocrx_word' id='word_1_614' title='bbox 1293 4837 1475 4915; x_wconf 63' lang='grc' dir='ltr'>ἐπηγγελμένης</span> <span class='ocrx_word' id='word_1_615' title='bbox 1488 4844 1542 4906; x_wconf 81' lang='grc' dir='ltr'>τοῖς</span> <span class='ocrx_word' id='word_1_616' title='bbox 1558 4841 1637 4917; x_wconf 76' lang='grc' dir='ltr'>ὀρθῶς</span> <span class='ocrx_word' id='word_1_617' title='bbox 1651 4845 1807 4903; x_wconf 74' lang='grc' dir='ltr'>πιστυίουσι.</span> <span class='ocrx_word' id='word_1_618' title='bbox 1822 4846 1902 4920; x_wconf 83' lang='grc' dir='ltr'>ρόσεις</span> 
     </span>
     <span class='ocr_line' id='line_1_50' title="bbox 310 4917 1902 5005; baseline 0.006 -31"><span class='ocrx_word' id='word_1_619' title='bbox 310 4920 418 4985; x_wconf 75' lang='grc' dir='ltr'>εἰπόντες</span> <span class='ocrx_word' id='word_1_620' title='bbox 434 4922 477 4975; x_wconf 89' lang='grc' dir='ltr'><strong>τόν</strong></span> <span class='ocrx_word' id='word_1_621' title='bbox 501 4919 528 4975; x_wconf 72' lang='lat' dir='ltr'><strong>is</strong></span> <span class='ocrx_word' id='word_1_622' title='bbox 545 4922 642 4994; x_wconf 77' lang='grc' dir='ltr'>Μαρίας</span> <span class='ocrx_word' id='word_1_623' title='bbox 660 4923 812 4995; x_wconf 82' lang='grc' dir='ltr'>προελθόντα</span> <span class='ocrx_word' id='word_1_624' title='bbox 826 4923 859 4997; x_wconf 73' lang='grc' dir='ltr'><strong>μη</strong></span> <span class='ocrx_word' id='word_1_625' title='bbox 875 4917 938 4977; x_wconf 85' lang='grc' dir='ltr'>είνειι</span> <span class='ocrx_word' id='word_1_626' title='bbox 952 4921 1025 4979; x_wconf 72' lang='lat' dir='ltr'><strong>mitta</strong></span> <span class='ocrx_word' id='word_1_627' title='bbox 1036 4923 1079 4980; x_wconf 87' lang='grc' dir='ltr'><strong>τόν</strong></span> <span class='ocrx_word' id='word_1_628' title='bbox 1127 4920 1170 4994; x_wconf 74' lang='grc' dir='ltr'><strong>μὲν</strong></span> <span class='ocrx_word' id='word_1_629' title='bbox 1185 4920 1233 4995; x_wconf 72' lang='grc' dir='ltr'><strong>γὰρ</strong></span> <span class='ocrx_word' id='word_1_630' title='bbox 1253 4922 1297 4979; x_wconf 80' lang='grc' dir='ltr'><strong>δύο</strong></span> <span class='ocrx_word' id='word_1_631' title='bbox 1321 4922 1385 4989; x_wconf 84' lang='grc' dir='ltr'>θεός,</span> <span class='ocrx_word' id='word_1_632' title='bbox 1408 4926 1449 4978; x_wconf 76' lang='lat' dir='ltr'><strong>ml</strong></span> <span class='ocrx_word' id='word_1_633' title='bbox 1467 4924 1602 4999; x_wconf 81' lang='grc' dir='ltr'>όνθρυπυς.</span> <span class='ocrx_word' id='word_1_634' title='bbox 1623 4923 1673 4982; x_wconf 69' lang='lat' dir='ltr'><strong>tae</strong></span> <span class='ocrx_word' id='word_1_635' title='bbox 1697 4929 1738 4983; x_wconf 75' lang='lat' dir='ltr'><strong>uel</strong></span> <span class='ocrx_word' id='word_1_636' title='bbox 1764 4928 1843 5005; x_wconf 73' lang='grc' dir='ltr'>ψυχὴ,</span> <span class='ocrx_word' id='word_1_637' title='bbox 1863 4928 1902 4983; x_wconf 76' lang='lat' dir='ltr'><strong>mi</strong></span> 
     </span>
     <span class='ocr_line' id='line_1_51' title="bbox 309 5000 1901 5084; baseline 0.006 -25"><span class='ocrx_word' id='word_1_638' title='bbox 309 5003 426 5075; x_wconf 79' lang='grc' dir='ltr'>Χριστόν,</span> <span class='ocrx_word' id='word_1_639' title='bbox 438 5002 479 5057; x_wconf 83' lang='grc' dir='ltr'><strong>ααί</strong></span> <span class='ocrx_word' id='word_1_640' title='bbox 499 5003 591 5076; x_wconf 81' lang='grc' dir='ltr'>κόριον,</span> <span class='ocrx_word' id='word_1_641' title='bbox 606 5006 647 5057; x_wconf 80' lang='grc' dir='ltr'>καί</span> <span class='ocrx_word' id='word_1_642' title='bbox 666 5004 730 5067; x_wconf 87' lang='grc' dir='ltr'>θεδν,</span> <span class='ocrx_word' id='word_1_643' title='bbox 746 5003 768 5058; x_wconf 87' lang='grc' dir='ltr'><strong>εί</strong></span> <span class='ocrx_word' id='word_1_644' title='bbox 781 5004 828 5076; x_wconf 79' lang='grc' dir='ltr'><strong>γὰρ</strong></span> <span class='ocrx_word' id='word_1_645' title='bbox 842 5002 875 5077; x_wconf 73' lang='grc' dir='ltr'><strong>μὴ</strong></span> <span class='ocrx_word' id='word_1_646' title='bbox 890 5006 942 5068; x_wconf 69' lang='lat' dir='ltr'><strong>tet&lt;</strong></span> <span class='ocrx_word' id='word_1_647' title='bbox 957 5000 987 5074; x_wconf 70' lang='grc' dir='ltr'><strong>ἦν</strong></span> <span class='ocrx_word' id='word_1_648' title='bbox 1003 5003 1026 5058; x_wconf 80' lang='grc' dir='ltr'><strong>ἰν</strong></span> <span class='ocrx_word' id='word_1_649' title='bbox 1041 5012 1078 5079; x_wconf 80' lang='grc' dir='ltr'><strong>τῷ</strong></span> <span class='ocrx_word' id='word_1_650' title='bbox 1127 5011 1210 5077; x_wconf 80' lang='grc' dir='ltr'>σῶμα.</span> <span class='ocrx_word' id='word_1_651' title='bbox 1225 5005 1275 5060; x_wconf 83' lang='grc' dir='ltr'>υἱοί</span> <span class='ocrx_word' id='word_1_652' title='bbox 1286 5004 1323 5078; x_wconf 75' lang='grc' dir='ltr'><strong>δὲ,</strong></span> <span class='ocrx_word' id='word_1_653' title='bbox 1338 5003 1367 5059; x_wconf 81' lang='lat' dir='ltr'><strong>ot</strong></span> <span class='ocrx_word' id='word_1_654' title='bbox 1386 5006 1441 5073; x_wconf 77' lang='lat' dir='ltr'><strong>tto,</strong></span> <span class='ocrx_word' id='word_1_655' title='bbox 1457 5005 1513 5062; x_wconf 73' lang='grc' dir='ltr'>οῦδὲ</span> <span class='ocrx_word' id='word_1_656' title='bbox 1526 5009 1588 5064; x_wconf 85' lang='grc' dir='ltr'>θεοί.</span> <span class='ocrx_word' id='word_1_657' title='bbox 1603 5006 1658 5065; x_wconf 73' lang='grc' dir='ltr'>οῦδὲ</span> <span class='ocrx_word' id='word_1_658' title='bbox 1671 5008 1719 5084; x_wconf 78' lang='grc' dir='ltr'><strong>γὰρ</strong></span> <span class='ocrx_word' id='word_1_659' title='bbox 1735 5008 1844 5067; x_wconf 84' lang='grc' dir='ltr'>ίιιταῦθα</span> <span class='ocrx_word' id='word_1_660' title='bbox 1860 5011 1901 5067; x_wconf 82' lang='grc' dir='ltr'><strong>δίο</strong></span> 
     </span>
     <span class='ocr_line' id='line_1_52' title="bbox 308 5084 1259 5161; baseline 0.003 -21"><span class='ocrx_word' id='word_1_661' title='bbox 308 5087 415 5159; x_wconf 84' lang='grc' dir='ltr'>σώματι,</span> <span class='ocrx_word' id='word_1_662' title='bbox 425 5092 478 5148; x_wconf 85' lang='grc' dir='ltr'>πῶς</span> <span class='ocrx_word' id='word_1_663' title='bbox 490 5084 556 5150; x_wconf 62' lang='lat' dir='ltr'><strong>tutte</strong></span> <span class='ocrx_word' id='word_1_664' title='bbox 569 5086 694 5159; x_wconf 79' lang='grc' dir='ltr'>προελθὼν</span> <span class='ocrx_word' id='word_1_665' title='bbox 710 5085 736 5139; x_wconf 77' lang='grc' dir='ltr'><strong>ἐκ</strong></span> <span class='ocrx_word' id='word_1_666' title='bbox 749 5087 857 5160; x_wconf 85' lang='grc' dir='ltr'>Μαρίας,</span> <span class='ocrx_word' id='word_1_667' title='bbox 873 5085 961 5157; x_wconf 70' lang='grc' dir='ltr'>ἐκλήθη</span> <span class='ocrx_word' id='word_1_668' title='bbox 976 5087 1077 5161; x_wconf 86' lang='grc' dir='ltr'>Ἐμμα-</span> <span class='ocrx_word' id='word_1_669' title='bbox 1126 5088 1259 5161; x_wconf 79' lang='grc' dir='ltr'>όνθροιποι.</span> 
     </span>
     <span class='ocr_line' id='line_1_53' title="bbox 309 5166 1351 5245; baseline 0.005 -24"><span class='ocrx_word' id='word_1_670' title='bbox 309 5168 422 5236; x_wconf 79' lang='grc' dir='ltr'>νουὴλ,ό</span> <span class='ocrx_word' id='word_1_671' title='bbox 438 5166 489 5223; x_wconf 78' lang='grc' dir='ltr'>ἔστι</span> <span class='ocrx_word' id='word_1_672' title='bbox 501 5169 738 5242; x_wconf 86' lang='grc' dir='ltr'>μεθερμηνευόμενον</span> <span class='ocrx_word' id='word_1_673' title='bbox 752 5167 805 5242; x_wconf 84' lang='grc' dir='ltr'>μεθ’</span> <span class='ocrx_word' id='word_1_674' title='bbox 815 5168 887 5243; x_wconf 77' lang='grc' dir='ltr'>ἡμῶν</span> <span class='ocrx_word' id='word_1_675' title='bbox 902 5171 916 5225; x_wconf 92' lang='grc' dir='ltr'>ό</span> <span class='ocrx_word' id='word_1_676' title='bbox 929 5172 997 5242; x_wconf 63' lang='lat' dir='ltr'><strong>mog</strong></span> <span class='ocrx_word' id='word_1_677' title='bbox 1160 5188 1182 5245; x_wconf 67' lang='grc' dir='ltr'>ρ</span> <span class='ocrx_word' id='word_1_678' title='bbox 1200 5170 1239 5226; x_wconf 91' lang='lat' dir='ltr'><strong>ld.</strong></span> <span class='ocrx_word' id='word_1_679' title='bbox 1252 5174 1351 5230; x_wconf 75' lang='lat' dir='ltr'><strong>Germ.</strong></span> 
     </span>
    </p>

    <p class='ocr_par' dir='ltr' id='par_1_6' title="bbox 308 5250 1709 5411">
     <span class='ocr_line' id='line_1_54' title="bbox 344 5250 1701 5328; baseline 0.004 -20"><span class='ocrx_word' id='word_1_680' title='bbox 344 5251 365 5307; x_wconf 83' lang='grc' dir='ltr'><strong>εί</strong></span> <span class='ocrx_word' id='word_1_681' title='bbox 384 5250 453 5308; x_wconf 86' lang='lat' dir='ltr'><strong>ibid.</strong></span> <span class='ocrx_word' id='word_1_682' title='bbox 465 5252 558 5305; x_wconf 83' lang='grc' dir='ltr'>Τοῦτον</span> <span class='ocrx_word' id='word_1_683' title='bbox 577 5251 600 5305; x_wconf 84' lang='lat' dir='ltr'><strong>oi</strong></span> <span class='ocrx_word' id='word_1_684' title='bbox 616 5251 659 5324; x_wconf 84' lang='grc' dir='ltr'><strong>μίν</strong></span> <span class='ocrx_word' id='word_1_685' title='bbox 679 5250 797 5324; x_wconf 72' lang='lat' dir='ltr'><strong>&#39;ipsemet</strong></span> <span class='ocrx_word' id='word_1_686' title='bbox 810 5251 956 5325; x_wconf 65' lang='lat' dir='ltr'><strong>ipsissimo.</strong></span> <span class='ocrx_word' id='word_1_687' title='bbox 968 5253 1039 5325; x_wconf 77' lang='grc' dir='ltr'>ἡμεῖς</span> <span class='ocrx_word' id='word_1_688' title='bbox 1050 5252 1077 5307; x_wconf 79' lang='grc' dir='ltr'><strong>δὲ</strong></span> <span class='ocrx_word' id='word_1_689' title='bbox 1231 5251 1305 5308; x_wconf 85' lang='grc' dir='ltr'>Ἴσον</span> <span class='ocrx_word' id='word_1_690' title='bbox 1319 5273 1343 5309; x_wconf 92' lang='grc' dir='ltr'><strong>τι</strong></span> <span class='ocrx_word' id='word_1_691' title='bbox 1358 5253 1406 5328; x_wconf 75' lang='grc' dir='ltr'><strong>γὰρ</strong></span> <span class='ocrx_word' id='word_1_692' title='bbox 1417 5254 1545 5312; x_wconf 73' lang='grc' dir='ltr'>πταίουσιν</span> <span class='ocrx_word' id='word_1_693' title='bbox 1556 5252 1580 5319; x_wconf 72' lang='grc' dir='ltr'><strong>ἒξ</strong></span> <span class='ocrx_word' id='word_1_694' title='bbox 1593 5254 1701 5321; x_wconf 77' lang='grc' dir='ltr'>ἐναντίας</span> 
     </span>
     <span class='ocr_line' id='line_1_55' title="bbox 308 5333 1709 5411; baseline 0.006 -22"><span class='ocrx_word' id='word_1_695' title='bbox 308 5333 508 5408; x_wconf 84' lang='grc' dir='ltr'>ίπιγινόιαιιοντις</span> <span class='ocrx_word' id='word_1_696' title='bbox 521 5339 716 5408; x_wconf 72' lang='grc' dir='ltr'>προσκυνοῦμεν,</span> <span class='ocrx_word' id='word_1_697' title='bbox 730 5334 759 5389; x_wconf 82' lang='grc' dir='ltr'>οῦ</span> <span class='ocrx_word' id='word_1_698' title='bbox 780 5337 927 5408; x_wconf 77' lang='grc' dir='ltr'>διαιροῦντες</span> <span class='ocrx_word' id='word_1_699' title='bbox 945 5337 989 5392; x_wconf 79' lang='grc' dir='ltr'><strong>τόν</strong></span> <span class='ocrx_word' id='word_1_700' title='bbox 1012 5335 1076 5403; x_wconf 80' lang='grc' dir='ltr'>υἱόν,</span> <span class='ocrx_word' id='word_1_701' title='bbox 1230 5337 1289 5399; x_wconf 80' lang='grc' dir='ltr'>Τοῦτ</span> <span class='ocrx_word' id='word_1_702' title='bbox 1298 5336 1436 5411; x_wconf 78' lang='grc' dir='ltr'>είαάγυεαιν</span> <span class='ocrx_word' id='word_1_703' title='bbox 1450 5337 1566 5403; x_wconf 79' lang='grc' dir='ltr'>όσειόπυε</span> <span class='ocrx_word' id='word_1_704' title='bbox 1578 5340 1709 5408; x_wconf 83' lang='grc' dir='ltr'>υίυδςδῦυ,</span> 
     </span>
    </p>

    <p class='ocr_par' dir='ltr' id='par_1_7' title="bbox 291 5416 1771 5499">
     <span class='ocr_line' id='line_1_56' title="bbox 291 5416 1771 5499; baseline 0.008 -29"><span class='ocrx_word' id='word_1_705' title='bbox 291 5446 299 5463; x_wconf 86' lang='grc'>-</span> <span class='ocrx_word' id='word_1_706' title='bbox 786 5416 791 5425; x_wconf 93' lang='grc'><strong>’</strong></span> <span class='ocrx_word' id='word_1_707' title='bbox 1230 5416 1379 5476; x_wconf 82' lang='grc' dir='ltr'>Τδνίαθεοῦ</span> <span class='ocrx_word' id='word_1_708' title='bbox 1392 5420 1771 5499; x_wconf 73' lang='grc' dir='ltr'>τε,εαὶτόνόετῆςπαρθόειυ.</span> 
     </span>
    </p>
   </div>
   <div class='ocr_carea' id='block_1_4' title="bbox 0 0 2000 6130">
    <p class='ocr_par' dir='ltr' id='par_1_8' title="bbox 0 0 2000 6130">
     <span class='ocr_line' id='line_1_57' title="bbox 0 0 2000 6130; baseline 0 3"><span class='ocrx_word' id='word_1_709' title='bbox 0 0 2000 6130; x_wconf 95' lang='lat' dir='ltr'><strong> </strong></span> 
     </span>
    </p>
   </div>
  </div>
 </body>
</html>
