4104 6160
565 347 615 411 DE
635 344 939 423 remanseratis,
961 344 1031 411 ule.
1057 343 1110 423 vl,
1139 344 1222 411 CAP.
1245 345 1283 411 X.
1677 349 1714 411 dl

125 509 298 584 Gregorius
320 510 531 573 Nazianzenus
553 512 588 572 in
609 511 711 591 priore
731 508 770 571 acl
795 508 899 573 Cledo-
949 509 1012 569 tola
1032 508 1073 568 ad
1088 506 1330 590 Symmachum',
1358 528 1396 571 ex
1419 511 1531 572 Leonis
1554 512 1659 590 Papae,
1687 516 1719 571 et

125 601 211 662 πίνον
225 603 359 682 epistola
371 603 482 665 eadem
497 621 572 664 usus
585 603 816 682 comparatione
829 619 901 663 cum
952 601 1209 662 Chalcedonensis
1222 602 1342 663 concilii
1352 604 1628 684 decretisexplicat,
1645 621 1718 663 cum

126 692 270 769 homnae
304 695 413 757 asserit
439 714 505 756 non
539 696 669 757 existere
702 694 784 755 illios
809 695 898 754 duos.
950 690 1034 752 illam
1045 714 1060 749 a
1069 694 1203 754 duarum
1211 695 1526 769 substantiamm,aut
1534 702 1719 756 naturarum

131 786 289 849 cusum
309 790 426 868 quippe
444 789 515 849 dnae
528 794 611 861 sunt,
634 789 714 848 Deus
730 791 761 847 et
780 787 876 847 homo
892 804 900 847 ε
950 785 1104 846 sanitatem
1118 794 1204 847 vocat
1218 788 1250 846 in
1265 805 1328 848 una
1347 787 1515 867 eademque
1530 806 1673 866 persona,
1689 791 1719 847 et

127 878 385 959 qnandoquidem
394 880 499 941 anima
508 881 763 959 etiamateorpus
772 878 903 939 totidem
952 877 1045 937 unius
1059 878 1300 940 substantiarum
1311 880 1415 955 magni
1429 880 1495 953 Dei,
1511 885 1542 941 et
1553 881 1719 941 Salvatoris

126 976 201 1033 sual
213 978 360 1034 natura:
375 982 408 1034 at
426 991 491 1035 non
502 973 560 1034 tilii
570 974 646 1049 duo,
661 989 763 1052 neque
776 971 817 1031 dii
831 973 904 1030 sunt
951 970 1051 1030 nostri
1064 972 1137 1031 lesu
1152 971 1273 1031 Christi.
1290 994 1305 1030 u
1325 973 1401 1033 ilinc
1416 972 1501 1033 enim
1513 972 1621 1051 liquet,
1635 980 1720 1032 notu

126 1061 202 1125 dno.
219 1064 294 1125 Non
317 1065 403 1128 enim
423 1065 489 1126 illic
509 1064 652 1126 homines
674 1069 748 1125 stant
769 1064 899 1124 duo⁶.s
952 1060 1048 1122 euleu
1077 1062 1234 1123 unitionem
1262 1064 1333 1137 dici,
1363 1081 1427 1125 non
1453 1064 1536 1144 quod
1558 1082 1655 1125 unam
1682 1083 1720 1126 ex

127 1156 900 1238 fluminomninocynllus,acnmuenterusurpst.
953 1151 1103 1214 ambabus
1116 1160 1261 1215 naturam
1270 1156 1360 1217 iacit:
1376 1158 1429 1218 sed
1441 1157 1525 1237 quod
1538 1163 1720 1219 neutrarum

130 1247 278 1312 velutin
299 1250 392 1313 terlio
410 1249 490 1311 libro
509 1256 612 1311 matra
630 1249 810 1317 Nestorium,
833 1266 904 1309 cum
953 1244 1086 1306 duarum
1100 1247 1132 1306 in
1141 1266 1237 1308 unam
1250 1250 1453 1330 eamdemque
1467 1250 1642 1331 personam,
1658 1250 1721 1312 sive

128 1341 196 1419 ejus
218 1350 365 1420 συνάψων,
388 1348 420 1404 at
438 1342 574 1404 fucatam
596 1340 822 1422 conjunctionis
839 1359 906 1421 spe·
953 1335 988 1397 in
1001 1354 1101 1398 unum
1122 1339 1276 1402 Christum
1295 1341 1411 1421 Deique
1430 1342 1531 1403 filium
1550 1363 1649 1405 nexus
1663 1350 1718 1420 est,

128 1432 212 1495 ciem
226 1433 443 1513 redarguens:
469 1457 484 1495 a
504 1436 584 1508 Quid
597 1441 643 1511 tu,
662 1434 775 1514 inquit,
791 1433 906 1495 chone
953 1445 989 1489 uc
1006 1428 1178 1491 vinculum.
1195 1433 1295 1506 Quare
1312 1433 1392 1494 nihil
1415 1433 1499 1496 aliud
1517 1436 1566 1496 vel
1590 1436 1722 1516 Cyrillus

129 1527 189 1601 vir,
204 1525 310 1588 facis?
323 1528 550 1589 Prorsusnnus
562 1527 905 1607 eathom0‚quirer11m
953 1519 1029 1599 ipsc,
1045 1522 1096 1582 vel
1110 1522 1162 1583 alii
1177 1524 1284 1584 Patres
1297 1524 1330 1584 in
1345 1526 1487 1605 exemplo
1507 1527 1558 1587 illo
1570 1528 1722 1607 persecuti

129 1618 271 1699 potitum
286 1618 345 1681 etsi
367 1638 408 1681 ex
428 1619 551 1681 duobus
571 1620 759 1700 compositus
781 1638 845 1681 esse
862 1619 907 1679 vi·
955 1618 1038 1688 sunt,
1048 1632 1142 1693 quam
1152 1621 1186 1676 ut
1195 1617 1341 1678 adversus
1352 1619 1566 1679 Nestorianam
1578 1620 1722 1682 haeresim

129 1710 268 1775 destas:
292 1712 416 1790 anima,
442 1712 587 1793 inquam,
619 1718 651 1773 et
676 1729 816 1791 corpore.
844 1712 906 1770 Cur
954 1704 1114 1781 docerent,
1147 1709 1231 1787 quod
1260 1710 1368 1771 eadem
1392 1710 1547 1791 Synodica
1573 1714 1720 1793 pertexit,

130 1801 228 1880 igituir
254 1803 371 1865 hastae
396 1805 542 1882 nugaris3
572 1809 755 1884 gestantem,
779 1808 811 1865 at
836 1821 905 1882 pes·
959 1814 1091 1858 «unam
1114 1800 1191 1860 scire
1215 1818 1392 1879 personam,
1422 1809 1453 1864 et
1479 1804 1722 1869 substantiarum

131 1900 248 1964 utum,
263 1895 427 1973 hunum,
449 1905 481 1959 et
502 1903 704 1977 apparentem
727 1896 904 1970 nominans,
954 1888 1193 1969 inseparabilem
1207 1893 1371 1970 unitatem,
1386 1914 1424 1956 ex
1442 1895 1562 1957 duabus
1582 1898 1723 1959 substan-

130 1992 335 2067 ettanquem
349 1988 483 2050 altarum
503 2006 575 2051 cum
598 1989 695 2050 altero
717 1987 810 2048 simul
828 1987 906 2048 ado·
955 1981 1017 2055 tiis,
1043 1988 1074 2043 et
1095 1985 1225 2053 naturis,
1242 1989 1274 2046 et
1295 1986 1328 2047 in
1346 1988 1467 2049 duahus
1484 1990 1672 2067 substantiis,
1693 1998 1724 2052 et

130 2098 202 2145 rare
216 2086 250 2144 te
263 2080 437 2157 confimns3
457 2086 489 2142 at
506 2082 655 2145 umbonis
670 2080 799 2142 modeim
818 2079 907 2145 dede·
956 2074 1086 2135 naturis.
1115 2097 1132 2133 ν
1167 2077 1244 2138 Vide
1278 2079 1445 2159 Eulogium
1479 2081 1724 2143 Alexandrinum

133 2173 598 2245 commendatissimum
612 2191 713 2234 unum
726 2172 816 2235 nobis
829 2189 908 2252 prae·
956 2167 1040 2245 apud
1066 2167 1212 2229 Photium
1234 2170 1339 2231 codice
1364 2189 1484 2246 ccxxx,
1525 2174 1579 2254 qui
1604 2174 1724 2235 adhoc

132 2265 785 2343 dicentChrmtum,etDominum,Verhum
795 2264 909 2324 scilicet
957 2263 1077 2319 tantiam
1088 2260 1259 2322 adhibitam
1269 2263 1348 2324 bane
1358 2282 1423 2326 esse
1433 2266 1668 2328 similitudinem
1683 2268 1726 2327 ait

133 2377 153 2418 a
166 2360 260 2421 Patra
274 2358 428 2437 genitum,
445 2358 653 2439 eumpropria
665 2354 823 2419 umal?-
957 2350 997 2411 ab
1024 2352 1155 2431 Cyrillo,
1184 2359 1220 2414 ut
1242 2363 1286 2430 τὴν
1297 2363 1352 2417 καθ’
1360 2363 1494 2419 ὑπόστασιν
1509 2367 1595 2421 ἕνωσιν
1622 2367 1724 2421 osten·
1760 2386 1887 2432 &mm

175 2452 230 2513 w.
254 2451 374 2513 Eodem
385 2451 521 2530 respexit
533 2451 671 2511 Celusius
687 2450 769 2530 Papa
784 2451 816 2509 ln
830 2448 909 2511 libro
957 2443 1054 2504 deret.
1071 2444 1147 2505 Vide
1161 2451 1192 2506 et
1208 2446 1240 2506 S.
1256 2447 1408 2509 Thomam
1422 2449 1454 2509 in
1469 2452 1619 2531 opusculo
1634 2453 1725 2515 tertio
1749 2440 1883 2537 ξω

135 2543 279 2607 dumus
304 2542 486 2625 Eutpebem,
515 2551 543 2602 et
568 2542 755 2605 Nestorium:
783 2543 911 2605 uNum-
959 2544 1059 2596 contra
1074 2534 1198 2614 Graecos,
1215 2542 1635 2624 capitesexto.HuncCyrilli
1651 2564 1724 2607 con·

136 2636 294 2717 quidum
317 2652 388 2698 eram
410 2634 506 2696 homo
528 2635 696 2697 ex‘snima
720 2639 858 2708 constet,
879 2637 911 2692 et
959 2646 1085 2689 sensum
1112 2649 1183 2691 cum
1211 2633 1330 2710 synodo
1361 2634 1611 2712 Chalcedonensi,
1645 2660 1656 2695 ο
1693 2639 1726 2701 in

135 2746 281 2808 corpore,
308 2726 434 2807 inqnit¹,
459 2745 592 2807 querum
616 2729 693 2793 (luas
706 2733 833 2789 naturas
846 2741 912 2785 esee
960 2739 1061 2782 unum
1095 2739 1133 2782 ex
1166 2723 1319 2784 ambabus
1352 2728 1471 2788 naturis
1506 2730 1663 2790 Christum
1696 2736 1727 2792 ct

136 2839 203 2883 non
230 2820 369 2881 dubiam
392 2825 449 2891 est,
477 2838 542 2880 non
565 2819 753 2880 adunatione
778 2816 913 2879 naturali
962 2813 1083 2889 Filium,
1102 2833 1166 2875 non
1181 2822 1336 2892 eructuate,
1353 2824 1407 2877 aut
1421 2819 1541 2881 sublata
1555 2821 1728 2883 diversitate

137 2930 203 2975 ana
226 2929 374 2992 persons,
395 2916 428 2973 et
451 2929 533 2972 unus
560 2916 608 2972 est
628 2910 748 2972 homo?
771 2909 913 2990 Amplius
961 2911 1145 2967 naturarum
1171 2926 1227 2987 per
1252 2908 1558 2987 conjunctionem»
1591 2920 1730 2975 accurate

138 3005 296 3080 dieimua;
322 3009 405 3065 carte
425 3008 456 3065 et
481 3003 661 3065 interiorem
685 3004 859 3079 hominem,
883 3006 914 3061 et
963 2998 1095 3078 Vigilius
1109 3001 1237 3079 exponit
1252 3003 1282 3061 tn
1292 3001 1373 3062 calce
1387 3003 1459 3064 libri
1468 3005 1568 3082 quinti
1584 3011 1615 3067 et
1628 3006 1732 3069 ultimi

139 3099 332 3159 exteriom
355 3096 521 3176 Scripturas
545 3095 658 3156 divine
680 3113 761 3176 saepe
783 3100 914 3157 testatur
964 3098 1065 3152 contra
1080 3091 1247 3172 Eutychen
1264 3113 1270 3153 :
1288 3099 1319 3154 et
1329 3093 1368 3154 ah
1378 3095 1516 3174 utrisque
1525 3099 1685 3173 traditum,
1696 3118 1733 3160 ac

138 3191 312 3255 auctoritas
324 3207 333 3250 a
346 3193 496 3251 ettamen
516 3206 582 3249 non
596 3188 666 3250 ideo
686 3189 748 3249 diro
772 3189 916 3253 homines
964 3182 1125 3245 defensam
1146 3202 1211 3246 esse
1235 3186 1320 3262 dicit,
1341 3207 1356 3243 u
1381 3187 1530 3268 Utrasque
1552 3199 1677 3255 naturas
1698 3193 1732 3253 in

140 3284 174 3346 in
187 3302 277 3357 nno;
293 3281 348 3342 sed
363 3298 427 3342 nna
444 3297 589 3360 persona,
606 3287 636 3342 et
650 3299 733 3342 unus
747 3287 794 3342 est
806 3282 913 3358 homo,
963 3293 1028 3337 una
1037 3295 1169 3356 persona
1178 3278 1356 3340 convenisse
1370 3299 1378 3339 t
1390 3298 1447 3342 aec
1459 3282 1491 3341 in
1501 3283 1577 3345 daras
1585 3275 1733 3364 personas

139 3383 199 3439 etc.
214 3380 342 3450 Quanto
355 3373 455 3448 magis
464 3372 497 3434 in
507 3373 560 3434 illa
568 3372 715 3434 ineffabili
726 3373 916 3434 adunatione
965 3369 1109 3445 divisum,
1135 3371 1189 3432 sed
1213 3389 1313 3432 unum
1333 3373 1540 3453 eumdemque
1561 3394 1625 3436 csse
1646 3376 1734 3437 Chri·

140 3465 344 3540 indivisibili,
386 3480 608 3543 nunquamque
642 3462 804 3538 solvenda,
838 3462 917 3523 sieut
966 3464 1059 3521 stum
1084 3463 1200 3537 Unum,
1223 3463 1364 3543 inquam,
1390 3483 1427 3525 ex
1444 3465 1606 3540 ambobus,
1622 3468 1735 3529 scilicet

141 3561 226 3623 salva
239 3557 432 3638 proprietate
441 3557 603 3634 utriusque
611 3562 744 3631 natura,
756 3573 795 3616 ex
803 3556 917 3634 quihus
965 3553 1096 3628 naturis,
1112 3554 1270 3615 Christum
1288 3555 1400 3615 illium.
1419 3557 1599 3637 alienique,
1628 3583 1642 3612 a
1655 3559 1732 3621 divi-

141 3651 204 3713 hoe
221 3646 413 3728 mysterium
430 3650 570 3707 constare
584 3663 648 3706 non
664 3646 796 3707 dubium
814 3656 869 3723 est,
887 3653 919 3710 et
966 3645 1096 3708 nitatem
1110 3651 1140 3707 et
1151 3646 1377 3707 humanitatem
1391 3647 1484 3708 simul
1497 3649 1586 3710 nobis
1600 3650 1734 3714 effecisse

143 3745 211 3807 sine
226 3741 345 3823 quihus
367 3743 510 3801 constare
527 3756 592 3799 non
609 3756 698 3818 posse
718 3741 917 3802 menifestum
966 3757 1067 3799 unum
1080 3738 1246 3800 Dominum
1267 3740 1424 3801 Christum
1439 3747 1469 3800 et
1489 3739 1629 3804 illium.»

144 3844 211 3912 eat3
226 3836 310 3899 ment
324 3851 388 3895 una
401 3831 571 3911 eademqne
590 3849 721 3910 persona
734 3839 781 3894 est
795 3833 918 3894 Domini
1007 3833 1048 3892 V.
1069 3833 1149 3907 Quin
1172 3832 1255 3894 idem
1269 3832 1399 3912 Vigilius
1420 3833 1454 3894 in
1468 3832 1521 3894 illo
1537 3835 1604 3915 ipso
1623 3836 1732 3919 quinto

144 3930 245 3993 matri
265 3928 344 3989 lesa
358 3923 488 3999 Christi3
504 3924 549 3984 sie
565 3924 696 4003 integer,
712 3927 755 3986 alc
768 3944 860 4001 arnus,
877 3926 919 3987 sie
967 3926 1058 4001 libro,
1087 3925 1322 3986 similitudinem
1348 3927 1484 3987 hominis
1509 3945 1548 3987 ex
1574 3929 1676 3990 anima
1704 3933 1736 3991 et

143 4040 241 4083 verna
255 4018 400 4081 Christus
413 4021 469 4078 est.
483 4036 500 4075 a
519 4017 595 4079 Ecce
608 4017 664 4077 tibi
683 4018 820 4079 Celusius
833 4020 920 4099 Papa
968 4036 1062 4079 carne
1085 4019 1244 4098 compositi
1265 4024 1379 4099 purgat
1400 4018 1439 4079 ab
1460 4019 1657 4097 aemulorum,
1679 4022 1734 4082 ob-

144 4108 502 4189 aontraidonopbyaitas
511 4108 789 4188 umaacompositte
799 4120 920 4172 naturae
968 4114 1231 4190 trectatorumque
1258 4110 1440 4186 calumniis,
1469 4118 1500 4171 et
1526 4112 1600 4191 quid
1623 4114 1655 4173 in
1682 4113 1737 4175 illa

144 4206 338 4279 defensam,
355 4221 413 4283 pro
426 4200 547 4263 duabus
567 4201 737 4282 disputans,
759 4203 920 4265 unitionem
969 4203 1168 4283 spectandum
1184 4202 1222 4263 sit
1235 4203 1335 4264 docet.
1351 4202 1541 4281 «Siquidem
1555 4205 1662 4283 negari
1671 4223 1736 4265 non

146 4316 259 4361 eanum
287 4297 323 4357 in
349 4295 470 4356 Christo
496 4293 664 4356 naturalem
686 4311 751 4356 non
768 4291 922 4358 dubitavit
969 4300 1085 4376 potest,
1109 4293 1186 4370 ait⁸,
1206 4300 1241 4355 ut
1265 4295 1406 4375 superius
1419 4296 1493 4372 dixi,
1513 4295 1674 4357 hominem
1698 4316 1737 4377 ex

145 4391 264 4453 dicere.
289 4386 470 4462 Quaironta
486 4385 583 4462 igitur
603 4386 643 4446 ad
666 4386 921 4449 calumniandum
970 4386 1091 4449 duabus
1114 4392 1253 4449 masters
1276 4387 1406 4463 naturis,
1428 4386 1542 4448 anima
1563 4387 1685 4461 scilicet,
1705 4396 1736 4450 et

11 4516 113 4565 ff„
146 4483 303 4564 Cyrillnm
317 4480 394 4543 illud
407 4479 591 4558 Anonymus
604 4477 820 4558 prolert,quod
834 4488 922 4543 ῐνωσιν
970 4480 1082 4541 carnis.
1098 4480 1196 4540 Nemo
1217 4485 1323 4541 tamen
1342 4480 1403 4541 nisi
1424 4479 1583 4560 insipiens,
1599 4480 1738 4545 ettotius

7 4574 112 4621 Μ*
144 4572 408 4655 „mammeam
416 4570 668 4649 conjunctionem
679 4571 821 4632 vocavit?
834 4572 922 4650 cujris
970 4573 1100 4635 rationis
1119 4591 1241 4653 expers,
1263 4579 1345 4635 recte
1364 4572 1523 4634 hominem
1536 4573 1647 4634 dixerit
1660 4574 1738 4635 daras

146 4664 372 4748 appellationis
407 4665 558 4724 rationem
593 4681 687 4743 supra
717 4663 918 4725 reddidimus.
970 4665 1085 4726 habere
1106 4683 1278 4746 personas:
1300 4670 1355 4726 aut
1374 4664 1448 4744 quia
1475 4683 1582 4726 narsus
1602 4684 1666 4727 una
1693 4671 1740 4728 est

146 4761 251 4837 Qum
270 4765 301 4820 et
315 4755 457 4821 ΕοοΙοοίω
476 4754 658 4835 illyriciana
676 4755 824 4835 synodica
841 4755 923 4836 epis·
972 4757 1107 4821 ,hominis
1128 4775 1279 4837 persona,
1306 4763 1388 4819 recte
1413 4756 1558 4837 opinatus
1584 4758 1625 4820 sit
1642 4777 1739 4821 unam

181 4953 206 4999 a
224 4937 291 4997 Nu.
306 4950 348 4995 tlt.
363 4950 398 4993 u.
417 4934 507 4996 Φῦσοις
521 4931 565 5006 μὶν
578 4932 627 5007 γὰρ
640 4933 683 4989 aaa
697 4932 758 5000 isle,
772 4934 813 4986 set
826 4933 920 5005 ἅνθρω·
970 4953 1021 4997 τος.
1048 4934 1073 4989 tl
1099 4935 1180 4988 τοίνυν
1200 4934 1260 5007 ipit
1282 4932 1334 5002 siuti
1355 4934 1515 5008 βοττορίζιις,
1535 4940 1671 5008 φοροῦντα,
1697 4936 1739 4992 uui

143 5040 203 5087 m·
225 5019 279 5077 itti
291 5020 334 5075 sat
346 5018 424 5091 ψνχὴ,
438 5017 479 5073 sat
498 5024 583 5089 σῶμα.
604 5017 653 5071 uiol
674 5015 712 5083 bl,
734 5016 764 5071 ab
790 5018 845 5081 tto,
865 5015 921 5071 atet
943 5014 950 5027 ’
970 5018 1132 5092 ροροόμονον,
1146 5018 1322 5091 κενρυριμίνον,
1337 5019 1377 5071 uui
1386 5020 1532 5091 φαινόμενον
1547 5019 1687 5092 ὀνομάζων,
1697 5021 1739 5075 καὶ

144 5105 209 5163 tuot.
220 5103 279 5161 citt
288 5102 338 5175 γὰρ
351 5100 455 5159 hretia
464 5102 509 5155 tto
520 5101 653 5172 ἅνθρωποι.
970 5103 1005 5164 ὡς
1018 5103 1100 5174 tripos
1115 5101 1191 5175 ἑτέρῳ
1204 5104 1398 5175 ουρπροσοονιῖν
1412 5102 1559 5174 ὁμολογῶν,
1579 5102 1620 5155 καὶ
1638 5102 1681 5157 τὸν
1696 5107 1739 5173 τῆς

182 5187 202 5244 b
226 5189 339 5243 Crates.
358 5183 408 5240 lib.
424 5185 460 5240 ΙΙΙ
477 5190 582 5240 eontra
594 5187 673 5241 Neai.
688 5183 718 5237 lt
729 5185 797 5255 δρᾷς,
808 5178 920 5256 diuisae
969 5184 1080 5250 ίνώοοως
1092 5184 1218 5258 ἀτιμάζων
1232 5187 1332 5258 τρόπον·
1345 5185 1389 5239 ἵνα
1403 5186 1520 5258 Χριστὸν,
1535 5185 1739 5258 ναὶνῦριονᾶπο·

143 5273 249 5342 tipum
265 5264 299 5332 οἷς
324 5273 373 5322 acti
395 5268 492 5330 πάντως
505 5263 706 5339 ἄνθρωπόςζέστιν
721 5267 735 5320 ὁ
749 5272 855 5339 κρατῶν,
876 5269 921 5320 κᾶν
969 5268 1212 5341 ραινοόοηςήμῖντῆς
1222 5267 1637 5347 θεοπνεύστουγραρῆς,τονέκθοοΰ
1647 5270 1739 5343 πατρὸς

144 5353 174 5409 k
186 5356 262 5409 δυοῖν
275 5353 358 5424 ὁρῷτο
378 5351 544 5423 emuna,
555 5350 636 5423 ψνχῆς
648 5348 678 5417 δὴ
690 5350 815 5423 λέγω,κὶ
835 5352 922 5422 νώμα·
968 5351 1055 5424 λόγον,
1066 5351 1128 5427 μετὰ
1141 5345 1186 5406 τοῦ
1199 5350 1260 5406 idion
1274 5352 1404 5426 cuparum

172 5514 185 5554 l
203 5508 280 5553 Gelu.
298 5505 353 5551 ult
364 5505 452 5555 ΒΝ,-
462 5503 478 5549 i
489 5505 552 5551 lom·
565 5503 596 5549 ill
608 5503 715 5551 etet-a
726 5504 773 5557 vu.
787 5510 803 5549 t.
816 5503 841 5548 lv
853 5504 909 5550 etti.
