3956 6158
478 353 526 418 DE
547 351 854 430 lamatthara,
877 348 952 417 utu.
973 348 1043 427 xtt,
1070 347 1157 415 OAP.
1176 349 1230 415 IV.
1581 346 1640 415 did

874 516 1015 586 Hominis
1024 516 1179 591 amandi
1192 520 1237 582 ert
1247 514 1395 583 lismona
1408 519 1538 590 naturae,
1553 533 1642 585 men·

874 608 991 673 tionem
1006 610 1119 673 ideireo
1132 608 1202 671 ieoit
1224 606 1398 687 Apostolus,
1426 608 1509 686 quod
1532 614 1563 669 et
1576 625 1640 679 me-

874 698 1001 762 distorta
1016 701 1114 767 offiria
1127 700 1288 779 praestitit;
1303 705 1334 764 et
1348 699 1413 763 siue
1437 718 1472 762 ea
1486 701 1642 765 mediator

291 809 470 890 CAPUT
520 810 594 889 qv.
875 791 1314 870 essabeiFiliusnequirerit.

916 884 959 945 II.
981 887 1247 963 argumentorum
1273 901 1347 943 vero
1374 884 1582 963 praecipuum,
1612 890 1643 945 et

875 974 1122 1053 vulgatissimum
1136 976 1169 1044 iu
1196 976 1248 1039 illa
1269 975 1414 1053 opinione
1427 976 1511 1041 hune
1525 978 1558 1037 in
1573 994 1641 1037 mo·

874 1067 950 1129 dum
966 1065 1160 1147 coneipitur*
1172 1087 1180 1129 r
1202 1089 1213 1124 n
1227 1068 1326 1129 Nemo
1339 1073 1438 1146 potest
1451 1086 1516 1128 esse
1529 1069 1643 1129 media-

85 1160 264 1224 uersatur
283 1169 457 1239 munerante
488 1162 673 1241 superiorum
699 1158 825 1221 duorum
873 1164 923 1219 tor
933 1160 1088 1239 suiipsius.
1107 1161 1199 1239 Atqui
1214 1162 1241 1223 si
1255 1161 1392 1223 Christus
1406 1162 1643 1225 essetruadiator

112 1255 245 1336 partiam,
275 1257 303 1319 t.
325 1254 370 1319 Ar
390 1253 523 1333 periston
543 1272 610 1335 puae
636 1273 654 1313 a
680 1252 826 1313 Staararo
875 1251 967 1313 etiem
977 1254 1148 1317 seeundum
1167 1258 1310 1319 naturam
1324 1253 1474 1327 divinam,
1489 1259 1568 1315 esset
1580 1272 1642 1316 me

114 1346 144 1409 de
156 1345 314 1426 inrupturis
323 1346 416 1424 petita
430 1353 494 1407 sent
506 1345 705 1425 replicantur.
719 1346 747 1407 tl.
765 1345 825 1404 Ar-
874 1342 974 1407 diator
986 1346 1033 1406 sui
1053 1345 1159 1424 ipsius,
1174 1345 1248 1423 quia
1260 1352 1305 1406 est
1319 1364 1401 1409 uuus
1414 1364 1486 1409 earn
1509 1347 1598 1407 Patre
1612 1352 1643 1408 et

114 1446 235 1520 ponente
246 1437 376 1518 ejusdem
398 1438 575 1507 occurritur,
594 1436 673 1519 qaod
694 1456 708 1497 e
732 1434 825 1499 Solio-
876 1435 993 1514 Spiritu
1008 1442 1156 1498 saneto.»
1181 1438 1245 1501 Hae
1267 1445 1486 1512 argumentum
1507 1458 1545 1498 ex
1577 1440 1642 1499 Ma·
1678 1442 1806 1504 uiuamus

114 1531 208 1593 aaran
229 1529 283 1591 itte
296 1537 446 1591 matuatus
467 1536 519 1593 ert.
548 1532 578 1592 3.
603 1527 826 1608 Erpeadantar
875 1527 969 1601 gistro
993 1526 1291 1600 Sententiarum⁸mt
1311 1531 1423 1591 sanetis
1436 1530 1566 1604 Thema,
1584 1532 1641 1593 Ro-
1667 1495 1815 1610 'iiiiii'

114 1623 165 1684 SS.
192 1623 417 1692 Bonoueuturoe,
447 1639 481 1681 ae
520 1619 637 1681 Tiamaa
672 1619 827 1701 Aquinates
876 1626 1059 1694 nauenturo,
1073 1620 1201 1699 aliiapu
1225 1620 1411 1683 scholasticis
1424 1628 1585 1687 mutuatus
1598 1628 1642 1684 est
1695 1609 1787 1645 irarum.

112 1716 258 1777 antestite.
274 1716 306 1776 4.
336 1712 447 1792 Reputo
471 1711 605 1793 quedam
627 1712 658 1772 in
671 1711 823 1787 relatione,
875 1711 1055 1788 Staneorus3
1070 1714 1155 1791 quod
1175 1714 1215 1777 ad
1234 1713 1384 1777 invidiam
1398 1715 1644 1779 aduersariorum

113 1806 318 1888 steppositiene
332 1803 486 1866 eruenda.
512 1807 542 1865 5.
559 1805 671 1867 Rursus
685 1802 827 1867 Staarari
876 1804 997 1882 maguis
1007 1804 1281 1879 laudibusextulit3
1291 1811 1326 1868 ut
1337 1808 1537 1871 antecedente
1545 1808 1643 1887 capite

113 1906 269 1980 ammenta
283 1898 522 1979 salvantemque
534 1896 645 1957 ratione
658 1896 827 1957 mediatoris
876 1895 950 1955 dixi.
968 1898 1048 1956 Sane
1059 1897 1203 1974 Magister
1218 1897 1330 1957 diserte
1344 1900 1463 1974 asserit,
1486 1900 1644 1961 Christum

111 1991 286 2072 parteaodeat
315 1989 458 2055 coeteras.
471 1994 501 2053 a.
527 1988 590 2051 Cur
610 2006 741 2069 mesonca
758 1987 826 2048 alica
881 2008 896 2044 a
906 1988 1107 2053 mediatorem
1130 1990 1191 2053 diei
1210 1995 1380 2053 seeundum
1402 1991 1641 2067 humanitatem,

112 2102 160 2144 am
182 2085 349 2163 turpantur
369 2081 473 2161 officio
494 2080 676 2147 mediatoris.
705 2085 734 2145 7.
761 2080 824 2143 Pa·
878 2097 942 2139 noa
963 2080 1134 2141 seeundum
1162 2080 1364 2144 divinitatem.
1391 2084 1460 2144 Non
1487 2085 1571 2146 enim
1598 2091 1645 2146 est

113 2182 181 2239 trun
194 2174 480 2255 testimoniumque
492 2174 824 2247 Stuncaraaotrasueest,
877 2172 1031 2235 mediator
1044 2173 1124 2233 inter
1136 2175 1246 2247 Deum,
1258 2179 1289 2237 et
1303 2177 1418 2251 borrm;
1434 2178 1508 2256 quia
1521 2183 1643 2239 tontum

112 2268 294 2347 explicantur.
311 2270 342 2328 8.
358 2268 553 2346 Aupustinum
568 2284 634 2338 non,
652 2280 683 2325 eu
700 2264 751 2326 ilie
764 2283 826 2325 ere·
878 2280 960 2325 unus
972 2273 1017 2325 est
1027 2266 1126 2325 Deus:
1141 2266 1194 2326 sad
1208 2265 1291 2326 inter
1305 2268 1404 2329 Derim
1418 2274 1449 2329 at
1470 2269 1643 2347 hominem,

113 2358 190 2436 didit,
222 2366 348 2423 malaue
377 2358 559 2421 sententiam.
586 2361 616 2417 o.
653 2355 827 2419 turrinoru-
878 2356 965 2433 quasi
986 2356 1069 2419 iuter
1094 2357 1157 2419 duo
1171 2363 1324 2433 extremm
1353 2359 1424 2438 quia
1446 2362 1567 2423 medius
1580 2381 1645 2423 nou

113 2472 181 2526 rurn,
195 2458 222 2514 et
247 2451 482 2517 Lutieranorarn
497 2451 628 2531 opposita
650 2449 751 2529 priori
762 2453 826 2529 apt·
878 2453 979 2526 potest
1003 2467 1068 2509 esse
1095 2450 1154 2510 uisi
1181 2450 1263 2513 inter
1290 2452 1405 2531 aliqua.
1429 2455 1579 2515 Mediator
1601 2460 1647 2517 est

114 2545 156 2604 nio
186 2546 347 2625 refutatur,
383 2544 512 2605 inarime
539 2561 599 2623 qua
631 2541 733 2609 Filias
763 2550 829 2603 ante
879 2557 972 2616 ergo,
999 2541 1186 2619 inquantum
1212 2542 1325 2618 bom0;
1362 2562 1435 2607 nam
1457 2546 1646 2625 inquantum

115 2637 341 2699 incantationem
353 2634 522 2697 mediatoris
534 2632 671 2713 officium
694 2642 829 2695 executus
880 2632 971 2699 Deus,
994 2651 1058 2692 nou
1078 2634 1227 2697 mediator
1241 2635 1294 2695 sed
1315 2635 1442 2713 aequalis
1468 2638 1547 2697 Patri
1571 2645 1643 2699 est:

114 2727 224 2792 dieitur.
241 2733 290 2795 ro.
319 2726 420 2791 Stulta
433 2725 627 2807 quorumdam
641 2745 678 2785 ee
700 2725 760 2786 illis
774 2745 829 2785 or·
878 2723 938 2783 hoe
947 2724 1028 2791 idem
1043 2726 1127 2804 quod
1142 2727 1240 2799 Pater,
1260 2744 1332 2791 aum
1346 2727 1437 2788 Patre
1456 2748 1537 2790 unus
1551 2732 1642 2795 Meus.

114 2822 286 2900 parentatio
300 2820 443 2899 rejicitur,
470 2818 535 2880 ideo
562 2836 601 2881 ex
623 2826 729 2878 eterno
742 2818 831 2898 fuisse
879 2816 1073 2893 Mediatergo
1088 2816 1169 2883 inter
1185 2817 1340 2892 homines,
1355 2820 1500 2883 etDeum
1515 2823 1647 2883 Trinita-

115 2898 499 2992 aetianam,'qaraonnta
512 2910 827 2991 Deosuntpreeseatia,
879 2913 953 2979 tem,
981 2909 1152 2975 seeundum
1177 2908 1312 2973 bominis
1337 2916 1493 2983 naturam,
1524 2912 1558 2975 in
1584 2933 1647 2993 qua

114 3005 193 3069 etiarn
206 3005 326 3084 satura,
879 3000 1011 3079 suscepit
1024 3000 1087 3075 illa,
1098 3019 1154 3079 per
1167 3018 1236 3079 quae
1249 3002 1488 3067 reoouoiliamur
1501 3006 1564 3066 Deo
1576 3007 1645 3066 Tri-

880 3094 1008 3155 nitatiu

23 3208 59 3242 uu-
115 3188 418 3255 turrecremata
441 3187 597 3252 rationum
612 3186 779 3265 prignantis
792 3204 830 3247 ex
920 3185 1014 3264 Atqui
1040 3188 1149 3251 iisdem
1176 3206 1214 3251 ax
1237 3187 1340 3251 vorbis
1369 3189 1566 3268 perspicuum
1588 3195 1645 3267 est,

23 3262 57 3348 ii
83 3281 191 3345 adverso
216 3283 379 3359 utriusque
408 3279 502 3358 partis
531 3280 765 3357 expendamus,
795 3298 830 3339 aa
880 3277 1081 3341 mediatorem
1101 3280 1140 3343 ab
1160 3280 1214 3343 illo
1235 3281 1432 3351 considerari,
1449 3300 1513 3345 nou
1527 3283 1647 3343 ratione

23 3368 66 3454 3⁰„
83 3373 200 3451 pomum
226 3373 369 3439 Stonoari
391 3377 574 3450 argumenta
592 3370 747 3450 prteoipue
762 3389 832 3450 pro-
880 3375 988 3441 statua
1004 3376 1035 3433 et
1046 3371 1240 3441 suasionum
1256 3373 1309 3433 sed
1328 3378 1477 3450 tanquam
1493 3392 1643 3452 exequen-

23 3470 40 3504 n.
82 3466 217 3533 edulia
237 3467 399 3531 medium:
415 3482 485 3543 quar
499 3463 613 3549 purtim
633 3463 832 3542 eSoripturis
879 3468 943 3527 iem
970 3462 1069 3529 oitioia
1090 3464 1288 3527 mediatoris:
1303 3483 1365 3542 quo
1392 3463 1518 3542 quidem
1540 3467 1645 3544 modo,

81 3559 178 3636 petito3
192 3560 308 3639 partim
321 3556 532 3623 ratiooinando
546 3555 685 3629 eolleota,
701 3557 830 3634 sparsim
880 3554 1028 3634 utisupra
1042 3556 1187 3630 diximus,
1196 3556 1262 3615 sola
1271 3557 1408 3615 humana
1421 3563 1534 3623 natura
1546 3564 1649 3637 partes

81 3647 108 3715 in
133 3651 216 3719 libris
241 3652 305 3713 suis
324 3651 486 3728 esposuit:
506 3647 676 3725 eadamque
697 3648 832 3709 ioannes
880 3644 989 3724 implet
1015 3647 1210 3723 mediatoris,
1242 3666 1277 3709 aa
1310 3647 1548 3726 redemptoris:
1586 3649 1648 3710 sive

81 3741 235 3821 wigandus
255 3742 495 3821 illiuedeoerpta
509 3740 647 3805 dissolvit
659 3737 681 3799 ¹.
702 3741 779 3805 erea
793 3741 831 3801 de
881 3755 1012 3816 persona
1032 3738 1097 3818 ipsa
1110 3739 1204 3803 Verbi
1227 3745 1380 3818 quatenus
1393 3741 1489 3802 bomo
1514 3747 1571 3815 est,
1598 3740 1649 3803 rel

81 3833 232 3913 seripturis
246 3835 348 3909 affert,
364 3853 400 3897 ea
421 3840 492 3897 erint
511 3832 585 3903 iere,
602 3831 761 3910 inquibus
784 3832 833 3892 rel
880 3830 1051 3891 seerrndum
1067 3832 1237 3895 humanam
1251 3838 1407 3899 naturam.

79 3928 213 3993 nauum
226 3928 400 4007 appellatur
419 3924 665 3993 bornacuusun
686 3925 784 3998 iesus,
798 3931 833 3985 ut
923 3923 1131 3995 Quamobrem
1143 3923 1273 4002 pessime
1288 3924 1426 4002 Magistri
1448 3933 1648 4002 argumenla-

81 4013 206 4097 ‘urpu‘ori
229 4019 269 4083 ad
294 4016 488 4090 Timotheum,
505 4016 603 4095 eapite
618 4015 833 4079 seeundozrel
881 4013 977 4089 tione,
1006 4015 1231 4077 etauotoritate
1260 4016 1426 4077 Stanearus
1451 4016 1561 4080 utitur.
1591 4018 1650 4091 Qui

80 4109 167 4173 adem
185 4111 307 4181 homiui
338 4110 460 4173 Christo
474 4108 584 4186 gratia.
611 4112 641 4168 et
662 4107 833 4186 redemptio
883 4107 1003 4167 erimita
1017 4105 1434 4185 colligit,uneminemposse
1444 4108 1650 4171 mediatorem

80 4200 220 4267 tribuitur.
233 4205 276 4265 Ut
285 4201 408 4273 sumsit
420 4200 597 4277 Apostolus:
609 4197 648 4259 Si
657 4199 734 4263 enisa
745 4200 834 4261 unias
883 4215 948 4257 esse
966 4197 1123 4276 striipsiua;
1136 4217 1171 4259 ao
1181 4198 1312 4278 proinde
1325 4216 1388 4261 non
1399 4216 1487 4277 posse
1494 4201 1649 4261 Christum

78 4288 171 4355 delicto
183 4294 271 4357 malti
286 4293 398 4357 mortui
408 4291 507 4355 sueth
519 4290 615 4355 rrielto
627 4290 721 4369 mauu
732 4294 833 4369 pratia
883 4289 1086 4355 mediatorem
1096 4308 1160 4351 esse
1182 4291 1352 4357 searrncium
1367 4289 1572 4368 diuinitatem,
1588 4311 1651 4371 que

81 4383 141 4458 uit,
164 4392 190 4447 et
206 4385 314 4451 donum
337 4386 370 4445 in
395 4384 494 4465 pratia
524 4384 610 4445 naias
625 4381 833 4445 leoministiam
884 4388 1025 4442 unusest
1039 4384 1221 4457 eumPatre,
1236 4388 1267 4443 et
1283 4383 1400 4463 Spiritu
1424 4390 1565 4459 saneto,u
1585 4385 1649 4464 pri·
1761 4436 1767 4453 ,

81 4471 185 4541 Cirieti
210 4478 243 4541 in
262 4478 363 4558 piures
386 4474 562 4539 abundauit.
577 4477 616 4537 ut
636 4472 744 4549 aliur,
760 4475 834 4549 (lae
884 4491 973 4537 mum
1003 4474 1199 4553 castigandus
1223 4480 1293 4549 est,
1319 4477 1403 4554 quod
1417 4475 1459 4535 ita
1486 4476 1645 4554 loquitur:

80 4564 150 4629 Mam
167 4568 286 4649 quidem
303 4568 515 4650 peritomineru
529 4585 629 4634 mors:
649 4575 676 4627 et
697 4586 751 4647 per
778 4566 831 4627 tao-
887 4564 968 4627 Unus
980 4575 1019 4625 est
1033 4586 1100 4627 rum
1113 4567 1216 4644 Patre,
1238 4572 1297 4642 ete,
1314 4568 1384 4629 Nou
1399 4567 1486 4629 enim
1510 4577 1649 4642 anuaest,

79 4657 174 4721 unam
186 4661 360 4722 resurreetio
371 4669 566 4721 mortanum.
885 4660 938 4721 sed
953 4677 1063 4733 unsrm,
1078 4659 1110 4727 id
1125 4665 1171 4720 est
1196 4678 1261 4719 non
1276 4679 1339 4721 una
1349 4678 1493 4739 persona,
1521 4660 1574 4721 sed
1589 4680 1652 4723 una

113 4750 223 4815 Verum
239 4754 364 4817 minime
383 4770 422 4817 ex
444 4751 518 4816 loeis
542 4751 720 4831 bujtrsmodi
733 4750 832 4829 sequi·
884 4756 1006 4822 notura,
1020 4750 1260 4811 relsubstantia.
1276 4751 1393 4812 Deinde
1403 4751 1652 4815 animaduertere

79 4844 132 4911 tur,
148 4844 303 4905 Christum
329 4843 547 4911 tantummodo
574 4861 636 4923 qua
658 4843 751 4909 homo
775 4847 831 4917 est,
885 4842 1003 4913 debuit,
1019 4842 1109 4911 illum
1124 4843 1225 4922 ipsum
1239 4843 1278 4904 de
1300 4843 1468 4907 mediatore
1492 4843 1535 4905 sio
1566 4841 1650 4906 loeu-

80 4933 268 4999 tnediatorem
286 4955 366 5010 esse;
382 4936 466 5017 quod
492 4953 591 4995 rmum
617 4934 833 5013 inquestione
887 4938 966 5009 tum,
982 4939 1136 5012 quatenus
1153 4932 1275 5011 mediat,
1288 4934 1348 4995 hoo
1363 4943 1408 4997 est
1427 4936 1652 5001 reconciliatio-

80 5025 225 5100 ponitur:
251 5029 300 5091 sed
329 5028 369 5091 ed
396 5045 557 5097 summum
584 5026 661 5093 illud
687 5027 831 5092 efficiunt,
884 5045 970 5097 nem,
984 5045 1020 5089 ae
1033 5026 1278 5105 redemptionem
1305 5027 1479 5106 exequitur,
1493 5028 1653 5090 liberando

81 5113 225 5187 Murum
249 5120 408 5187 homiuem
433 5136 499 5179 esse
520 5118 743 5190 mediatorem,
771 5135 836 5178 non
886 5136 944 5181 uos
954 5123 1054 5179 morte
1063 5136 1130 5191 sua,
1141 5124 1172 5179 et
1184 5118 1551 5196 sangtdnemtuudendo:
1568 5120 1652 5198 quod

80 5208 283 5272 emansorem
303 5212 334 5277 id
347 5210 509 5275 vendicare
523 5210 578 5270 sibi
593 5209 834 5282 brrmauitatem3
885 5209 1011 5271 nonnisi
1025 5209 1171 5271 humanae
1182 5210 1325 5287 congruit
1338 5217 1469 5271 naturae.
1482 5214 1585 5290 Atque
1593 5212 1653 5275 boo

82 5313 181 5363 vatim
194 5302 229 5375 io
244 5306 349 5369 eodem
363 5322 493 5387 persona
502 5310 647 5373 naturam
660 5308 834 5383 utramque.
887 5301 922 5361 in
937 5300 1134 5380 sequentibus
1148 5301 1264 5363 ibidem
1278 5302 1422 5381 Magister
1435 5302 1612 5383 [signifieat

109 5499 118 5541 Ι
131 5500 201 5546 listert
209 5506 293 5549 Schola.
305 5506 353 5548 -Ι
363 5507 421 5550 uam.
433 5517 455 5559 r,
469 5505 501 5549 to.
512 5505 561 5547 -d
573 5505 581 5547 Ι
593 5505 643 5550 Ger.
657 5514 693 5551 xv.
704 5503 740 5547 rt.
755 5526 782 5536 -
794 5504 808 5547 l
820 5505 893 5547 Sitne.
906 5504 966 5556 Aput.
976 5506 1052 5547 msera
1064 5504 1138 5549 Orien.
1150 5525 1178 5536 -
1188 5503 1202 5547 5
1213 5503 1238 5546 lu
1249 5503 1288 5556 ΙΙΙ,
1303 5502 1358 5547 bist.
1371 5515 1413 5548 ιιι.
