4076 6180
547 263 915 335 remunerandus.
939 265 1011 345 uu,
1034 267 1118 345 xlii.
1146 270 1230 337 CAP.
1257 270 1294 333 V.

1650 272 1709 339 aaa

13 430 88 522 ³33„
124 431 239 511 Panes,
254 430 307 517 qni
323 430 449 514 qudem
463 429 497 511 in
517 432 696 499 auctoriate
718 438 801 504 suut,
818 448 890 495 cnm
943 430 1150 495 manasserii
1164 450 1171 499 r
1185 438 1254 497 tum
1268 438 1299 499 st
1311 433 1481 514 edumarii
1493 452 1568 501 cura
1587 434 1644 498 teta
1656 436 1708 513 sit,

13 532 91 576 πίσω·
123 523 162 587 de
172 523 463 605 predestinatorum
477 524 609 601 gratuito
620 523 750 597 delectu,
774 541 831 585 nec
853 540 892 584 ex
943 525 974 581 et
1001 521 1055 601 qui
1081 524 1142 585 sint
1163 522 1208 585 illi
1234 542 1340 599 amires,
1371 526 1501 606 explicet
1521 527 1574 589 sie.
1597 528 1710 599 Caram

13 599 85 685 {siis
124 614 282 676 ullisiacto
296 616 423 683 meritis.
435 616 474 679 ab
485 634 533 692 eo,
545 617 628 696 quod
641 616 730 678 illum
758 616 888 677 sensisse
943 614 1111 674 ostendunt
1126 616 1287 694 sequentia
1298 634 1362 677 non
1372 617 1466 678 aliam
1477 636 1553 694 csse,
1565 637 1662 697 qnam
1675 625 1711 680 ut

13 702 84 737 ante·
944 722 997 764 eos
1018 705 1057 767 ad
1079 706 1183 780 iidem,
1211 713 1241 769 et
1264 707 1356 786 hujus
1383 709 1538 781 fructum,
1562 716 1711 775 aeoernam

13 760 38 789 „r
50 758 78 789 π
90 724 98 747 ’
125 706 229 784 docui,
238 707 548 773 nullaredissideunt:
557 709 887 787 derejectianctamen,

13 800 99 895 »103ξέ-
124 817 160 859 ec
173 799 391 883 reprobatione
400 800 539 880 longeab
553 800 797 865 Armncanornm
809 800 894 861 addi·
944 795 1039 857 uitam
1053 797 1213 901 provebat.
1225 800 1393 904 Enqnippe
1408 802 1541 880 pertinet
1550 802 1712 880 Evangelii

13 866 53 907 ΡΝ
944 889 1130 969 praedicatio,
1160 909 1196 953 oc
1220 891 1296 969 legis
1318 892 1506 970 testificatio,
1535 899 1566 955 et
1590 899 1711 961 noina

13 917 53 950 sne
125 897 264 963 tomento,
279 892 461 974 discrepant.
481 894 559 955 Nam
573 899 604 955 et
628 893 768 974 reprobis
795 892 891 972 possi-

13 962 82 1005 ’Μ’
124 983 232 1061 bilem,
256 986 340 1071 quad
357 985 397 1046 ad
421 987 519 1047 Deum
547 986 667 1060 attinet,
697 986 893 1067 adeptionem

124 1076 233 1137 saluus
246 1078 554 1153 essedemonstruut3
571 1085 602 1140 et
613 1078 667 1159 qni
688 1097 726 1138 ex
744 1077 803 1139 illis
827 1078 894 1157 jam

123 1168 224 1231 adulti
244 1176 386 1249 pereunt,
403 1170 528 1233 nolente
552 1173 626 1244 Deo,
646 1171 709 1235 imo
737 1169 777 1232 ab
801 1171 895 1233 exitio

123 1269 302 1338 revocante,
322 1269 429 1343 suapte
439 1264 539 1343 perire
554 1265 643 1342 culpa
655 1263 779 1325 docent:
796 1270 826 1323 et
836 1265 894 1325 hoc

92 1371 95 1376 ·
124 1353 261 1432 denique
277 1373 343 1417 non
367 1354 496 1417 obscure
517 1361 678 1432 testantem
702 1355 801 1419 salvos
826 1355 896 1425 illos

125 1464 193 1507 csse
206 1446 339 1509 voluisse
363 1449 461 1509 Deum
473 1448 611 1524 ;etbuic
638 1449 720 1529 ipsos
742 1448 895 1511 uoluntati

125 1539 278 1618 pravitate
287 1557 344 1601 sua
357 1539 512 1605 restitisse.

166 1631 224 1691 lli.
246 1631 287 1691 Ut
300 1638 405 1693 antem
414 1633 560 1712 ponderis
574 1634 665 1707 tanti,
682 1634 895 1713 momentique

124 1742 189 1801 res,
204 1722 244 1783 ad
253 1723 436 1789 frenandam
460 1726 705 1791 Armacanorum
727 1727 892 1801 licentiam,

124 1816 186 1879 sub
211 1817 353 1877 omnium
376 1812 555 1897 sulpiciatur
580 1818 697 1894 oculis,
724 1838 896 1899 proponam

124 1909 247 1988 aliquot
258 1927 297 1970 ex
311 1909 466 1988 primariis
480 1910 645 1989 Augustini
658 1911 828 1991 discipulis,
842 1918 897 1977 aut

125 2002 286 2065 acerrimis
312 2007 395 2065 certe
420 2001 502 2063 illins
520 2003 666 2063 doctrinm
686 2011 896 2083 propugnato·

125 2093 434 2179 1·ibns;quiita,nti
466 2094 612 2170 diximus
630 2101 662 2156 ct
687 2095 777 2159 aliter
804 2102 898 2176 atque

125 2188 220 2251 hodie
231 2186 348 2249 facirrnt
360 2186 537 2263 Armacani,
553 2186 636 2247 illius
650 2189 836 2255 sententiam
846 2190 898 2249 iu·

126 2279 290 2359 terpretati
303 2283 395 2353 sunt;
418 2296 552 2358 quornm
567 2278 721 2357 opinionis
744 2298 899 2341 summam

128 2390 192 2450 qua
207 2374 314 2449 potero
327 2369 478 2433 brevitate
490 2371 708 2451 perstringam.

171 2464 292 2527 Horum
305 2460 394 2523 tacite
409 2460 551 2545 prinecps
566 2462 708 2525 omnium
725 2463 855 2541 judicio,
870 2470 901 2525 ot

129 2554 294 2616 Armacani
319 2553 412 2614 eliam
433 2553 539 2645 ipsius,
554 2560 600 2614 est
626 2554 688 2629 illc,
705 2555 755 2615 cui
775 2562 901 2635 propter

129 2653 162 2709 ct
185 2651 379 2718 vetustatem,
408 2650 439 2705 et
474 2644 593 2705 bonnm
621 2646 758 2709 nominis
785 2665 898 2722 omen,

129 2737 336 2819 praerogativa
346 2736 483 2815 suffragii
494 2737 606 2799 merita
617 2737 762 2809 defertur,
770 2738 901 2821 Prosper

128 2831 343 2911 Aquitanicus.
360 2829 459 2909 Atque
474 2829 525 2890 bic
547 2829 759 2909 compluribus
779 2831 813 2891 in
827 2831 901 2893 locis

129 2942 166 2985 ca
179 2923 284 2999 sentit,
301 2940 371 3002 quar
393 2921 506 2983 sentire
530 2940 586 3000 par
604 2928 650 2982 est
674 2921 773 2999 illum,
793 2924 847 3002 qni
861 2924 901 2984 ab

130 3019 302 3079 Armacana
327 3013 510 3092 contagione
538 3014 662 3075 recedit.
680 3015 717 3075 In
740 3013 818 3075 libro
838 3034 902 3081 res·

123 3106 306 3188 pernionum
335 3103 374 3166 ad
401 3103 532 3187 capitale
570 3104 730 3181 nazarum,
761 3113 901 3177 semrom

127 3199 244 3259 hanun
278 3197 484 3276 objectionem
528 3199 675 3277 proponit
716 3197 898 3283 eiusmodi:

131 3314 147 3349 a
163 3291 253 3365 Quod
267 3309 331 3353 non
347 3308 455 3350 omnes
467 3289 611 3353 homines
622 3289 697 3351 uelit
709 3292 789 3350 lteus
802 3291 902 3353 salros

128 3382 395 3459 tieri,sedcertum
406 3382 897 3461 nnmerumpredestinatorum.»

128 3477 206 3547 Haec
230 3492 379 3555 germana
401 3480 448 3537 est
473 3474 647 3552 Augustini,
674 3473 700 3535 si
730 3477 901 3537 Armacano

128 3567 279 3645 eraditur,
293 3566 412 3647 opinio,
424 3565 544 3627 nullam
569 3566 697 3629 omnino
711 3566 901 3629 uoluntatem

128 3660 164 3721 in
175 3661 311 3722 Decesse
319 3658 539 3721 salvandorum
548 3658 901 3739 aliorumprceterprre-

128 3752 311 3813 destinatos.
336 3752 444 3830 Itaque
469 3750 631 3813 concedis
653 3753 804 3835 Prospero
825 3751 903 3813 illud

129 3845 280 3926 oportuit,
297 3844 352 3923 qui
365 3843 424 3907 boc
434 3862 534 3907 unum
544 3843 691 3916 studeret,
701 3849 737 3904 nt
749 3862 857 3905 veram
871 3848 904 3905 et

128 3937 283 4017 liquidam
297 3936 463 4015 Augustini
473 3935 646 3998 doctrinam
654 3936 833 3997 adstrueret.
843 3938 903 3998 Cur

944 981 1254 1060 contemplatio.erae
1269 983 1294 1042 si
1309 1002 1346 1044 ex
1356 984 1408 1045 illa
1419 985 1471 1046 Dei
1482 1004 1557 1047 euru
1566 986 1712 1049 omnibus

944 1073 1166 1146 attribuuntur,
1183 1093 1244 1152 qua
1272 1076 1358 1152 quod
1380 1077 1568 1155 promissum
1580 1079 1711 1154 estim-

945 1164 1030 1243 plere
1056 1165 1159 1231 studet
1183 1166 1228 1247 (nt
1256 1173 1321 1229 toto
1348 1170 1543 1231 antecedenti
1570 1189 1713 1233 sermone

946 1258 1075 1336 Prosper
1087 1257 1231 1339 affirmat)
1244 1260 1396 1331 nimirum
1411 1266 1446 1323 ut
1458 1270 1664 1335 corrompetur
1674 1262 1713 1327 sd

948 1348 1102 1411 [lominum
1129 1350 1257 1413 uulneri
1280 1350 1352 1431 fines
1376 1354 1478 1415 terrce¹
1493 1374 1503 1414 .·
1520 1364 1551 1417 et
1564 1361 1600 1416 nt
1619 1378 1714 1421 orama

944 1449 1041 1521 pentes
1063 1460 1259 1524 quoscumque
1284 1444 1366 1523 fecit,
1396 1446 1527 1523 vcnr'ent,
1542 1457 1571 1508 et
1591 1449 1715 1514 oderent

945 1552 1043 1595 coram
1057 1538 1129 1615 ipso,
1145 1542 1173 1594 et
1183 1534 1353 1615 plorificeut
1363 1555 1464 1601 nornen
1471 1538 1533 1619 ejus
1542 1539 1569 1616 ²;
1581 1542 1715 1621 ctbnjus

947 1626 1068 1705 generis
1096 1626 1157 1687 olio
1180 1646 1187 1686 :
1210 1627 1349 1707 sequitur
1373 1630 1494 1693 volente
1524 1634 1585 1695 beo
1612 1638 1715 1697 vorari

948 1736 1056 1781 omnes
1068 1719 1106 1780 ad
1119 1718 1224 1793 fidem,
1240 1739 1276 1781 aa
1291 1722 1343 1783 bei
1357 1723 1511 1800 notitiam,
1525 1732 1555 1789 et
1569 1727 1713 1793 salntem.

949 1812 1027 1872 Nam
1041 1811 1066 1871 si
1077 1811 1184 1885 nollet,
1200 1812 1258 1875 nisi
1268 1832 1391 1891 paucos,
1404 1815 1535 1891 allicere,
1548 1817 1624 1881 falso
1634 1820 1716 1885 bano

950 1905 983 1963 in
993 1904 1046 1965 illo
1061 1922 1169 1967 curant
1183 1905 1325 1967 omnium
1348 1925 1413 1968 esse
1441 1909 1555 1973 diceret
1569 1913 1714 1993 Prosper,

950 2015 988 2057 ex
1003 2015 1064 2075 qua
1077 1995 1712 2069 salvicahonitatiseffectaistameaarent.

950 2088 1064 2149 Deinde
1079 2107 1150 2157 curu
1169 2089 1212 2149 sic
1233 2090 1381 2170 loquitur,
1402 2093 1483 2154 asad
1503 2094 1717 2165 infidelitatem

949 2179 1718 2269 bominumipsisadscr·ibamuslrominibns,nidip

950 2290 1019 2333 sum
1031 2272 1358 2352 perspieucsignificat.
1367 2278 1420 2337 Est
1432 2277 1717 2345 animadversativa

949 2365 1108 2444 porticula,
1122 2367 1173 2425 scd
1185 2384 1195 2425 .·
1207 2385 1276 2445 qum
1289 2367 1361 2428 huic
1379 2370 1496 2433 oraturi
1513 2371 1715 2447 demonstrat,

950 2458 1033 2534 qnod
1047 2457 1137 2535 objici
1162 2464 1292 2537 poterat,
1310 2460 1440 2539 quinam
1460 2468 1588 2537 coristet,
1611 2484 1718 2527 curam

950 2567 1014 2608 esse
1045 2550 1105 2610 ttco
1128 2551 1352 2613 servandorum
1376 2554 1528 2631 omnium,
1555 2574 1627 2617 enm
1652 2563 1718 2619 tarn

950 2641 1040 2701 malli
1054 2640 1116 2703 siut
1129 2642 1269 2707 infideles
1281 2663 1364 2705 curae
1385 2645 1469 2707 illius
1491 2653 1634 2711 exsortes.
1660 2650 1717 2711 Cui

949 2732 993 2793 sic
1006 2734 1190 2812 respondut;
1206 2734 1272 2814 ejus
1283 2736 1329 2796 rei
1343 2738 1717 2819 causam,videlicetqnod

948 2823 1094 2886 beneficae
1107 2826 1195 2885 istius
1213 2845 1296 2889 curm
1317 2828 1378 2891 sint
1392 2836 1541 2908 expertes,
1562 2850 1627 2892 non
1641 2834 1715 2909 Deo,

950 2917 1003 2977 sed
1012 2916 1164 2983 voluntati
1174 2918 1409 2983 adscribendam
1418 2921 1569 3000 ipsorum,
1583 2924 1637 3002 qni
1649 2925 1718 2985 inli-

950 3009 1106 3070 delitntern
1118 3009 1190 3071 iidci
1204 3011 1420 3090 praetulerunt.
1439 3014 1506 3077 Nan
1522 3021 1600 3079 esset
1612 3022 1718 3087 autem

950 3101 1104 3181 culpanda
1117 3102 1260 3167 voluntas
1273 3103 1438 3169 homiuum
1450 3106 1636 3185 infidelium,
1649 3115 1719 3179 tan·

950 3212 1045 3273 quam
1058 3194 1189 3268 curanti,
1206 3201 1237 3255 et
1248 3197 1390 3276 prodesse
1403 3199 1520 3261 volenti
1536 3200 1596 3261 beo
1610 3209 1719 3280 sponte

951 3286 1131 3362 defuissent;
1154 3286 1180 3347 si
1204 3294 1235 3348 et
1259 3288 1368 3366 gratias
1395 3308 1432 3351 ac
1458 3290 1598 3352 beneficii
1626 3293 1720 3371 lupus

950 3379 1038 3440 nulla
1051 3386 1129 3440 essct
1155 3379 1217 3443 illis
1230 3380 1309 3441 faeta
1325 3386 1459 3461 potestas
1475 3403 1483 3457 ;
1498 3388 1530 3443 ct
1542 3383 1718 3446 liberanda·

951 3489 1022 3531 rum
1032 3489 1152 3545 eorum,
1168 3472 1227 3532 boc
1242 3477 1298 3547 est,
1314 3472 1386 3547 tide,
1399 3492 1435 3533 ec
1445 3473 1542 3536 salute
1552 3494 1720 3543 muneran-

951 3562 1075 3637 dornm,
1092 3570 1209 3631 careret
1222 3563 1308 3625 omni
1321 3564 1480 3627 voluntate
1494 3568 1585 3629 Deus.

992 3656 1045 3715 IV.
1081 3656 1155 3728 Quae
1175 3655 1328 3733 generalis
1355 3658 1546 3737 praescriptio
1572 3660 1720 3724 adversus

953 3746 1081 3823 Calvini,
1092 3752 1123 3807 et
1134 3747 1263 3811 Lutlreri
1274 3748 1449 3827 prestigias,
1465 3750 1578 3829 quihus
1590 3758 1720 3821 utuutnr

952 3841 1137 3916 Armecani,
1161 3838 1325 3918 diligenter
1356 3848 1402 3902 est
1434 3843 1718 3911 animadvertenda.

954 3931 1014 4005 Qui
1029 3950 1100 3993 curn
1110 3931 1213 4006 urgeri
1226 3949 1258 3993 se
1271 3933 1409 4009 sentiunt
1422 3933 1459 3994 iis
1473 3934 1654 4014 Scriptura,
1666 3958 1721 4002 ve-

130 4030 302 4108 igitnrnon
324 4027 365 4102 ei,
386 4027 470 4106 qirod
489 4028 641 4106 objectum
668 4033 904 4100 mutassemus
952 4029 1117 4105 terumque
1144 4025 1276 4095 Patrem
1302 4024 1497 4100 testimoniis,
1514 4046 1584 4107 quas
1597 4030 1634 4093 ad
1650 4049 1719 4093 om-

132 4128 190 4190 est,
205 4121 266 4183 nisi
279 4119 566 4201 qrrodcontrarium
578 4119 624 4179 illi
646 4120 812 4195 Augustini
828 4138 901 4181 sen-
953 4118 1042 4176 nium
1070 4115 1249 4187 mortalium
1272 4118 1499 4197 procurandam
1525 4120 1722 4191 salutemet

131 4232 205 4276 snm
219 4211 496 4291 essejndicabatt«
511 4212 758 4287 Omnium,aitin
772 4230 900 4292 respon·
953 4226 1005 4270 eos
1019 4208 1058 4268 ad
1073 4208 1125 4269 Dei
1136 4207 1280 4271 notitiam
1291 4209 1473 4288 cultumque
1485 4213 1718 4293 pertrahendos,

132 4309 222 4368 sione
235 4308 381 4386 Prosper,
398 4323 473 4367 cura
495 4310 541 4365 est
567 4306 630 4367 lieo
647 4323 654 4364 :
670 4310 700 4364 ct
727 4321 820 4365 nemo
843 4309 899 4378 est,
952 4306 999 4361 tot
1012 4318 1119 4363 rernm
1132 4305 1293 4383 procreata
1315 4318 1380 4362 esse
1406 4320 1522 4381 genera
1544 4304 1718 4383 deunana

132 4417 230 4480 quem
257 4416 322 4458 nan
349 4403 405 4459 ant
428 4395 609 4471 evangeliea
636 4396 823 4474 praedicatio,
849 4401 904 4459 aut
953 4397 1109 4455 uteorum
1121 4411 1190 4467 usu,
1211 4398 1243 4454 et
1259 4399 1384 4472 aspectu
1399 4394 1439 4457 ad
1456 4395 1589 4457 auctoris
1611 4399 1720 4478 cogni·

132 4492 213 4571 legis
227 4490 410 4565 testificatio,
426 4494 479 4553 erit
501 4489 567 4568 ipsa
591 4488 684 4551 ctiam
703 4494 813 4549 natura
828 4507 901 4550 con·
956 4485 1083 4561 tionem,
1099 4491 1276 4547 ctamorern
1291 4485 1451 4566 pervenire
1467 4497 1601 4567 possent,
1613 4497 1721 4555 contra

133 4584 258 4658 veniat,
293 4583 347 4643 sed
383 4581 596 4643 infidelitatem
629 4580 793 4641 bominum
829 4579 904 4659 ipsis
954 4577 1021 4641 brec
1034 4577 1187 4639 itesolent
1200 4578 1422 4656 praescribere:
1440 4585 1567 4641 externa
1580 4581 1720 4649 illudun-

133 4675 345 4739 adscribamus
356 4672 556 4748 bominibns3
572 4672 667 4733 iidem
686 4678 791 4733 autem
804 4673 904 4733 bomi—
954 4674 1039 4730 tarot
1065 4688 1131 4730 esse
1157 4670 1312 4750 praesidia,
1341 4675 1372 4733 et
1393 4671 1573 4750 adjumenta
1599 4676 1719 4755 gratiae,

133 4786 227 4844 num,
242 4768 360 4833 donum
383 4766 438 4828 Dei
462 4783 526 4827 esse
547 4764 709 4841 fateamur,
734 4765 799 4825 sine
818 4764 906 4843 eujus
955 4781 1024 4843 quaa
1037 4762 1227 4825 extrinsecus
1240 4762 1399 4844 appellunt
1410 4783 1418 4839 ;
1430 4769 1461 4824 et
1476 4768 1719 4846 suntpraedesti·

134 4861 236 4940 gratia
258 4878 350 4923 nemo
376 4858 473 4921 currit
497 4857 537 4918 ad
567 4857 710 4936 gratiam.
731 4877 746 4913 r
770 4857 815 4916 Eri
847 4856 906 4917 hae
954 4856 1045 4929 natis,
1061 4873 1098 4915 ac
1118 4854 1257 4934 reprobis
1284 4873 1428 4937 peraque
1454 4859 1651 4934 eommunia3
1667 4862 1720 4927 scd

135 4952 279 5031 Prosperi
291 4950 492 5033 responsione
504 4967 626 5011 nccesm
640 4954 696 5025 est,
711 4947 905 5009 voluntatem
953 4945 1135 5007 biteriorem
1162 4946 1260 5007 animi
1278 4947 1516 5026 permotionem,
1536 4969 1606 5029 qna
1619 4953 1722 5033 qratia

133 5043 267 5111 adscribi
282 5044 357 5119 Dee,
372 5061 434 5122 qna
459 5058 568 5103 omncs
582 5040 735 5115 homines,
751 5044 905 5118 qnantum
953 5037 1079 5119 proprie
1091 5035 1205 5099 Ciristi
1218 5038 1483 5116 nominatur,non
1495 5042 1719 5126 omnihussup-

133 5138 168 5198 in
184 5136 250 5216 ipso
263 5142 319 5211 est,
335 5135 375 5203 ad
388 5134 496 5209 iidem,
511 5139 542 5199 et
564 5133 695 5205 salutem
710 5138 838 5195 conetur
852 5130 905 5191 ad·
954 5136 1059 5210 petere
1076 5150 1083 5190 :
1106 5147 1216 5191 rerum
1243 5131 1314 5191 solis
1338 5131 1376 5193 iis
1395 5132 1435 5192 ad
1460 5138 1721 5212 perseuerantiam

134 5228 260 5291 discere.
277 5223 399 5305 Etenim
418 5244 521 5291 carun
547 5224 677 5287 emnium
700 5242 756 5287 csse
770 5223 831 5285 lieo
841 5222 904 5304 pri·
956 5222 1074 5299 saltem,
1091 5230 1122 5287 ct
1133 5227 1282 5287 aternam
1295 5222 1390 5295 ritum
1403 5228 1627 5306 assequendam
1641 5229 1719 5308 dari,

163 5427 174 5470 t
196 5427 233 5472 Pr.
249 5437 274 5479 u,
285 5425 304 5470 t.
318 5425 369 5468 -2
386 5426 420 5469 Pa.
432 5435 504 5468 cxxxv.
598 5426 602 5432 '
