4104 6160
48 1864 114 1913 &ten

593 356 646 415 nn
664 334 964 433 'ruaaaaaueua
987 356 1060 415 un.
1085 356 1145 432 iu,
1167 355 1250 415 aar,
1274 355 1314 414 u.
1729 358 1748 415 s

164 519 352 599 respondens
369 523 483 598 samit3
511 540 602 583 anon
624 523 732 601 utique
754 521 933 601 simpliciter

163 612 379 675 simriitndines
411 622 605 688 ἀνυποστάτους,
631 615 664 676 id
674 621 720 675 est
732 632 797 676 non
816 613 931 674 subsis-

163 710 271 780 tentes,
283 705 335 767 rel
348 705 464 768 formas
475 706 555 767 inter
574 725 607 769 se
625 707 845 788 dispensatoria
860 707 932 767 uni-

163 798 245 858 bone
253 800 447 862 concurrisse
464 819 471 860 :
488 800 540 860 sed
551 817 669 874 rerum,
686 799 718 860 id
728 800 932 879 estbyposta·

163 907 248 966 seon,
263 893 504 954 conventionem
518 910 583 953 esse
594 892 726 953 factam:
743 896 779 952 ut
791 893 933 952 incarna-

164 983 254 1044 tionis
267 984 348 1045 ratio
361 1004 435 1046 rere
448 984 525 1047 taem
552 986 706 1046 credatur.
723 1004 738 1041 υ
756 984 861 1044 Palam
875 988 931 1061 est,

164 1075 206 1137 ibi
217 1084 356 1139 ὑπόστασιν
370 1096 427 1158 pro
441 1096 573 1157 persona
594 1075 780 1154 nonacrim,
804 1075 858 1136 sed
875 1094 932 1155 pro

164 1168 270 1245 solida,
279 1188 360 1241 nero,
376 1177 405 1231 et
419 1189 478 1230 νιοιι
488 1168 669 1251 imapiaaria
683 1187 726 1242 re,
753 1172 814 1229 νισι»
827 1166 874 1228 rei
884 1186 935 1228 en·

164 1262 283 1323 nantia.
301 1262 351 1323 Sie
369 1262 403 1323 in
421 1264 528 1324 eadem
554 1260 744 1338 defensione,
760 1261 818 1322 sub
838 1261 934 1321 finem

164 1358 257 1431 negat
272 1361 440 1416 ἀνυπόστατον
456 1361 560 1435 μορφὴν,
586 1354 617 1413 id
636 1358 682 1414 est
700 1371 759 1413 aaa
782 1351 935 1412 subsisten-

167 1454 220 1505 tem
234 1445 376 1525 formam,
392 1438 934 1518 oom‘sabsistertecoarcat‘sse0.Quod

165 1536 301 1616 protecte
316 1556 382 1597 nou
400 1537 525 1614 diceret,
537 1539 563 1598 si
580 1545 714 1601 ὑπόστασιν
732 1555 788 1616 pro
803 1554 935 1616 persona

166 1635 313 1689 sumeret.
329 1631 378 1689 lta
389 1632 473 1691 enim
488 1636 609 1692 semiim
627 1636 684 1705 est,
694 1630 827 1690 formam
842 1630 933 1705 servi,

165 1720 257 1782 idest
277 1729 424 1782 naturam
450 1722 596 1800 bominis,
623 1722 657 1783 in
681 1722 815 1799 Christo,
842 1721 934 1783 inisse

26 1801 62 1846 ’ὴ
71 1817 145 1867 '¹⁸5²-
167 1821 346 1891 herimarus,
361 1815 499 1875 divitiam
512 1822 688 1878 ἔνυτόστατσν.
704 1814 791 1875 Idem
805 1831 879 1874 vero
901 1816 934 1874 in

49 1939 127 1995 Q
166 1906 256 1966 tertio
278 1906 354 1967 dicit
373 1907 537 1968 anathema
565 1928 581 1965 a
597 1906 637 1982 ei,
667 1906 722 1986 qni
755 1905 935 1986 hypostases

47 1995 119 2055 Νι
165 2002 234 2078 post
252 1998 429 2060 unitionem
443 1999 550 2060 dividit
564 1998 587 2058 ⁶.
604 2022 617 2057 e
644 1999 679 2058 ln
693 1997 936 2077 qnartodamnat

171 2108 281 2163 aerim,
297 2090 353 2170 qui
366 2092 400 2150 in
413 2091 491 2151 dites
505 2109 663 2171 personas,
679 2094 734 2149 aut
755 2089 935 2169 hypostases

166 2184 298 2262 partitur
317 2201 370 2243 eas
394 2200 496 2249 voces,
521 2183 639 2261 quaein
661 2181 864 2260 Evangelicis,
885 2181 935 2242 rel

165 2274 347 2354 Apostolieis
358 2274 444 2336 libris
452 2279 620 2335 occurrunt
630 2282 641 2310 ⁰
652 2294 660 2349 ;
672 2295 688 2331 n
701 2280 851 2352 tanquam
864 2274 934 2334 aliae

165 2366 285 2427 homini
312 2367 489 2446 separatim,
509 2386 544 2428 ac
569 2385 625 2446 per
638 2383 669 2426 se
684 2372 844 2445 spectato:
865 2365 933 2426 aliae

165 2458 217 2518 bei
232 2458 308 2533 tilio,
323 2458 469 2519 acVerbo
481 2462 666 2537 competant.
680 2457 851 2537 Utrobique
860 2476 934 2517 vero

164 2551 211 2610 rel
226 2551 266 2611 ad
279 2552 411 2612 Nestorii
420 2555 557 2611 mentem
571 2566 665 2611 arsum
677 2549 814 2611 nominis
827 2557 936 2611 ῦτοστά·

982 539 1035 583 sns
1052 521 1221 583 orientales
1248 520 1369 601 scripsit
1393 520 1432 581 ad
1455 520 1749 582 anathematismum

982 618 1157 694 quartum:
1188 613 1242 674 ubi
1276 612 1462 695 hypostaseon
1492 611 1676 684 divisionem,
1712 631 1749 674 ae

980 706 1191 787 separationem
1202 705 1439 786 parturitionem
1451 703 1607 786 redarpait
1619 714 1642 765 θ.
1654 706 1749 766 Porro

982 799 1016 860 in
1032 798 1160 878 epistola
1172 796 1211 861 ad
1229 798 1416 860 Valerianum
1428 806 1561 861 ὑπόστασιν
1574 803 1753 878 pronatum

983 889 1753 971 perse,acpropriomodosnbsistentecaperevide-

982 989 1045 1061 tur,
1055 984 1130 1044 dum
1140 1002 1192 1045 ees
1206 984 1322 1063 rejicit,
1338 983 1439 1063 quiin
1455 983 1572 1044 Christo
1586 988 1750 1062 utramque

983 1075 1574 1155 salvammaneredieebantbypostasim
1590 1076 1751 1154 :quosbo-

983 1168 1078 1228 minis
1091 1187 1130 1229 ex
1144 1169 1259 1245 anima,
1283 1174 1314 1230 et
1330 1186 1459 1247 corpore
1477 1168 1636 1229 constituti
1643 1166 1751 1228 simili-

983 1259 1090 1320 tudine
1115 1260 1290 1339 redarguit3
1319 1260 1354 1320 in
1376 1277 1439 1339 quo
1458 1278 1522 1320 una
1537 1264 1583 1321 est
1601 1259 1752 1320 duntaxat

983 1353 1166 1431 hypostasis,
1186 1352 1238 1413 sed
1258 1353 1296 1413 de
1314 1352 1374 1413 hoc
1388 1356 1504 1431 postea.
1520 1354 1559 1413 Et
1571 1352 1605 1412 ln
1618 1351 1752 1413 monade

983 1444 1062 1506 libro
1070 1452 1170 1505 eontra
1178 1444 1638 1524 Λόιίονιύνιυτόσταοτνιισροσώτῳ
1648 1444 1754 1504 distin·
1777 1449 1915 1555 ἔννφγγγγγφ

982 1538 1061 1616 guil,
1076 1537 1344 1598 liaereticumhuuc
1352 1537 1515 1609 incessens,
1533 1536 1675 1615 quodeos
1690 1554 1754 1596 ear-

982 1631 1136 1711 peret,qui
1145 1628 1197 1689 uni
1204 1629 1365 1707 eidemque
1370 1646 1508 1709 personae
1514 1627 1752 1705 diversasvoces,

982 1740 1053 1802 qum
1067 1723 1100 1782 in
1113 1720 1280 1799 Evangelio
1304 1721 1515 1795 continentur,
1532 1720 1751 1781 attribuerent.

987 1837 1003 1874 α
1017 1815 1075 1888 Qui
1098 1814 1235 1886 tandem,
1264 1814 1318 1889 eit,
1347 1830 1430 1873 unus
1458 1812 1517 1873 erit
1537 1812 1699 1889 Dominus,
1722 1818 1753 1873 et

984 1907 1131 1983 Christus,
1146 1910 1178 1967 et
1189 1906 1282 1979 filius,
1296 1905 1322 1965 si
1343 1909 1468 1985 utrique
1486 1922 1543 1964 sua
1562 1910 1608 1965 est
1627 1903 1754 1983 propria

984 2017 1126 2079 persona,
1142 2003 1173 2059 et
1184 1998 1262 2058 ratio
1280 2018 1287 2058 :
1303 1998 1357 2058 sed
1374 2004 1405 2058 et
1418 1997 1591 2078 hypostasis
1606 1996 1640 2056 in
1654 1997 1754 2058 diver-

983 2093 1105 2153 sitatem
1119 2091 1274 2170 repedans,
1291 2095 1321 2151 et
1331 2108 1411 2151 verae
1424 2089 1574 2150 unitionis
1587 2106 1654 2149 rem
1668 2107 1755 2150 recu-

984 2203 1066 2261 sans,
1088 2186 1121 2245 et
1143 2201 1213 2262 quea
1240 2182 1364 2262 penitus
1386 2200 1458 2243 eum
1472 2181 1568 2242 altera
1588 2182 1754 2243 convenire

984 2275 1139 2356 nequeati
1149 2275 1251 2335 inilia
1262 2292 1393 2354 prorsus
1405 2273 1599 2353 hypostasim
1613 2281 1753 2336 naturam

984 2368 1183 2447 singularem,
1209 2372 1240 2428 et
1266 2367 1450 2427 existentem
1481 2365 1635 2444 intelligit,
1658 2384 1753 2445 quam

985 2460 1178 2539 suppositum
1185 2457 1314 2533 faciunt,
1325 2469 1356 2519 et
1370 2457 1526 2536 complent
1539 2476 1586 2534 ea,
1601 2476 1672 2537 quae
1679 2477 1753 2519 mox

984 2553 1079 2629 addit,
1093 2552 1131 2613 de
1145 2550 1307 2623 divisione,
1325 2568 1360 2610 ac
1373 2549 1578 2629 separatione,
1592 2555 1623 2611 et
1639 2564 1676 2631 τῷ
1691 2558 1752 2613 ἀσο-

165 2670 225 2712 eene
248 2642 473 2717 accommodat,
498 2649 533 2702 ut
556 2643 596 2703 sit
616 2648 728 2703 natura
753 2640 933 2718 subsistens,

165 2752 257 2814 qnam
272 2734 393 2795 nullam
406 2734 571 2795 haereticus
587 2734 655 2804 iste,
671 2732 732 2793 nisi
750 2733 810 2792 hoc
828 2732 931 2810 modo,

165 2827 283 2906 putarit
294 2844 384 2906 posse
398 2827 574 2900 consistere,
588 2832 624 2887 ut
641 2825 723 2885 inter
742 2825 819 2885 alios
833 2823 936 2884 obser·

164 2925 215 2979 rat
226 2920 406 2980 Anastasius
417 2918 534 2978 Sinnita
552 2919 584 2978 in
605 2916 666 2978 Via
678 2915 806 2990 doctore,
823 2917 935 2995 pagina

168 3012 235 3086 tte,
250 3011 303 3071 rel
329 3014 476 3071 notariam
506 3009 722 3089 particularem
750 3009 933 3069 intellexit:

166 3103 336 3181 cujusmodi
351 3103 491 3163 humana
504 3120 568 3162 non
583 3101 675 3162 debet
688 3101 722 3161 in
731 3100 850 3161 Christe
865 3106 934 3161 tan·

166 3213 259 3275 quam
274 3195 425 3273 sejuncta,
437 3200 469 3255 et
482 3194 626 3261 distracta
640 3192 778 3272 eogitari.
787 3193 936 3254 Ac'llreo·

167 3288 291 3349 doretus
305 3287 432 3367 quidem
443 3287 477 3346 in
497 3286 728 3371 oppugnatione
742 3285 844 3364 qirarti
859 3304 934 3346 ana-

986 2653 1083 2725 μοάτῳ,
1099 2660 1194 2723 quam
1209 2640 1570 2703 insammcm'eadilitatem
1593 2641 1685 2721 vulgo
1700 2661 1755 2704 no-

984 2737 1117 2797 minant.

1023 2828 1074 2889 IV.
1098 2828 1245 2906 Sequitur
1270 2835 1351 2903 haab’
1360 2833 1494 2888 ὑπόστασιν
1508 2835 1614 2903 ἕνωσις,
1650 2825 1682 2887 id
1708 2832 1754 2888 est
1802 2846 1902 2909 Qutitsit

984 2916 1749 2999 aritioactararamdaarumsecandamlrypostasrm,
1790 2902 1911 3000 ,ffissm

984 3012 1072 3091 cujus
1089 3012 1173 3091 apud
1196 3011 1348 3091 Cyrillum
1370 3028 1454 3081 usus,
1482 3028 1518 3070 ac
1543 3011 1751 3071 sensuslocu-
1776 3010 1910 3108 lumb

984 3104 1077 3165 tionis
1090 3109 1231 3165 accurate
1246 3102 1487 3165 considerandus
1499 3107 1554 3163 est.
1571 3102 1672 3179 Vulgo
1682 3103 1752 3182 qui·
1795 3078 1908 3175 οςιὺιινον.

984 3196 1054 3257 dem
1070 3197 1189 3258 siccam
1199 3197 1454 3276 interpretantur,
1467 3200 1502 3256 ut
1517 3195 1556 3255 sit
1569 3201 1753 3256 natiuarum

984 3291 1117 3350 duarum
1128 3289 1162 3349 in
1174 3306 1270 3349 unam
1285 3287 1517 3349 subsistentiam
1525 3304 1753 3367 personamque

168 3380 366 3455 thematismi,
379 3380 560 3458 hypostases
571 3397 627 3458 pro
637 3377 756 3438 natiuis
769 3378 935 3457 sumpsisse
984 3382 1167 3443 consociatio
1182 3402 1189 3442 :
1212 3400 1248 3442 ac
1261 3380 1382 3441 duabus
1392 3379 1455 3440 fere
1470 3380 1508 3440 de
1522 3380 1622 3441 causis
1635 3380 1678 3441 ita
1692 3398 1753 3440 no-

167 3472 287 3532 ridetnr
300 3471 385 3551 apud
401 3470 564 3550 cyrillum.
589 3471 645 3531 Hic
658 3476 765 3530 autem
778 3469 812 3530 in
826 3469 935 3550 Desert—
984 3474 1096 3534 minari
1111 3474 1263 3535 ereditur:
1279 3473 1329 3533 vel
1347 3472 1386 3531 ab
1402 3472 1510 3533 effecto
1520 3472 1599 3550 ipse,
1615 3490 1651 3532 ae
1668 3471 1754 3531 velut

166 3563 242 3625 noae
254 3568 348 3624 arlaci
359 3563 408 3623 sai
419 3562 662 3624 anathematismi
676 3561 811 3623 adamam
829 3562 935 3623 Orien·
984 3564 1119 3627 termino
1134 3563 1361 3643 conjunctionis
1376 3582 1384 3638 ;
1404 3563 1489 3642 quod
1501 3561 1575 3623 inde
1588 3562 1753 3623 ambarum

167 3657 248 3733 tales,
263 3674 335 3718 cum
346 3655 401 3722 ait.
421 3676 433 3712 ν
450 3655 484 3715 in
505 3674 567 3716 nna
585 3672 730 3735 persona,
755 3661 785 3715 et
809 3660 932 3728 natura,
984 3676 1049 3718 una
1067 3657 1173 3718 existit
1196 3654 1386 3737 hypostasis,
1415 3673 1450 3715 ae
1476 3671 1608 3735 persona
1622 3673 1630 3731 3
1645 3656 1696 3716 vel
1711 3655 1754 3717 sie

165 3750 227 3811 sire
238 3747 399 3829 hypostasi
413 3765 449 3808 ea
460 3747 658 3822 considerari,
681 3746 845 3825 exquibus
866 3747 935 3808 exi·
983 3757 1133 3828 tanquam
1156 3767 1175 3809 a
1202 3766 1309 3809 marsa:
1339 3747 1421 3826 qued
1453 3765 1518 3807 una
1542 3764 1559 3808 e
1582 3747 1753 3826 conjunctis

166 3842 225 3915 stit,
240 3849 272 3902 et
283 3838 467 3901 naturaliter
480 3837 936 3919 componitnr‘imperspieuum
985 3842 1105 3902 duabus
1118 3840 1291 3920 hypostasis
1304 3846 1361 3911 est,
1372 3844 1403 3899 et
1416 3838 1623 3917 subsistentia,
1636 3859 1707 3920 quae
1719 3840 1753 3900 in

166 3939 211 3994 est
224 3932 332 3994 ambos
354 3931 424 3991 illos
451 3930 551 3992 valere
570 3931 680 3991 modos
703 3931 888 4009 explicandi,
900 3938 936 3992 ut
985 3933 1162 4013 seipsaiacit
1175 3933 1303 3994 alteram
1317 3930 1493 3992 subsistere.
1506 3932 1550 3993 De
1560 3933 1660 4011 quavi
1671 3931 1754 3993 loeu-

165 4026 215 4085 rel
229 4024 364 4085 Nestorii
387 4040 512 4084 sensum
531 4022 564 4082 in
589 4022 767 4101 usurpanda
785 4022 839 4082 ilia
860 4041 935 4084 voce
985 4026 1078 4086 tionis
1091 4025 1158 4085 fuse
1169 4024 1396 4104 disputavimus
1405 4023 1438 4083 in
1449 4023 1529 4083 libro
1539 4020 1650 4084 tertie¹
1664 4043 1671 4084 :
1683 4043 1753 4104 quae

165 4115 456 4198 spectaritCyrillus,
470 4115 520 4175 rel
535 4121 678 4175 naturam
690 4113 841 4193 significet
854 4115 935 4176 indi-
985 4118 1110 4196 quidem
1126 4123 1196 4197 post
1210 4116 1371 4196 Gyrillum,
1387 4114 1426 4175 ab
1439 4115 1567 4190 areca,
1579 4116 1755 4196 Latinisque

165 4209 291 4269 viduam
317 4213 348 4268 et
373 4212 547 4268 exstantem
586 4208 696 4287 reipsa.
724 4207 813 4280 Quod
843 4208 936 4269 etiam
984 4209 1136 4288 theologis
1144 4208 1248 4269 adhoc
1256 4226 1354 4288 usqne
1363 4213 1497 4286 tempus,
1505 4207 1755 4286 frequentissimo

166 4300 317 4383 posterius
328 4299 682 4361 confirmariuidcturex
695 4299 821 4377 iis,quae
831 4299 938 4360 adver·
986 4302 1078 4362 estin
1093 4319 1163 4379 usu,
1179 4319 1214 4361 ae
1238 4301 1302 4362 sela
1325 4299 1389 4362 fere
1402 4299 1566 4361 retinetur.
1583 4302 1701 4362 Verum
1715 4301 1755 4362 ab

166 4462 390 4525 ἀνυπόστατοι,παὺ
403 4463 494 4535 μορφαὶ
508 4462 641 4531 sustineas
649 4461 770 4529 ἀλλήλαις
782 4462 836 4514 καθ’
851 4462 938 4516 ἕνωσιν
986 4463 1090 4536 φὺσιως,
1105 4465 1181 4536 ἤγουν
1195 4463 1352 4527 ὑποστάσεως
1362 4465 1418 4536 μιᾶς
1432 4462 1594 4536 βασανὺζωυὺ
1605 4463 1679 4537 λόγος
1691 4463 1723 4519 τὰ
1733 4463 1757 4528 ἐξ

166 4547 334 4619 rhosopoli.
364 4544 429 4599 titt
455 4546 625 4618 πραγμάτων,
656 4546 731 4618 ἤγουν
761 4544 935 4611 ὑποστάσεσι,
987 4542 1022 4601 ὧν
1037 4545 1165 4616 {canipae
1179 4547 1301 4620 σύγκειται
1314 4552 1430 4619 φυσιιῶς.

165 4631 251 4703 γέγονε
260 4629 371 4690 σῦνῡῧῦς·
391 4628 462 4682 ὑνᾱῦ
478 4632 522 4695 τῆς
540 4626 742 4699 ἔνανὺρωτήσεως
754 4628 828 4701 λόγος
842 4628 938 4698 άληθῶς
1022 4646 1037 4686 e
1055 4631 1164 4686 Cunttn.
1181 4629 1247 4686 ibid.
1263 4629 1375 4687 refellit.
1394 4630 1456 4692 Τοὺς
1475 4623 1626 4702 διαιροῦντας
1640 4628 1757 4700 ἀλλήλων

166 4713 277 4785 γενέσθαι
291 4712 425 4765 πιστοῦται.
986 4712 1186 4776 abrincatinae
1200 4713 1262 4786 μετὰ
1283 4712 1327 4780 τὴν
1342 4712 1508 4766 ἀδιάσπαστον
1525 4713 1622 4768 ἕνωσιν.
1634 4712 1696 4767 Οὔτε
1710 4713 1758 4788 γάρ

204 4812 225 4859 (ι
243 4794 313 4851 lbtd·
338 4794 516 4849 ’τὺνυποστάτου
533 4799 626 4868 μορφῆς
638 4794 699 4868 πρὸς
721 4792 883 4851 ἔνυπόστοιτον
897 4796 937 4849 καὶ
986 4798 1103 4868 μερισμόν
1117 4801 1167 4849 τῶν
1181 4795 1339 4849 ὑποστάσεσι
1362 4794 1424 4868 μετὰ
1444 4793 1488 4863 τὴν
1510 4795 1596 4849 ἕνωσιν
1610 4797 1758 4870 &apparito-

166 4878 233 4931 ὑείαν
249 4880 354 4951 μορφήν.
987 4897 1040 4950 μεν.
1057 4879 1126 4937 Vide
1134 4885 1161 4936 ct
1174 4895 1218 4949 ep.
1235 4877 1277 4934 acl
1291 4882 1442 4935 Acestam.
1456 4877 1506 4936 Ubi
1515 4878 1579 4947 esth
1590 4885 1640 4934 ries
1649 4878 1756 4951 φύσεων,

207 4962 223 5017 ὑ
242 4964 354 5017 Crustu.
369 4961 465 5017 anath.
485 4978 524 5017 tu.
545 4960 576 5015 Et
590 4981 625 5025 τις
638 4960 677 5016 ἐπὶ
701 4965 743 5016 τοῦ
758 4960 809 5026 ἑνὺς
830 4961 937 5033 Χριστοῦ
986 4963 1061 5035 ἤγουν
1072 4962 1229 5017 ὑποστάσεοιν
1244 4963 1359 5035 διαφορά.

166 5045 308 5117 nepertia
315 5044 459 5108 ὑποστάσεις
474 5045 536 5117 μετὰ
549 5044 593 5112 τὴν
608 5045 705 5099 ἕνωσιν.
1023 5045 1044 5119 f
1058 5047 1168 5102 Cunttt.
1185 5046 1207 5101 ll
1224 5052 1329 5102 cattlra
1339 5049 1418 5104 Neai.
1438 5047 1496 5109 Πῶς
1509 5045 1556 5118 γὰρ
1570 5045 1606 5100 ἔτι
1620 5046 1700 5119 κὺριος
1710 5040 1755 5115 εἷς,

205 5127 279 5184 ald.
294 5128 389 5184 anath.
413 5145 451 5184 ιν.
472 5127 504 5182 bi
530 5147 566 5190 τις
583 5129 724 5201 προσώποις
750 5128 835 5193 auctr,
859 5129 935 5200 ἤγουν
985 5130 1025 5182 καὶ
1040 5129 1157 5201 Χριστος,
1170 5129 1210 5182 rai
1223 5127 1283 5194 υὺὑς,
1306 5129 1328 5183 εἰ
1345 5131 1477 5202 πρόσωπον
1494 5128 1567 5183 ὑδιιιὺν
1582 5128 1700 5203 ἐκατέρῳ,
1715 5131 1755 5183 rai

166 5211 340 5277 ὑποστάσεσιν,
356 5213 399 5276 τάς
409 5230 436 5267 τε
451 5210 475 5264 ἔν
492 5214 544 5275 τοῖς
557 5211 742 5284 Εὑαγγελιιιοῖς,
756 5211 797 5265 sai
815 5209 935 5266 Ἀποστο-
984 5213 1068 5283 λόγος,
1085 5211 1126 5265 καὶ
1147 5211 1193 5284 μὴν
1207 5213 1248 5266 καὶ
1268 5211 1400 5276 ὑπόστασις
1413 5212 1576 5285 ἀναχωροῦσα
1596 5212 1656 5285 πρὸς
1672 5211 1753 5285 ἑτερό-

165 5296 243 5359 λυιοῖς
255 5296 426 5369 συγγράμμασι
439 5297 547 5368 διανέμει
560 5297 651 5368 φωνάς.
985 5314 1057 5364 τοτα,
1072 5297 1111 5349 aci
1124 5297 1154 5350 τὸ
1168 5300 1211 5363 τῆς
1226 5294 1330 5365 ἀληθοῦς
1343 5294 1451 5357 ἓνώσεως
1462 5300 1548 5369 γρῆμα
1560 5297 1750 5368 παραιτουμένη,

202 5378 225 5435 d
243 5379 353 5434 Castae.
371 5377 449 5434 Ὅταν
468 5378 512 5451 μὲν
533 5378 582 5450 γὰρ
601 5376 638 5448 ἐφ’
660 5377 712 5439 ἑνὸς
732 5380 877 5451 προσώπου,
893 5380 933 5431 καὶ
984 5379 1025 5432 καὶ
1038 5377 1068 5432 ri>
1080 5377 1218 5452 &sipiares
1231 5377 1545 5451 ὑλοτρόπωςέχουσαπρὺς
1558 5376 1602 5445 τὴν
1615 5376 1716 5450 ἑτέραις

197 5525 205 5566 t
221 5523 273 5578 sap.
289 5533 335 5571 rur,
345 5522 361 5578 ς
371 5524 404 5567 to.
