3956 6158
299 274 358 338 tte
817 273 1145 341 THEOLOGIGORUM
1170 276 1391 346 eoeah'reh

341 444 378 504 Et
401 444 435 505 in
457 445 537 506 libro
562 456 662 509 contro
689 447 902 511 Aduersorr‘om
928 450 1012 529 lepis,
1039 458 1068 512 et
1120 448 1156 508 lit
1168 448 1385 509 holocaustum
1401 465 1458 527 pro
1477 446 1609 527 peccatis
1628 443 1761 518 nostris3
1774 449 1805 503 et
1815 444 1874 522 ejus

300 534 531 618 Prophetarum,
548 540 647 619 capite
662 561 719 602 xx.
742 544 936 618 «Noverunt,
952 544 1066 623 iuquit,
1119 540 1257 602 sacrificii
1278 539 1512 602 similitudinem
1536 537 1753 599 celebrandam
1767 536 1801 595 in
1819 554 1874 595 sun

301 629 353 706 qui
393 628 515 707 legunt,
550 633 625 711 quid
660 635 823 713 protulerit
856 636 1066 713 Melchisedec,
1118 634 1268 712 passionis
1280 633 1464 694 memoriam
1476 630 1705 693 commendavit
1721 648 1729 689 :
1746 635 1781 689 ut
1796 626 1873 700 illud,

304 719 428 799 quando
453 721 612 783 benedixit
638 725 835 802 Abrahamo;
861 736 892 788 et
907 728 973 805 jam
996 734 1071 788 suat
1119 727 1201 806 quod
1218 727 1417 788 Melchisedec
1426 727 1539 787 obtulit
1551 728 1628 798 Deo,
1639 725 1706 803 jam
1720 728 1875 802 pertatem

302 813 466 893 participes
480 814 556 892 ejus.
580 816 692 877 Vident
711 818 772 878 tale
786 819 970 880 sacrificium
984 838 1069 881 ariao
1118 818 1226 879 orbem
1240 824 1395 880 temeram
1409 821 1442 879 in
1457 818 1572 880 Christi
1589 816 1715 878 eeclesia
1727 815 1876 875 videamus

303 903 407 965 ollbrri
421 907 483 967 [leo
495 912 559 968 tolo
574 908 648 969 orbe
672 916 835 971 terrarum.
850 934 865 968 n
1118 909 1232 972 offerri.
1246 933 1261 967 n
1286 913 1324 972 Et
1341 911 1392 971 hic
1406 911 1493 972 locus
1515 911 1555 971 ad
1574 908 1749 989 superiores
1773 906 1876 967 adscri-

341 995 420 1056 Item
434 998 468 1058 in
490 1004 622 1060 tractatu
645 1002 688 1062 od
710 1002 864 1063 Paetinam
882 1004 1069 1078 xxxnnbila·
1117 999 1876 1082 bendusest,quihocadslruunt,Melchisedeeum

300 1087 379 1148 riam
392 1090 502 1166 diviso,
515 1094 637 1172 egregie
651 1094 831 1156 catholicam
847 1096 1068 1175 professionem
1118 1094 1220 1173 ipsum
1234 1096 1418 1157 sacrificium
1431 1095 1577 1158 obtulisse
1592 1097 1654 1156 Deo
1663 1092 1755 1174 panis
1768 1097 1798 1151 et
1808 1091 1874 1163 sini,

302 1184 366 1240 tam
381 1179 419 1241 de
433 1200 506 1243 vera
528 1186 664 1264 corporis
681 1205 716 1247 ac
738 1189 898 1266 sanguinis
917 1189 1068 1250 Dominici
1119 1188 1243 1266 quando
1256 1193 1425 1267 utrumque
1443 1188 1607 1269 protulisse
1621 1187 1748 1247 dicitur.

302 1275 475 1352 presentia,
491 1294 585 1355 quam
604 1278 642 1338 de
668 1279 806 1356 ejusdem
826 1280 973 1341 sacrificio
997 1298 1070 1341 eon·
1159 1280 1201 1340 X.
1218 1279 1410 1359 Epiphanius
1422 1280 1498 1340 item
1511 1281 1545 1340 in
1564 1278 1674 1340 haeresi
1697 1273 1874 1339 Melchisede-

301 1364 415 1426 firmat.
439 1368 476 1427 ln
496 1369 598 1448 prima
621 1371 802 1448 concione¹,
823 1375 923 1433 «Erat
952 1380 1068 1441 aulem,
1118 1370 1280 1433 eiooorum.
1317 1372 1568 1448 «Melchisedec,
1601 1371 1716 1449 iuquit,
1756 1369 1875 1429 occurrit

300 1457 412 1536 inquit,
428 1466 463 1520 ut
485 1461 599 1536 nostis,
615 1464 799 1526 sacrificium
816 1466 1067 1527 ludaeoruman-
1118 1467 1193 1523 tunc
1217 1464 1257 1538 ei,
1286 1470 1316 1525 et
1327 1465 1457 1543 protulit
1479 1464 1540 1543 ipsi
1561 1479 1686 1542 panem,
1712 1467 1746 1521 et
1768 1460 1874 1534 sinum,

300 1554 350 1612 tea
374 1552 544 1613 secundum
567 1556 710 1616 ordinem
740 1558 844 1618 Aaron
874 1559 907 1619 in
936 1559 1069 1620 iictimis
1119 1572 1276 1616 sacrorum
1288 1557 1510 1636 mysteriorum
1521 1553 1765 1632 significationes
1779 1552 1875 1613 adum-

300 1660 447 1721 peeorum
464 1664 471 1704 :
488 1651 520 1705 et
533 1647 591 1707 hoc
606 1648 639 1707 in
660 1651 830 1728 mysterio:
847 1651 1069 1712 nondumerat
1117 1646 1236 1721 brans;
1267 1667 1336 1727 quae
1360 1649 1483 1710 Domini
1506 1647 1640 1723 figuram
1660 1645 1874 1725 exprimebant,

300 1734 486 1797 sacrificium
512 1741 660 1817 corporis,
687 1747 718 1801 et
743 1744 902 1822 sanguinIs
929 1744 1066 1821 Domini,
1118 1740 1256 1815 dicentis,
1264 1742 1331 1822 Epo
1339 1761 1403 1802 sum
1409 1741 1585 1823 poaiser'oes
1599 1760 1606 1800 τ
1619 1746 1649 1800 et
1664 1739 1801 1818 figuram
1813 1755 1875 1797 sau·

300 1827 384 1906 quod
397 1828 503 1891 lideles
515 1838 645 1908 norunt,
661 1840 692 1911 et
704 1834 759 1913 qui
771 1835 972 1915 Evangelium
985 1837 1068 1915 lege·
1118 1834 1222 1912 guinis
1231 1834 1432 1914 experlorato
1446 1834 1542 1914 ipsius
1550 1833 1647 1893 latere
1663 1832 1848 1892 manantis&
1861 1853 1873 1886 ε

300 1925 374 1979 runt
390 1940 397 1979 :
413 1923 496 2000 quod
507 1925 690 1987 sacrificium
699 1944 783 1988 nune
793 1927 940 1988 diffusum
950 1934 996 1989 est
1005 1935 1069 1989 toto
1161 1926 1371 2006 Hieronymus
1409 1927 1442 1986 in
1468 1925 1598 2004 epistole
1622 1923 1663 1984 od
1701 1922 1875 1985 Marcellam

300 2013 374 2073 orbe
401 2021 566 2078 terrarum.
593 2020 757 2101 Proponite
782 2038 855 2099 ergo
883 2021 972 2081 vobis
997 2028 1069 2082 ante
1122 2020 1301 2092 «Recurre,
1318 2020 1431 2099 inquit,
1445 2019 1483 2079 ad
1500 2019 1661 2079 Genesim:
1678 2022 1710 2076 et
1732 2015 1877 2077 Melchise

300 2106 405 2168 ocellos
419 2108 481 2169 duo
498 2110 660 2183 sacriticia;
674 2116 706 2172 et
717 2112 795 2172 illud
809 2114 978 2175 secundum
989 2114 1070 2174 ordi·
1119 2111 1174 2171 dec
1188 2129 1294 2191 regem
1313 2112 1415 2173 Salem
1439 2110 1533 2188 hujus
1558 2108 1734 2189 principem
1753 2108 1878 2168 invenies

300 2198 405 2261 dinem
434 2201 549 2278 Aaron,
576 2210 608 2264 et
638 2205 696 2265 hoe
728 2206 898 2267 secundum
926 2206 1068 2267 ordinem
1119 2203 1267 2264 civitatis:
1285 2204 1338 2284 qui
1349 2204 1416 2281 Jam
1426 2209 1501 2263 tuuc
1516 2204 1637 2281 intppo
1649 2201 1766 2262 Christi
1778 2218 1877 2280 panem

300 2292 505 2354 Melchisedec
522 2315 529 2355 :
547 2295 584 2356 de
598 2314 661 2374 qno
686 2296 810 2374 dioitm,
826 2297 869 2359 Ta
883 2316 912 2358 es
929 2297 1068 2360 Sacerdos
1119 2300 1151 2357 et
1163 2296 1274 2358 vinum
1290 2297 1414 2370 obtulit,
1433 2302 1464 2357 et
1477 2296 1663 2374 mysterium
1679 2294 1878 2355 Christianum

299 2384 333 2445 in
346 2389 676 2464 ceteraam,netc.Tum
690 2389 723 2449 in
738 2390 883 2451 concione
897 2389 1066 2466 secunda²;
1117 2390 1152 2449 ia
1179 2390 1344 2451 salvatoris
1372 2389 1533 2468 sanguine,
1558 2395 1590 2450 et
1612 2405 1744 2467 corpore
1768 2387 1876 2447 dedica·

304 2498 317 2537 r
339 2477 406 2557 Ipse
429 2479 467 2539 de
491 2498 630 2560 corpore,
655 2481 766 2560 inquit,
791 2496 822 2544 et
840 2485 991 2563 sanguine
1011 2504 1068 2545 suo
1117 2482 1172 2541 vit.
1188 2503 1203 2539 n

300 2572 432 2633 instituit
444 2573 628 2634 sacrificium
642 2575 813 2635 merendum
833 2577 974 2638 ordinem
991 2578 1069 2639 Mel·
1159 2576 1238 2635 Item
1252 2573 1291 2634 ed
1309 2574 1460 2635 Peolmum
1489 2590 1534 2635 cix
1554 2573 1683 2652 ejusque
1701 2572 1799 2633 verba
1821 2572 1876 2647 hh,

300 2662 473 2726 chisedech.
492 2665 624 2727 Mutavit
636 2684 711 2745 ergo
730 2667 853 2729 vultum
866 2670 1005 2731 suumin
1020 2688 1068 2732 sa-
1122 2663 1164 2723 Tu
1180 2683 1207 2725 es
1218 2663 1372 2739 Sacerdos,
1388 2669 1445 2724 etc·
1464 2662 1514 2724 Sic
1528 2681 1564 2724 ea
1583 2662 1814 2742 paraphrastice
1831 2662 1877 2721 de-

301 2758 479 2819 cerdotio.n
1118 2756 1222 2817 clarat.
1256 2778 1272 2814 o
1307 2755 1467 2830 Quomodo
1501 2756 1586 2816 enim
1609 2754 1810 2815 Melchisedec
1829 2772 1876 2814 rer

340 2850 462 2911 Rursus
482 2851 516 2911 in
539 2852 620 2913 libro
646 2856 754 2915 XVIII
773 2856 810 2915 de
838 2854 968 2917 Ciciloie
995 2855 1062 2930 Ilei,
1119 2849 1221 2910 Salem
1249 2849 1362 2909 obtulit
1384 2865 1508 2928 panem,
1532 2859 1563 2909 et
1586 2845 1712 2907 vinum:
1730 2847 1775 2908 sic
1796 2854 1825 2906 et
1846 2852 1877 2906 lu

301 2941 399 3021 eapite
425 2959 513 3004 xxxv.
533 2966 545 3001 ο
562 2945 627 3006 Ηοο
648 2946 854 3025 sacrificium,
882 2948 993 3027 inquit,
1012 2967 1068 3028 per
1119 2941 1229 3002 offeres
1249 2959 1360 3021 corpus
1382 2948 1485 3015 trium,
1507 2945 1538 3001 ct
1565 2939 1764 3017 sauguinem,
1781 2957 1877 3000 rerum

300 3035 505 3096 sacerdotium
518 3036 630 3097 Christi
651 3040 821 3100 secundum
836 3041 977 3101 ordinem
992 3041 1066 3102 Mel·
1118 3052 1242 3114 panem,
1266 3040 1297 3094 Θῐ
1319 3051 1428 3094 Vffl'llm
1450 3033 1570 3092 Vinum·
1604 3033 1662 3092 1³10
1685 3031 1876 3094 Melcllitfldffl

299 3126 439 3188 chisedec
454 3148 528 3190 cum
540 3131 573 3190 iu
585 3132 670 3191 omni
682 3132 760 3205 loeo,
777 3151 795 3192 a
810 3134 882 3194 selis
894 3139 1069 3213 oriensque
1118 3128 1176 3188 ista
1202 3127 1359 3205 mysteria,
1386 3144 1455 3205 qum
1482 3125 1643 3201 habemus,
1672 3124 1761 3185 dedit
1786 3123 1874 3184 nobis

299 3217 339 3277 ad
349 3214 492 3278 occasum
501 3220 561 3279 [teo
572 3220 639 3297 jam
652 3221 812 3282 videamus
822 3222 942 3297 offerri3
952 3224 1068 3284 sacrifi-
1118 3221 1186 3296 Ipse
1201 3223 1258 3295 est,
1274 3217 1329 3299 qui
1343 3218 1431 3279 dixit.
1446 3217 1508 3293 Qui
1524 3215 1747 3279 manducaverit
1771 3235 1875 3277 cernon

301 3309 384 3370 cium
410 3318 516 3372 autem
536 3313 729 3385 ludaeorum,
752 3315 997 3394 quibusdictum
1010 3323 1065 3378 est.
1118 3329 1224 3387 meum,
1251 3319 1279 3371 et
1307 3309 1415 3371 oleate
1438 3309 1609 3390 sanquinem
1636 3328 1745 3370 aream.
1769 3310 1876 3371 Secun-

301 3400 371 3464 Nou
383 3411 424 3462 ert
437 3403 514 3465 mihi
532 3404 668 3466 volentos
684 3406 716 3466 io
743 3406 839 3475 vobis:
865 3426 915 3468 aee
928 3409 1069 3490 occeptum
1119 3405 1195 3464 dum
1210 3403 1352 3465 ordinem
1371 3403 1572 3465 Melchisedec
1584 3401 1712 3464 tradidit
1733 3402 1823 3464 nobis
1834 3419 1875 3461 sa·

302 3494 339 3555 de
352 3496 485 3556 monibus
508 3497 616 3559 cestris
636 3497 772 3573 reeaaos³,
801 3518 933 3560 cessasse
954 3519 1069 3579 negare
1118 3503 1463 3559 crementum-suum.»

300 3605 365 3647 non
382 3595 521 3668 possunt.
546 3612 562 3648 a
584 3591 645 3652 Sed
664 3591 696 3652 in
722 3591 801 3652 libro
822 3592 908 3652 XVII
931 3593 1070 3671 ejusdem
1159 3590 1396 3669 chrysostomus
1407 3588 1536 3651 homilia
1545 3608 1634 3651 xxxv
1645 3588 1679 3649 ia
1691 3587 1831 3661 emma,
1843 3588 1876 3650 ad

301 3680 413 3758 operis,
429 3681 527 3759 capite
541 3701 675 3758 amnes
690 3683 826 3762 professo
845 3684 957 3745 Christi
973 3704 1070 3747 sacer-
1118 3688 1212 3762 eaput
1239 3682 1552 3761 decimumquartum,
1582 3681 1636 3741 ubi
1668 3700 1813 3743 accensus
1833 3681 1876 3742 ille

303 3771 434 3846 dotium,
452 3774 524 3835 etde
540 3793 576 3835 eo
589 3775 695 3835 locum
714 3775 804 3837 illum
825 3776 936 3837 Psalm.
951 3794 1004 3838 ου(
1019 3779 1071 3840 de·
1118 3776 1327 3837 Melchisedeci
1352 3773 1545 3849 describitur,
1573 3779 1642 3854 post
1669 3775 1821 3835 nonnulla
1843 3774 1875 3835 de

303 3862 433 3940 claram,
457 3866 536 3926 inter
550 3867 611 3928 alia
624 3868 667 3927 sic
692 3868 822 3929 scribit:
843 3870 917 3928 «Ex
937 3871 1069 3949 eoquod
1118 3868 1288 3928 sacerdotio
1310 3866 1403 3942 illius,
1428 3866 1528 3946 deque
1548 3885 1585 3927 ee
1607 3867 1691 3945 quod
1704 3867 1874 3947 pareatibus

299 3955 365 4033 jam
379 3975 534 4037 nusquam
543 3964 589 4020 est
603 3961 821 4037 sacerdotium,
838 3967 869 4023 et
884 3962 1068 4023 sacrificium
1118 3961 1250 4021 caruisse
1263 3960 1384 4032 dicitur,
1397 3964 1601 4020 consentanee
1614 3960 1653 4020 iis
1666 3978 1738 4038 quse
1751 3960 1874 4021 dirimis

302 4049 474 4110 secundum
487 4051 630 4113 ordinem
641 4053 759 4127 Aaron3
773 4058 804 4113 et
810 4052 926 4132 ubique
941 4053 1069 4115 offertur
1119 4053 1229 4113 allata:
1246 4051 1284 4112 de
1298 4070 1378 4133 pane
1392 4070 1427 4112 ac
1440 4052 1514 4112 vino
1535 4051 1574 4111 ab
1587 4051 1697 4112 eodem
1710 4051 1827 4131 prolato
1838 4050 1874 4111 sic

302 4141 360 4201 sub
373 4144 528 4206 sacerdote
552 4145 671 4205 Christo
689 4145 772 4224 quod
798 4145 927 4224 protulit
942 4146 1068 4207 Melchi-
1119 4144 1248 4205 scribit:
1277 4170 1290 4196 ι
1310 4143 1530 4205 Animadverte
1552 4144 1813 4223 quemadmodum
1826 4161 1874 4223 per

302 4235 403 4307 sedeo,
419 4236 543 4313 quando
558 4235 715 4301 benedixit
732 4237 900 4312 Abraham,
917 4238 986 4316 quis
1000 4256 1066 4298 am·
1119 4236 1208 4297 illum
1221 4237 1404 4297 Patriarcbae
1419 4235 1593 4296 exhibitum
1615 4236 1778 4311 honorem,
1798 4254 1873 4315 mys

302 4326 407 4403 hIgere
421 4328 622 4405 permittitur,
637 4329 675 4390 de
690 4348 752 4408 quo
764 4331 821 4389 ista
835 4330 1000 4390 dieantur?
1010 4352 1024 4387 n
1117 4329 1230 4389 leriirm
1243 4329 1368 4408 aliquod
1381 4328 1472 4388 nobis
1485 4327 1647 4406 significet.
1658 4328 1789 4389 Protulit
1799 4327 1874 4389 euim

344 4418 432 4479 Idem
445 4420 479 4479 in
492 4420 571 4480 libro
588 4421 738 4502 octopiuto
758 4423 852 4481 trium
872 4426 1069 4502 quaestionum
1119 4439 1214 4501 panes
1227 4426 1257 4481 et
1271 4421 1389 4480 vinum.
1410 4421 1491 4479 (inm
1510 4419 1644 4499 figuram
1659 4420 1772 4496 videas,
1792 4420 1872 4481 intel·

303 4517 413 4590 quaest.
429 4528 487 4573 οτι.
508 4534 522 4570 ο
537 4514 687 4574 Dominus
700 4520 805 4574 noster
826 4515 917 4575 Jesus
933 4515 1072 4574 Christus
1119 4513 1223 4592 tellige
1240 4514 1412 4589 veritatem,
1440 4519 1471 4573 et
1487 4512 1600 4572 divina
1631 4512 1796 4593 Scripturas
1818 4512 1873 4571 rim

303 4602 368 4682 ipse
383 4614 428 4665 est
451 4606 592 4667 sacerdes
614 4612 720 4667 noster
734 4607 767 4667 in
790 4611 942 4667 aeternum
966 4625 1072 4667 secun
1120 4604 1468 4683 admirare311tilonge
1488 4608 1572 4679 ante,
1601 4609 1631 4665 et
1652 4623 1690 4665 ex
1712 4601 1873 4685 primordiis

303 4696 379 4757 dum
389 4696 531 4758 ordinem
543 4698 751 4776 Melchisedec,
764 4700 817 4779 qui
832 4699 964 4779 seipsum
980 4700 1071 4760 obtu·
1121 4718 1191 4780 qua
1203 4704 1276 4760 sunt
1288 4698 1392 4759 fertura
1409 4696 1650 4780 praemonstret.
1666 4699 1729 4761 »El
1738 4698 1771 4759 ia
1783 4696 1875 4758 homi·

340 4904 359 4943 α
378 4888 474 4945 Erine.
491 4887 617 4957 brerae,
633 4903 715 4943 num.
731 4888 759 4942 6.
784 4886 988 4961 Ὃίίελχισεδὲχ
1004 4886 1071 4959 αὐτῷ
1121 4892 1202 4960 τιμῆς,
1226 4890 1292 4950 ὅπως
1319 4888 1448 4960 μυστήριόν
1470 4906 1493 4939 τι
1515 4885 1575 4958 ἡμῖν
1596 4887 1629 4939 δι’
1650 4884 1722 4954 αὐτῆς
1743 4884 1871 4937 αἰνίττεται.

304 4970 400 5039 ἀπήντα
413 4972 479 5037 τότε,
495 4973 536 5024 καί
551 4970 660 5033 {tidelm
675 4969 742 5042 αὗτῷ
757 4971 845 5042 ἄρτον,
860 4972 903 5023 καί
915 4964 994 5036 οἶνον,
1010 4989 1071 5043 προ·
1127 4972 1258 5045 Ἐξήνεγεε
1272 4971 1319 5044 γὰρ
1333 4971 1430 5044 ἄρτους,
1445 4971 1486 5023 καί
1504 4965 1584 5034 οἶνον,
1600 4969 1665 5036 ὁρῶν
1680 4969 1725 5041 γὰρ
1748 4968 1790 5021 τον
1807 4966 1872 5019 τύπον

244 5082 248 5095 ·
303 5060 386 5108 τυπῶν
408 5054 548 5126 μυστηρίων
572 5053 602 5107 τὰ
625 5054 766 5126 αἰνίγματα,
788 5054 906 5108 ἀντίτυπα
925 5059 968 5108 τοῦ
990 5055 1071 5127 κυρίου
1121 5059 1171 5111 νόει
1184 5076 1225 5128 μοι
1235 5055 1279 5124 τὴν
1289 5054 1412 5122 ἀλήθειαν,
1426 5055 1466 5107 καί
1478 5054 1585 5125 θαύμαζε
1599 5057 1643 5120 τῆς
1658 5053 1721 5114 θείας
1734 5047 1872 5123 γραρῆςτὲν

302 5136 373 5209 ἡμῶν
388 5138 513 5209 λέγοντος.
535 5137 584 5209 ἐγὼ
605 5135 655 5209 sipi
677 5137 691 5190 ὁ
711 5138 811 5209 ἅρτοςί
826 5141 885 5201 ζῶν·
901 5139 942 5191 καὶ
956 5137 1073 5192 ἀντίτυπα
1121 5141 1238 5212 direpte,
1260 5145 1312 5201 πῶς
1335 5138 1426 5192 ἄνωθεν
1435 5178 1444 5203 ,
1466 5138 1506 5190 καί
1529 5135 1555 5191 ἐκ
1568 5137 1704 5209 προοιμίων
1717 5134 1746 5189 τί
1761 5134 1872 5206 μέλλοντι

303 5224 347 5275 τοῦ
358 5220 462 5292 αίρατος
476 5226 520 5274 τοῦ
535 5220 561 5274 ἐκ
573 5225 617 5289 τῆς
631 5222 736 5291 πλευροῖς
746 5220 820 5274 αὐτοῦ
834 5222 972 5295 νυχίέντος.
1068 5255 1070 5258 -
1123 5223 1218 5278 ἔσεσθαι
1232 5224 1378 5294 προερήνυε.

341 5304 525 5361 anatsesr.
546 5304 593 5356 liat
615 5306 660 5376 δρα
679 5302 719 5355 διὰ
740 5307 783 5370 τῆς
810 5303 844 5366 τίς
861 5306 904 5360 τὸν
920 5306 1073 5378 πατριάρχην

331 5473 342 5517 ί
353 5475 447 5532 August.
458 5473 571 5522 tomlllll.
583 5496 611 5510 ι·
623 5473 698 5520 alth.
709 5496 731 5510 -
748 5474 823 5521 Mat.
834 5485 851 5519 ε,
