3932 6142
446 368 497 431 DE
516 366 822 440 lNCttRNATIONE,
845 367 917 429 LIB.
939 366 1026 437 VIII,
1053 365 1138 430 me.
1161 367 1215 429 IX.
1560 368 1620 427 245

59 536 127 598 allud
139 532 304 597 succumbit
318 533 451 613 injuriis.
469 534 506 594 Et
516 534 593 594 sieut
607 533 748 594 Verbum
761 531 800 592 ab
849 531 883 592 in
896 532 1066 613 AEgyptnm
1084 532 1245 594 transferri
1262 551 1348 611 puer,
1371 537 1402 593 et
1425 530 1465 592 ab
1488 531 1620 592 Herodis

60 628 209 710 equalitate
228 631 365 706 paternae
385 626 492 706 gloriae
517 644 582 685 non
603 625 738 700 recessit,
759 624 802 684 ita
849 626 1061 704 persecutione
1073 625 1213 687 subduci.
1228 624 1301 686 Sine
1310 624 1405 685 Verbi
1412 623 1619 703 potentianae

60 740 116 785 caro
129 731 266 782 naturam
288 720 387 780 nostri
400 719 524 798 generis
537 737 602 779 non
622 716 760 795 reliquit.
783 737 798 773 r
850 716 966 777 diceret
979 736 1040 778 vox
1053 719 1154 778 Patris
1169 718 1261 777 missa
1270 716 1308 777 de
1322 715 1478 791 coelo,Hr'e
1489 724 1530 775 ert
1539 715 1621 792 litiae

60 817 90 877 lit
107 812 188 893 poulo
210 820 280 892 post
306 812 500 891 operationes
526 810 595 871 illas
619 809 800 889 explicans3
851 828 932 872 rueres
956 808 1088 888 dilectus,
1112 812 1143 871 r'n
1169 829 1226 891 qno
1246 808 1322 869 milti
1350 808 1417 870 dene
1444 808 1617 889 complacui,

63 906 201 980 «hadre,
213 904 329 983 inquit,
335 904 429 980 sitire,
441 902 618 975 lassescere,
628 907 721 980 atque
732 900 802 960 dor·
851 907 949 985 r‘psom
963 900 1066 964 andita
1082 923 1089 963 :
1113 909 1144 964 et
1155 904 1222 964 sine
1231 902 1359 963 veritate
1370 901 1469 961 earnis
1481 919 1621 980 uonpro-

60 999 130 1071 mite,
158 997 315 1058 evidenter
341 995 516 1055 humanum
541 998 598 1054 est.
623 992 684 1053 Sed
709 997 740 1052 et
764 991 802 1051 de
852 999 1017 1057 testaretur
1028 996 1165 1056 Ioannes
1182 1015 1190 1058 2
1207 994 1284 1055 Ecce
1298 1012 1392 1075 aprus
1406 993 1471 1062 Dei,
1497 1011 1556 1054 eece
1569 994 1623 1074 qui

60 1090 174 1170 quinque
200 1086 333 1168 panibus
360 1086 499 1166 quinque
521 1084 686 1145 hominum
704 1080 803 1143 millia
854 1086 934 1147 toltit
945 1098 1095 1167 peecatum
1124 1085 1237 1147 mnndi.
1267 1086 1341 1147 Sine
1366 1086 1462 1145 Verbi
1482 1086 1620 1165 potentia

60 1181 154 1255 niam,
166 1186 197 1240 et
209 1178 317 1258 largiri
336 1179 538 1239 Samaritanae
552 1194 666 1256 aquam
686 1174 803 1250 vivam,
853 1197 918 1240 non
934 1179 1021 1239 fieret
1034 1179 1252 1257 redintegratio
1267 1177 1428 1249 debilium,
1440 1183 1470 1237 et
1483 1176 1619 1239 vivifica-

60 1272 267 1351 eujushaustus
294 1270 411 1331 bibenti
426 1274 559 1349 praestat,
575 1286 615 1328 ne
636 1268 716 1328 ultra
737 1267 804 1346 jam
853 1272 898 1331 tto
926 1277 1133 1345 mortumum,
1158 1277 1189 1330 et
1215 1270 1281 1331 sine
1294 1272 1424 1330 veritate
1441 1270 1542 1331 carnis
1564 1289 1622 1331 uec

62 1364 140 1438 siliat3
163 1369 194 1424 et
218 1381 314 1442 snpra
333 1362 461 1422 dorsum
484 1360 579 1421 maris
606 1359 721 1439 plantts
739 1375 805 1418 11011
854 1364 941 1424 cibus
960 1363 1085 1442 jejuno,
1107 1382 1164 1423 nec
1183 1380 1310 1424 somnus
1337 1368 1416 1422 esset
1433 1365 1621 1423 necessarius

61 1454 271 1516 subsistentibus
297 1454 469 1528 ambulare,
494 1458 524 1513 ct
551 1452 700 1513 elationes
725 1450 803 1510 flue·
853 1455 990 1534 tatigato.
1007 1456 1167 1516 Postremo
1181 1455 1246 1515 sine
1260 1454 1356 1514 Verbi
1365 1456 1503 1532 potentia
1516 1475 1622 1517 nense

61 1553 142 1619 mum,
153 1547 311 1626 increpate
322 1548 502 1625 tempestate
516 1550 722 1617 consternere,
740 1542 806 1602 sine
854 1548 1006 1609 Dominus
1020 1548 1106 1607 Patri
1117 1547 1314 1626 profiteretur
1324 1546 1474 1626 aequalem
1487 1566 1495 1621 ;
1511 1553 1542 1606 et
1555 1548 1622 1609 sine

60 1638 238 1718 ambignitate
251 1639 393 1699 divinum
408 1643 463 1699 est.
477 1636 563 1698 Sicut
570 1655 655 1716 ergo,
662 1641 696 1696 ut
707 1635 808 1695 multa
854 1641 982 1703 veritate
996 1639 1095 1700 carnis
1105 1658 1169 1699 non
1183 1640 1266 1699 idem
1280 1639 1395 1699 diceret
1407 1657 1440 1699 se
1450 1657 1514 1699 csse
1527 1641 1624 1718 majo-

61 1737 230 1811 preteream,
256 1750 323 1792 non
348 1731 485 1809 ejusdem
510 1735 631 1790 naturae
661 1732 707 1788 est
731 1728 807 1788 llere
855 1749 923 1793 rem
937 1752 945 1792 z
961 1749 1033 1792 cum
1047 1730 1620 1811 catholioaiidesutrumquesuscipiat,

61 1824 246 1884 miserationis
274 1823 389 1884 affectu
412 1823 547 1883 amicum
574 1825 745 1893 mortuum,
776 1825 808 1880 et
855 1829 1024 1903 utrumque
1049 1823 1203 1896 defendat,
1217 1842 1287 1901 quae
1310 1823 1481 1885 secundum
1501 1824 1622 1884 confes-

62 1915 184 1978 eumdem
208 1922 331 1977 remoto
355 1914 560 1995 quatriduano
575 1929 687 1989 aggere
705 1911 807 1991 sepul·
857 1917 977 1977 sionem
999 1917 1034 1976 B.
1059 1915 1196 1995 Apostoli
1223 1915 1317 1988 Patri,
1343 1934 1444 1976 unum
1468 1917 1622 1978 Christum

63 2014 135 2085 tura,
148 2016 177 2069 et
189 2010 230 2070 ad
248 2008 334 2068 vocis
356 2007 523 2087 imperium
546 2005 679 2067 excitare
698 2004 809 2066 redivi-
858 2009 913 2069 Dei
925 2008 988 2070 vivi
1009 2007 1121 2081 tilium,
1138 2012 1169 2068 et
1190 2006 1352 2069 hominem
1369 2008 1475 2083 crodit,
1496 2016 1528 2071 et
1545 2012 1621 2072 Ver·

61 2118 133 2177 rum,
144 2107 197 2161 aut
208 2100 242 2161 in
253 2100 342 2179 ligno
355 2099 502 2179 pendere,
516 2102 547 2159 et
561 2098 595 2158 in
607 2102 731 2158 noctem
740 2096 809 2156 luce
856 2099 945 2161 bum.
970 2122 982 2157 ι

61 2192 318 2271 contemmis
345 2191 497 2252 elementa
522 2188 738 2266 tremefacere,
754 2192 810 2248 aut
898 2192 963 2253 Vll.
985 2190 1124 2252 Gelasius
1138 2191 1222 2269 Papa
1233 2189 1268 2250 in
1279 2190 1359 2252 libro
1369 2189 1505 2254 adversus
1519 2193 1623 2257 Nesto·
1669 2237 1768 2284 munstur

63 2284 140 2346 chris
150 2285 336 2346 transfixum
352 2289 466 2359 esse,et
479 2282 724 2362 Paradisiportas
733 2279 807 2341 fidei
859 2284 952 2361 nom,
967 2289 994 2344 et
1003 2280 1183 2363 Eutychen,
1198 2282 1241 2342 ita
1255 2284 1485 2346 communicare
1498 2287 1580 2349 inter
1593 2308 1625 2351 se
1691 2303 1757 2349 aare·

62 2376 182 2437 lebonis
194 2376 327 2457 aperire,
339 2396 354 2432 n
369 2381 427 2435 ete.
859 2375 1063 2458 proprietates
1076 2392 1147 2435 suas
1160 2374 1268 2434 asserit
1284 2380 1410 2435 naturas
1428 2378 1516 2452 duas,
1531 2386 1567 2441 ut
1579 2389 1625 2442 ta-

93 2470 170 2530 ldam
182 2470 215 2529 in
228 2484 373 2530 sermone
385 2486 425 2527 xv
435 2464 626 2537 dePossione,
638 2464 811 2530 chamvis
860 2486 934 2529 men
959 2467 999 2527 ab
1022 2484 1209 2547 unaquaque
1229 2474 1367 2543 manent,
1384 2469 1433 2529 cni
1454 2476 1484 2531 et
1503 2475 1629 2552 proprie

63 2562 167 2639 ergoab
182 2561 234 2621 illo
247 2560 351 2633 initio,
367 2559 481 2638 quaein
494 2565 583 2619 utero
592 2556 729 2635 Virginis
738 2557 812 2617 Ver·
860 2559 1057 2634 tribuantur;
1087 2558 1350 2637 quemadmodum
1374 2560 1407 2620 in
1434 2580 1574 2642 corpore,
1600 2573 1631 2629 et

62 2652 125 2713 bum
147 2671 217 2714 caro
241 2652 360 2713 laetum
383 2655 445 2727 est,
460 2649 538 2711 nihil
563 2665 703 2727 unquam
731 2650 813 2709 inter
862 2652 966 2711 anima
986 2650 1149 2728 contingit.
1168 2649 1229 2709 «Si
1249 2651 1332 2711 enim
1354 2656 1629 2737 quamvis-corpo·

62 2744 195 2818 divinam,
212 2745 446 2822 humanamque
470 2740 674 2802 substantiam
688 2740 812 2801 divisio·
861 2743 924 2804 reis
937 2743 1070 2803 obnoxia
1092 2742 1296 2822 passionibus,
1313 2744 1447 2822 inquit¹,
1469 2748 1574 2810 anima
1592 2751 1631 2810 sit

62 2836 100 2897 nis
111 2838 266 2912 exstiterit,
283 2841 315 2896 et
337 2852 391 2913 per
413 2834 520 2894 omnia
539 2833 730 2893 incrementa
744 2851 813 2892 cor·
862 2836 1012 2909 humana,
1029 2840 1059 2894 et
1079 2852 1189 2895 eorum
1206 2834 1256 2895 vel
1270 2835 1441 2896 mulceatur
1459 2838 1628 2915 blanditiis,

62 2947 141 3008 porea
153 2929 248 2991 unius
261 2944 403 3008 persone
423 2925 540 2985 fuerint
556 2925 651 2984 totius
664 2923 815 3003 temporis
863 2927 914 2988 rel
927 2926 1078 2987 alliciatur
1090 2926 1237 2998 adversis,
1253 2933 1283 2986 et
1294 2929 1507 3007 compatiendo
1520 2935 1633 2995 sentiat

61 3022 179 3081 arbones
197 3040 204 3080 :
220 3039 257 3081 ea
271 3020 338 3099 ipsa
351 3024 469 3091 mmcn,
485 3034 554 3094 quae
567 3015 817 3096 inseparabiliter
864 3019 932 3099 ipsa
945 3017 1095 3098 quidquid
1109 3017 1281 3078 conditioni
1295 3019 1395 3079 carnis
1408 3020 1551 3097 infertur,
1567 3045 1633 3087 non

61 3111 126 3173 iada
135 3120 226 3188 sunt,
241 3110 329 3172 nulla
346 3108 553 3190 permixtione
570 3105 815 3168 confundimus:
864 3116 972 3172 tamen
992 3109 1163 3170 secundum
1189 3110 1332 3189 seipsam,
1354 3131 1424 3191 quae
1452 3121 1497 3176 est
1518 3119 1633 3182 animae

61 3204 105 3265 sed
116 3205 187 3285 quid
204 3203 292 3283 eujus
311 3206 432 3262 naturae
454 3200 505 3277 sit,
521 3217 559 3260 ex
577 3216 708 3278 operum
722 3198 819 3279 quali·
867 3201 1129 3274 substendando
1159 3201 1286 3264 vulnere
1307 3205 1475 3284 sauciatur,
1493 3210 1543 3270 vel
1563 3212 1634 3290 qui·

62 3303 112 3359 nte
124 3297 281 3359 sentimus.
297 3295 359 3355 Nee
371 3293 475 3354 divina
489 3293 574 3353 enim
583 3291 729 3352 humanis
743 3308 820 3370 proe·
866 3293 1000 3355 buslibet
1013 3293 1123 3373 plagis,
1138 3294 1410 3374 vexationibusque
1433 3301 1634 3381 contingitur.

58 3390 197 3467 judicant,
217 3406 276 3451 nee
300 3387 439 3448 humana
463 3384 588 3460 divinis,
618 3401 690 3444 cum
716 3383 759 3444 ite
786 3383 819 3443 in
868 3386 957 3449 Unde
971 3384 1088 3446 dictum
1102 3390 1147 3444 est
1164 3386 1285 3446 :Nolite
1299 3386 1403 3448 timere
1411 3407 1470 3465 eos,
1485 3393 1541 3471 qui
1557 3395 1636 3454 oeee'-

61 3481 182 3562 idipsum
206 3488 341 3559 utraque
369 3482 565 3554 concurrant,
580 3481 616 3537 ut
642 3476 676 3535 in
699 3476 743 3536 eis
762 3494 821 3537 uec
868 3476 1069 3557 dnoteorpos,
1085 3476 1214 3536 animem
1236 3484 1334 3538 cotem
1348 3498 1407 3539 aon
1426 3492 1545 3560 poseant
1558 3486 1637 3545 ocei-

61 3576 220 3654 propriatas
250 3575 436 3635 mumdum,
464 3587 523 3630 neo
555 3586 689 3649 persona
723 3568 820 3642 gemi·
870 3568 948 3630 dere.
965 3566 1124 3642 Quomodo
1138 3573 1241 3647 posset
1255 3568 1333 3640 fieri,
1348 3576 1383 3630 ut
1396 3572 1494 3634 deitas
1508 3576 1546 3638 iis
1559 3578 1636 3638 sub·

62 3672 154 3728 uetur.
174 3689 191 3724 r
867 3663 984 3743 jaceret
1010 3660 1114 3737 rebus,
1127 3659 1240 3739 quibus
1263 3663 1368 3724 anima
1396 3684 1460 3726 non
1480 3668 1638 3749 subjacere

95 3759 146 3819 v1.
161 3760 285 3820 Rursus
298 3755 382 3816 idem
392 3756 456 3814 Leo
471 3749 692 3831 inepistolaod
701 3752 822 3813 Leonem
872 3749 1095 3833 cognoscitur?
1121 3769 1194 3812 cnm
1220 3757 1342 3829 tamen,
1371 3761 1407 3817 ut
1433 3758 1550 3821 dictum
1580 3771 1635 3832 est,

62 3846 252 3930 Armatam,
278 3846 443 3908 ambarum
468 3849 651 3904 naturarum
679 3842 823 3922 proprias
872 3845 1017 3907 divinitas
1037 3861 1102 3903 non
1116 3844 1326 3923 passibilitate,
1355 3866 1420 3909 uon
1439 3854 1638 3931 cruciatione,

62 3944 247 4020 operationes
258 3937 456 4000 disertissime
468 3940 598 4016 separat.
615 3935 820 4013 «Lieetergo,
872 3956 937 3998 non
961 3934 1139 4012 afflictione,
1161 3954 1226 3996 non
1254 3939 1467 4006 vulneratione
1490 3946 1640 4024 passibilis

62 4032 163 4113 inquit,
186 4034 221 4094 in
246 4049 312 4091 uno
338 4030 473 4090 Domino
497 4028 572 4089 Jesu
600 4026 734 4099 Christo,
749 4045 823 4088 vero
873 4030 912 4090 sit
929 4048 936 4089 :
952 4029 1054 4090 sedea
1067 4026 1641 4113 dignatione,quasuscepithominem

62 4124 119 4193 oei,
136 4133 231 4205 atque
243 4121 382 4184 hominis
393 4121 467 4193 lilio,
483 4118 590 4195 Verbi,
605 4124 635 4179 et
649 4118 751 4179 earnis
760 4137 826 4179 una
873 4120 992 4200 sibique
1005 4119 1117 4194 univit,
1132 4138 1224 4180 suum
1237 4120 1326 4198 lacit,
1342 4125 1493 4203 quiidquid
1505 4129 1641 4191 hominis

63 4234 184 4296 persona
198 4217 250 4289 sit,
267 4233 338 4295 quae
352 4211 608 4292 inseparabiliter,
628 4215 722 4290 atque
744 4210 825 4270 indi·
874 4218 929 4284 est,
945 4211 1019 4291 quia
1032 4211 1153 4271 homini
1167 4211 1275 4273 tribuit
1289 4215 1440 4294 quidquid
1458 4226 1504 4279 est
1517 4221 1583 4296 Dei,
1597 4222 1641 4284 ita

63 4310 119 4369 vise
131 4324 317 4370 communes
329 4304 442 4365 habeat
454 4303 590 4363 actiones
600 4322 607 4362 :
616 4301 826 4381 intelligendae
874 4310 992 4377 tamen,
1007 4309 1043 4362 nt
1056 4303 1095 4363 ab
1110 4304 1197 4363 omni
1210 4306 1411 4384 passibilitate
1421 4328 1552 4388 ,prorsus
1565 4314 1643 4375 inte-

65 4404 159 4462 tamen
191 4405 269 4461 suut
289 4399 430 4478 ipsorum
451 4412 582 4475 operum
603 4394 781 4473 qualitates,
796 4398 826 4454 et
876 4400 1224 4475 meratapermaneat.o

64 4493 183 4555 ducere
196 4490 273 4553 fidei
287 4487 546 4567 contemplatione
565 4485 755 4559 cernendum
769 4490 825 4561 est,
916 4490 1017 4566 Atque
1042 4486 1124 4546 hanc
1153 4507 1168 4545 a
1194 4488 1335 4567 regulam
1373 4500 1464 4556 vocat
1485 4498 1642 4560 catholicae

65 4583 171 4665 adquae
177 4578 537 4665 provehaturhumilitas
551 4576 827 4657 caruis,etadquae
876 4577 959 4652 fidei,
975 4576 1217 4658 orthodoxaeque
1227 4579 1387 4659 doctrinm,
1398 4590 1644 4664 quamaounotis

64 4675 223 4738 inclinetur
237 4672 371 4734 altitudo
389 4670 567 4732 diviuitatis.
585 4669 665 4743 Quid
679 4668 728 4743 sit,
744 4667 829 4747 quod
876 4667 1030 4742 Patribus,
1058 4669 1276 4751 catholicaeque
1311 4676 1464 4754 magistris
1491 4683 1641 4763 Ecclesiae,

64 4786 127 4828 earo
140 4768 210 4828 sine
230 4766 336 4827 Verbo
359 4782 424 4824 non
437 4763 519 4839 agit3
533 4767 564 4823 et
581 4761 655 4841 quid
679 4761 730 4838 sit,
744 4760 828 4840 quod
876 4761 954 4822 sicut
968 4778 1078 4821 eorum
1103 4761 1185 4822 dicta
1208 4769 1372 4842 testantur,
1389 4788 1459 4849 quae
1484 4792 1644 4841 recensere

65 4860 196 4920 Verbum
217 4859 287 4919 sine
311 4874 402 4916 earne
429 4872 493 4915 non
508 4853 610 4914 efficit.
637 4852 711 4914 Sine
732 4851 829 4913 Verbi
877 4853 1062 4934 perlongum
1076 4860 1132 4922 est,
1147 4860 1178 4915 et
1197 4873 1235 4916 ex
1253 4856 1365 4920 divinis
1378 4867 1537 4928 manantia
1550 4870 1645 4934 lonb-

64 4950 142 5011 enim
154 4949 311 5031 potentia,
326 4965 384 5007 nee
397 4944 572 5025 conciperet
585 4944 692 5023 Virgo,
709 4961 766 5003 nec
779 4960 831 5022 pa·
877 4944 937 5005 bus
948 4945 984 5004 ad
1001 4962 1058 5005 rros
1067 4963 1166 5023 nsque
1180 4949 1359 5010 transmissa
1368 4957 1567 5036 suscepimus.
1585 4984 1602 5021 e

64 5049 140 5103 reret
156 5063 164 5102 ε
178 5048 212 5103 et
226 5040 295 5101 sine
307 5038 438 5099 veritate
456 5036 557 5097 carnis
573 5034 720 5098 obvoluta
733 5033 832 5094 inian·
918 5037 1001 5097 VIII.
1026 5036 1076 5096 Sic
1102 5037 1285 5115 Fulgentius
1311 5042 1345 5102 in
1369 5045 1457 5109 libris
1479 5050 1520 5112 ad
1545 5053 1645 5117 Troat'·
1677 5074 1816 5134 rotondus.

65 5135 105 5194 tia
137 5152 205 5195 non
230 5132 356 5210 jaceret.
391 5129 465 5190 Sine
490 5127 585 5188 Verbi
610 5126 747 5207 potentia
767 5143 832 5186 non
879 5126 1020 5188 mondum
1034 5128 1136 5207 pie,et
1150 5131 1268 5192 erudite
1282 5134 1436 5213 discernit,
1453 5144 1527 5220 qnid
1542 5154 1648 5225 qnate-

66 5228 229 5288 adorarent
245 5223 329 5303 Magi
353 5239 498 5302 puerum,
515 5220 601 5281 stella
616 5218 718 5279 indice
731 5218 832 5279 decla·
881 5239 940 5281 nus
953 5227 1097 5299 operatus
1108 5228 1162 5284 aut
1173 5243 1279 5304 passus
1290 5228 1329 5288 sit
1339 5231 1477 5294 Christus
1485 5236 1645 5317 Dominus,

66 5325 163 5379 ratum
180 5338 188 5379 :
204 5322 239 5378 et
253 5316 319 5377 sine
332 5314 461 5375 veritate
471 5312 573 5375 carnis
586 5330 651 5373 nou
671 5310 834 5391 juberetur
883 5313 1126 5391 ostentationes,
1142 5323 1172 5377 et
1185 5321 1372 5399 vexationes,
1392 5324 1649 5410 infirmitatesque

91 5523 102 5563 1
114 5519 174 5564 un
184 5529 224 5576 cp.
237 5527 336 5562 unna
348 5525 369 5560 e.
381 5524 412 5562 ιι.
421 5536 450 5554 -ι
459 5512 551 5560 idaiae.
565 5512 627 5559 tom.
638 5511 666 5557 tv
675 5511 722 5562 Bit.
733 5512 777 5559 ΡΡ.
