3936 6152
319 291 381 353 414
823 283 1149 348 THEOLOCICORUM
1169 282 1388 347 oseulatur

318 453 527 533 ignorantiam
545 451 664 528 hahuit,
679 456 846 531 antequam
859 450 1082 532 plenissimam.
1135 450 1212 511 Filio
1223 466 1262 511 ex
1275 448 1342 528 ejus
1354 447 1586 528 percontatione
1603 446 1729 509 tudoeos
1747 445 1880 523 colligere
1953 444 1954 447 ’

319 553 361 623 et,
377 554 412 607 ut
425 547 508 607 idem
531 544 697 619 existimat,
719 544 876 605 infinitam
892 561 998 605 rerum
1018 560 1085 603 om·
1136 543 1196 604 nisi
1210 542 1349 604 eamdem
1364 547 1396 602 et
1408 541 1441 601 in
1456 542 1544 601 Patre
1556 540 1649 601 luisse
1661 538 1836 601 concedant.

318 640 419 715 nium,
441 638 579 716 adeoque
613 636 782 698 divinitatis
809 636 916 716 ipsius,
944 635 1086 696 notitiam
1175 636 1291 697 Verum
1319 635 1357 695 de
1380 634 1510 709 Christo,
1531 651 1594 712 qua
1616 634 1697 693 Deus
1723 636 1779 706 est,
1802 636 1883 710 potest

318 731 413 792 homo
427 730 479 791 ille
492 730 668 790 llomiuicus
682 728 843 790 obtineret.
1135 727 1256 789 locutus
1273 726 1372 789 videri
1395 726 1642 805 Chrysostomus.
1660 726 1704 784 lle
1725 723 1839 797 eodem,
1857 730 1883 783 ut

358 823 436 883 Sunt
458 823 513 904 qui
547 828 705 883 auctorem
726 822 827 902 operis
857 820 1029 898 imperfecti
1054 820 1086 881 iu
1135 819 1230 881 homo
1249 825 1306 897 est,
1329 819 1471 881 universe
1492 817 1624 896 Cyrillus
1649 817 1693 877 ita
1708 816 1881 890 testificatur,
1914 841 1929 893 q

318 913 493 977 Motthoeum
515 915 599 976 inter
615 932 667 976 eos
685 919 852 975 numerent
862 912 885 986 ¹,
898 914 952 991 qui
965 912 1086 973 homini
1135 917 1170 972 ut
1183 932 1241 974 neo
1255 930 1328 973 eum
1341 911 1466 973 latuisse
1479 910 1660 990 quidquam,
1673 909 1883 970 neoullamac·
1926 961 1934 990 ,

317 1008 437 1069 Christo
447 1008 749 1068 inscitiamtribuunt
763 1007 825 1067 diei
833 1006 958 1067 ludicii.
968 1006 1085 1067 Verum
1134 1004 1304 1066 cessionem
1317 1004 1453 1066 scientias
1463 1021 1571 1083 sapere
1582 1002 1718 1082 potuisse
1727 1001 1882 1077 confirmet,
1905 816 1954 1085 Mi

316 1099 367 1161 ille
381 1119 446 1162 non
460 1101 605 1177 hominis,
621 1101 674 1162 sed
685 1100 740 1161 Dei
753 1099 817 1160 filio
837 1099 922 1159 illam
938 1098 1084 1178 imputat,
1134 1097 1168 1157 in
1181 1098 1273 1159 tertio
1293 1098 1373 1159 libro
1389 1097 1527 1159 ediusus
1539 1095 1707 1158 Nestorium
1725 1095 1883 1156 incremen-

317 1192 437 1254 Arianis
451 1211 483 1255 se
496 1193 649 1254 fautorem
663 1192 815 1272 dogmatis
825 1192 1000 1252 ostendens.
1012 1190 1085 1252 ldeo
1135 1194 1204 1251 tum
1243 1191 1277 1251 in
1312 1191 1365 1252 illo
1404 1190 1563 1270 sapientia
1605 1188 1699 1249 fuisse
1734 1187 1880 1249 dicentem.
1953 1222 1954 1237 ,

316 1285 400 1365 apud
413 1286 595 1347 Matthaeum
611 1285 722 1346 dixisse
741 1284 897 1345 Christum
916 1287 1013 1355 notat,
1029 1289 1085 1344 οὐδὲ
1138 1283 1341 1358 «Credimus,
1358 1283 1470 1363 inquit,
1486 1301 1525 1344 ex
1539 1281 1605 1362 ipso
1618 1286 1737 1353 ventre,
1753 1285 1885 1359 uteroque

316 1384 405 1452 satu,
417 1396 507 1457 aequo
527 1376 630 1457 filius,
644 1377 795 1452 absolute,
810 1393 868 1436 nec
889 1374 993 1435 addita
1012 1391 1085 1435 voce
1135 1375 1270 1453 Virginis
1284 1376 1519 1437 Emmanuelem
1529 1375 1643 1455 ipsum,
1659 1374 1714 1452 qui
1730 1374 1883 1449 hauserat,

316 1467 454 1547 dominis,
469 1488 509 1530 ne
524 1470 605 1531 hauc
620 1469 828 1549 ignorantiam
848 1468 889 1529 ad
906 1467 1084 1528 humanita-
1134 1467 1294 1529 hominem
1313 1469 1472 1547 prodiisse,
1489 1468 1617 1546 plenum
1638 1465 1767 1527 omnino
1784 1466 1885 1545 sapien·

316 1565 380 1622 tem
393 1561 534 1624 referres.
1134 1561 1188 1633 tia,
1212 1566 1243 1622 et
1263 1562 1374 1639 gratia,
1402 1579 1473 1640 qua
1503 1559 1549 1621 illi
1577 1559 1759 1620 naturaliter
1790 1559 1883 1618 inerat

145 1660 248 1707 ciuntur
269 1668 293 1708 et
356 1655 411 1714 lX.
434 1654 525 1714 Nunc
540 1653 752 1731 superioribus
773 1653 842 1726 illis,
860 1653 915 1731 qui
932 1651 1086 1712 inscitiam
1135 1653 1298 1726 Quodnam
1311 1654 1407 1732 igitur
1419 1653 1646 1714 incrementum
1658 1656 1782 1731 caperet
1792 1650 1884 1725 ille,in

146 1717 278 1824 “iiiiii
316 1744 426 1806 Christi
443 1745 632 1806 humanitati
652 1763 717 1806 non
739 1745 943 1824 denegarunt,
959 1742 1086 1821 subjun-
1135 1764 1197 1824 quo
1212 1753 1285 1806 sunt
1304 1764 1413 1807 omnes
1435 1745 1570 1808 thesauri
1583 1744 1753 1825 sapientie,
1769 1744 1823 1823 qui
1837 1760 1883 1803 ue·

181 1833 263 1868 ⁰³¹⁰⁰¹⁰
315 1855 425 1916 gamus
446 1838 533 1912 ahos,
552 1837 606 1916 qui
627 1845 809 1918 perpetuam
831 1836 867 1897 in
885 1835 995 1897 eodem
1017 1853 1084 1895 om·
1134 1837 1218 1899 lestis
1247 1839 1355 1918 gratiae
1381 1857 1446 1900 una
1471 1856 1543 1900 cum
1571 1839 1634 1900 Deo
1658 1838 1749 1897 Patre
1774 1834 1884 1915 largitor

145 1886 264 1974 lviiii&
278 1942 290 1975 ¹¹
316 1930 404 1991 nium
417 1930 639 2008 cognitionem,
666 1935 697 1991 et
713 1930 811 2011 ipsius
831 1930 925 1990 etiam
939 1927 1085 2006 postremi
1136 1931 1226 1992 osta?
1238 1954 1252 1990 u
1926 1936 1954 2125 Ηρ

1934 962 1949 991 R

1953 1162 1954 1219 i

1953 1694 1954 1721 i

1953 1808 1954 1839 l

161 1982 269 2087 iiiiii
310 2021 422 2109 iudicii
435 2023 528 2084 fuisse
539 2023 724 2083 docuerunt.
1175 2024 1217 2083 X.
1241 2024 1390 2103 Eulogius
1398 2042 1473 2086 vero
1487 2022 1714 2085 Alexandrinus
1725 2018 1886 2081 Patriarrha
1914 2040 1925 2083 r

353 2116 475 2177 Horum
494 2134 576 2176 unus
598 2115 692 2177 fuisse
705 2115 865 2196 putandus
879 2119 925 2175 est
938 2112 1085 2192 Origenes
1134 2114 1168 2175 in
1188 2114 1269 2176 libro
1292 2115 1430 2178 adsersus
1450 2117 1613 2196 Apsoetos,
1640 2116 1780 2195 eopiosa,
1799 2111 1885 2174 erudi·

313 2206 347 2268 in
363 2210 586 2270 commentario
601 2208 640 2269 ad
654 2214 747 2285 caput
760 2225 816 2269 xrrr
836 2205 987 2282 Mottioei,
1000 2209 1031 2266 et
1046 2204 1086 2265 ad
1134 2214 1226 2287 teque
1238 2211 1443 2288 questionem
1459 2210 1540 2271 hane
1557 2204 1886 2288 pertractans,ostendit
1953 2232 1954 2283 3

313 2301 367 2364 illa
386 2302 481 2362 verba
499 2300 613 2361 Christi
637 2320 644 2360 :
667 2299 860 2361 Intellexistis
881 2298 943 2359 kar
960 2296 1086 2359 omnio?
1134 2318 1174 2361 ne
1197 2302 1367 2363 seeundum
1389 2305 1561 2363 humanam
1574 2300 1714 2381 quidem,
1728 2299 1841 2361 nedum
1852 2296 1887 2358 di·

313 2393 438 2473 adquae
454 2391 706 2453 istudadnotat‘:
723 2393 808 2466 «Qui
823 2392 909 2452 novit
924 2409 995 2470 quae
1013 2394 1086 2450 sunt
1134 2393 1241 2454 vinam
1263 2400 1419 2470 naturam,
1446 2395 1564 2474 aliquid
1588 2394 1708 2456 nescire
1729 2392 1885 2463 Christum
1953 2402 1954 2471 l

313 2486 347 2546 in
361 2485 505 2546 cordibus
526 2485 690 2546 hominum
713 2485 851 2545 Christus
872 2485 975 2559 lesus,
996 2483 1085 2544 sicuti
1134 2504 1236 2565 neque
1257 2488 1362 2549 Lazari
1383 2487 1571 2567 sepulcrum,
1588 2506 1690 2566 neque
1713 2496 1887 2565 postremum

314 2577 431 2638 dehoc
461 2576 567 2638 docuit
596 2577 630 2636 in
654 2576 822 2655 Evangelio
846 2575 996 2651 ioannis,
1020 2594 1084 2636 non
1129 2578 1239 2657 judicii
1253 2580 1347 2641 diem.
1367 2602 1382 2639 a
1398 2581 1467 2641 Non
1482 2580 1566 2641 enim
1581 2579 1772 2655 humanitas,
1789 2577 1886 2658 inquit,
1953 2586 1954 2671 l

313 2669 441 2749 ignarus
465 2670 648 2748 interrogat.
671 2669 731 2730 Sed
753 2669 901 2748 quoniam
923 2667 1085 2729 semelae
1133 2671 1168 2731 in
1181 2691 1276 2733 unam
1295 2673 1488 2752 hypostasim
1509 2691 1580 2735 cum
1601 2670 1767 2748 inaccessa,
1782 2676 1813 2732 et
1829 2669 1887 2730 sue

313 2769 486 2843 sumpserat
505 2763 685 2837 hominem,
713 2762 812 2823 utitur
834 2760 992 2835 omnibus,
1012 2778 1083 2839 quae
1133 2766 1268 2827 stantiva
1287 2765 1436 2844 sapientia
1460 2768 1663 2838 couveniens,
1684 2765 1826 2843 ignorare
1843 2761 1888 2822 ali·
1953 2804 1954 2817 ,

313 2862 387 2917 sunt
399 2855 538 2917 hominis
554 2876 561 2913 ε
577 2872 712 2934 quorum
723 2854 907 2916 unumillud
920 2859 976 2926 est,
993 2853 1082 2915 inter·
1134 2856 1208 2934 quid
1229 2862 1340 2936 potest,
1361 2876 1462 2937 neque
1478 2858 1690 2937 praesentium,
1706 2875 1809 2935 neque
1822 2855 1889 2914 futu

311 2967 433 3028 rogare.
454 2950 516 3009 Nec
536 2947 715 3009 mirandum
736 2947 762 3007 si
781 2948 814 3007 id
834 2946 905 3008 fait
926 2947 1080 3021 servator,
1133 2965 1252 3008 rorum.
1284 2949 1347 3010 Sed
1375 2968 1434 3012 nes
1457 2950 1569 3012 falsum
1596 2954 1698 3030 potest
1723 2948 1802 3009 illud
1825 2964 1888 3020 aas,
1953 2964 1954 3023 l

312 3059 411 3121 quum
436 3041 501 3119 ipse
529 3040 623 3100 etiam
649 3039 792 3100 omnium
819 3041 918 3109 Deus,
944 3038 1082 3098 moribus
1132 3041 1216 3119 quod
1238 3040 1278 3101 ab
1299 3059 1336 3103 eo
1359 3041 1567 3105 dictumest:
1585 3041 1696 3114 omnic,
1718 3056 1889 3122 quecumque

311 3132 478 3194 hominum
502 3150 568 3193 sese
587 3131 836 3205 accommodans,
850 3130 979 3209 perinde
1001 3149 1037 3190 ac
1057 3129 1083 3189 si
1132 3131 1218 3193 habet
1237 3133 1332 3195 Potor
1358 3154 1423 3195 meo
1444 3141 1513 3195 suut
1527 3134 1550 3195 ⁶.
1572 3156 1588 3194 r
1614 3134 1731 3195 Deinde
1754 3133 1890 3194 rationem

312 3224 383 3304 quis
398 3225 494 3286 homo
514 3242 634 3285 morem
649 3228 737 3303 gerat
757 3223 904 3298 filiosuo,
925 3227 1084 3303 perconte-
1132 3226 1273 3305 explicat,
1291 3245 1346 3287 our
1360 3226 1500 3289 Christus
1521 3229 1560 3288 de
1577 3226 1626 3302 iis,
1642 3244 1713 3305 quae
1732 3244 1798 3286 non
1814 3225 1889 3303 igno·

311 3325 363 3378 tur
381 3337 388 3378 :
404 3317 490 3378 velut
511 3318 546 3377 in
571 3317 643 3390 hoc,
660 3314 911 3377 Adcmudies³.·
924 3321 955 3376 et
973 3315 1026 3375 udi
1039 3324 1082 3375 est
1132 3317 1231 3394 rabat,
1257 3318 1506 3398 interrogaverit.
1535 3320 1580 3380 Ao
1603 3318 1727 3379 duobus
1752 3317 1847 3379 modis
1861 3332 1890 3376 ea
1953 3314 1954 3369 l

311 3409 383 3471 aaz
395 3411 493 3491 frater
507 3407 639 3470 roua»
1132 3409 1206 3470 aiau
1231 3410 1345 3490 accipi,
1373 3429 1444 3492 quae
1472 3410 1511 3472 ae
1537 3411 1658 3472 curua
1684 3410 1887 3490 predicantur.
1953 3380 1954 3453 l

350 3503 486 3563 loannes
499 3502 737 3581 Chrysostomus
749 3498 879 3561 homilia
896 3517 944 3561 xu
960 3499 992 3560 iu
1005 3518 1081 3579 quo·
1132 3502 1280 3574 Quaedam
1294 3503 1379 3563 enim
1392 3512 1454 3567 κατὰ
1469 3510 1592 3584 ἀναφορὰν
1606 3507 1810 3583 usurpantur,
1832 3516 1890 3580 qua

309 3591 481 3654 triduanum
493 3593 653 3662 Lazarum,
666 3593 806 3654 absolute
826 3598 920 3670 negat
938 3593 1083 3671 ignoran·
1131 3594 1273 3655 videlicet
1286 3612 1351 3655 non
1362 3595 1402 3655 ad
1415 3596 1519 3675 ipsum
1528 3594 1697 3675 pertinent,
1712 3595 1766 3655 sed
1780 3594 1818 3654 ad
1827 3592 1890 3653 alios

310 3685 386 3745 tiam
398 3685 432 3744 in
446 3685 566 3745 Christo
578 3683 703 3758 fuisse⁸,
723 3685 930 3747 dumiudeeos
944 3684 1082 3745 refutans
1130 3686 1319 3765 referuntur,
1335 3687 1420 3748 velut
1445 3688 1483 3748 ad
1505 3686 1647 3748 membra
1673 3704 1740 3748 sua.
1766 3687 1806 3748 Ut
1830 3700 1890 3745 curn

309 3776 393 3837 illius
407 3776 576 3837 divinitatis
589 3777 744 3838 elevantes
759 3796 798 3839 ex
816 3796 853 3838 eo
875 3777 982 3854 fidem,
997 3777 1090 3856 quod·
1129 3785 1301 3858 peecatum,
1317 3784 1348 3840 et
1358 3778 1558 3840 maledictum
1580 3778 1679 3840 iactus
1700 3797 1766 3840 osse
1779 3778 1889 3840 dicitm.

309 3866 465 3928 damultis
478 3868 690 3947 ignorantium
710 3888 798 3932 more
816 3869 986 3931 sciscitatus
1008 3868 1082 3946 legi·
1131 3870 1279 3944 Quaedam
1295 3878 1350 3934 κατ’
1366 3874 1491 3948 ἀλήθειαν,
1507 3871 1568 3932 hoc
1591 3876 1638 3932 est
1656 3889 1695 3931 ex
1714 3871 1762 3932 rai
1776 3870 1890 3932 renate
1953 3908 1954 3925 r

308 3964 360 4020 tur
385 3979 392 4020 ε
415 3959 500 4020 velut
527 3961 566 4022 de
593 3959 735 4037 Lazaro⁶,
764 3960 815 4022 ubi
832 3961 973 4043 posuistis
991 3958 1083 4023 sacru?
1130 3962 1313 4023 tribuuntur
1335 3968 1394 4024 :ut
1416 3981 1488 4025 cum
1508 3962 1663 4037 esuriisse,
1683 3963 1852 4037 dormiisse,
1864 3964 1890 4017 et
1953 3946 1954 4037 i

309 4055 426 4114 Contra
448 4072 526 4133 quos
546 4054 748 4133 prescribens
772 4056 1019 4133 chrysostomus,
1033 4053 1079 4113 vi·
1129 4053 1223 4132 hujus
1232 4054 1355 4133 generis
1365 4055 1426 4116 alia
1434 4055 1614 4129 iecisse,aut
1622 4055 1769 4117 tolerasse
1777 4052 1889 4133 legitur.

307 4146 411 4206 oissim
438 4145 546 4224 objicit
572 4146 684 4206 similia
712 4166 750 4207 ex
775 4148 873 4208 veteri
895 4151 1079 4207 testamento
1129 4146 1227 4223 Igitur
1247 4146 1332 4226 quod
1354 4148 1512 4228 ignorasse
1534 4147 1688 4208 nonnulla
1706 4143 1891 4226 eScripturis

306 4237 385 4313 loca,
401 4238 435 4298 in
447 4237 562 4317 quihus
574 4237 745 4314 interrogat
757 4240 857 4314 Deus;
873 4244 910 4298 ut
919 4256 990 4299 oum
1004 4235 1077 4306 ait⁷,
1129 4238 1231 4314 colligi
1244 4239 1377 4316 videtur,
1388 4239 1467 4299 nihil
1482 4239 1604 4301 obstare
1617 4246 1717 4320 putat,
1730 4237 1892 4320 quominus

306 4328 403 4390 Adam
417 4328 470 4390 ubi
486 4329 532 4391 es?
547 4338 578 4391 et
599 4330 640 4391 ad
662 4329 827 4404 Cainum⁸,
847 4329 906 4393 Ubi
926 4338 969 4390 est
983 4331 1080 4410 frater
1128 4330 1233 4410 priore
1249 4332 1343 4392 modo
1353 4331 1578 4410 intelligantur,
1592 4338 1629 4393 ut
1642 4332 1756 4394 idcirco
1771 4330 1892 4392 nesciae
1953 4370 1954 4455 ρ

305 4425 394 4483 tuus?
408 4429 523 4485 etcum
537 4422 575 4483 ad
591 4422 767 4485 Sodomitis
782 4421 1077 4502 puniendosvenit⁰,
1130 4423 1331 4496 illadicatur,
1347 4425 1431 4504 quod
1445 4443 1482 4486 ea
1495 4423 1892 4505 nesciantipsiusmemhm
1953 4460 1954 4503 ρ

307 4514 447 4592 ejusdem
460 4533 525 4594 prae
539 4516 659 4577 setth
671 4516 855 4595 ignorantia
874 4515 1019 4595 speeiem.
1033 4515 1080 4575 ux
1130 4514 1361 4592 Ejusdemmodi
1375 4517 1549 4579 essecredit
1562 4516 1765 4597 illudipsum,
1778 4515 1893 4596 qucdse

308 4607 419 4686 quibus
432 4607 603 4685 concludit,
619 4627 684 4669 non
705 4621 790 4670 recte
810 4607 1020 4687 ignorantiam
1045 4606 1079 4667 in
1130 4607 1211 4668 diem
1225 4608 1636 4689 ignorassejudioiiasserit3
1650 4610 1744 4689 quale
1757 4601 1894 4686 estquod
1953 4630 1954 4721 ρ

344 4819 365 4860 α
384 4804 494 4860 Gratti.
523 4803 560 4859 ill
582 4810 657 4861 cotti.
679 4808 794 4861 Nestor.
815 4804 1009 4877 Πεπιοτεόκαμον
1030 4803 1077 4876 γὰρ
1127 4804 1245 4876 θησαυροὶ
1258 4808 1303 4872 τῆς
1318 4805 1416 4878 σοφίας,
1431 4805 1603 4873 seesima
1618 4805 1722 4879 χάριτος
1731 4802 1894 4875 mutuam
1953 4838 1954 4871 ρ

308 4882 335 4940 ἐν
345 4886 432 4955 νηδύος
447 4884 531 4954 αὐτῆς,
555 4888 596 4940 καὶ
611 4887 704 4960 μήτρας
720 4892 765 4956 τῆς
784 4888 928 4959 παρθενικῆς
941 4887 995 4941 θεὸν
1019 4887 1080 4942 ὄντα
1128 4887 1187 4959 θεῷ,
1201 4888 1242 4941 καὶ
1255 4887 1348 4960 πατρός

308 4969 350 5022 τὸν
368 4969 537 5042 Ἐρρονουὴλ
551 4969 676 5042 ἄνθρωπον
690 4972 829 5044 προελθεῖν,
853 4972 936 5043 πλήρη
952 4988 1001 5024 που
1015 4970 1078 5024 πάν-
1164 4970 1301 5026 ὸΕοιοο.
1318 4970 1393 5042 apud
1408 4970 1486 5027 Phor.
1513 4970 1576 5027 cod·
1601 4987 1697 5027 ccxxx.
1722 4970 1785 5025 otu
1803 4964 1892 5041 γᾶρνδ
1953 4968 1954 5053 i

307 5071 356 5114 τως
369 5052 464 5124 σορίας,
484 5053 525 5105 usi
545 5054 647 5124 χάριτος
672 5059 716 5122 τῆς
741 5053 840 5123 ἐνούσης
866 5054 935 5126 αὐτῷ
962 5058 1077 5125 φυσικῶς.
1128 5050 1278 5124 ἀνθρώπινον
1299 5052 1334 5115 εἰς
1348 5053 1406 5126 μίαν
1421 5054 1555 5109 ὑπόστασιν
1579 5053 1694 5108 συνελθόν
1717 5049 1891 5126 τῇᾶπροσόνρ,
1953 5064 1954 5133 q

307 5130 576 5197 ποίανοῦνὲπιδέξοιτο
589 5135 634 5205 siu
649 5134 757 5192 ἐπίδοσιν
771 5137 786 5191 ό
800 5136 825 5192 ἐν
840 5134 862 5210 ᾧ
877 5139 965 5200 πάντες
978 5136 1040 5193 ciali
1055 5135 1079 5191 oi
1127 5133 1294 5189 ναὶοὖοιόδοι
1308 5137 1393 5208 σοφίᾳ,
1415 5135 1530 5209 ἀγνοήσει
1548 5137 1578 5190 όν
1596 5154 1630 5203 π,
1656 5138 1737 5208 ὥσπερ
1759 5134 1829 5189 otus
1846 5136 1891 5186 τῶν
1953 5136 1954 5205 i

1127 5219 1266 5289 παρόντων,
1282 5219 1349 5274 οὕτω
1361 5217 1392 5287 δὴ
1402 5218 1473 5274 attis
1486 5224 1536 5274 τῶν
1549 5218 1702 5290 μελλόντων.

332 5379 1500 5438 rusam-rossensi-saeu.111.o.-r,eu.1v‚s.-sr0m.v.-suuu
1523 5384 1628 5438 mssa
1643 5383 1756 5430 -raeu
1772 5393 1809 5436 m.
1827 5382 1850 5428 s
1867 5396 1893 5413 -
1953 5348 1954 5427 i

304 5442 669 5497 assu.1v‚a.-sseu.xun.
1953 5446 1954 5477 f
