3956 6158
487 315 538 374 DE
558 315 861 389 ructuantibus,
883 315 954 376 LlB.
978 317 1045 392 Xll,
1077 317 1160 379 GAP.
1184 318 1226 378 ΙΙ.
1593 316 1652 375 509

102 484 126 540 et
146 478 243 540 animae
266 478 466 540 substantiam
488 499 554 541 nou
577 480 714 542 haberet.
736 482 774 541 In
800 498 837 541 eo
885 480 996 560 inquit,
1011 481 1045 542 in
1058 481 1242 560 baptismate
1257 480 1500 555 Filio,sinonest
1513 481 1651 556 unallei,

103 581 187 633 autem
204 590 288 632 rarus
312 571 464 633 mediator
487 577 534 633 est
553 572 720 633 hominum
743 572 836 633 bomo
886 573 1083 653 hominisque
1106 592 1248 654 persona,
1263 591 1332 652 quae
1355 591 1487 652 persona
1510 572 1654 633 nomina·

104 663 216 724 dhrishrs
227 665 329 738 Jesrrs3
344 665 452 744 inquo
466 664 504 724 de
525 665 616 725 Patre
636 664 766 725 formam
782 664 836 725 Dei
886 664 957 724 tur?
974 665 1005 725 Si
1020 666 1167 740 dixerint,
1182 666 1251 726 Filii
1261 665 1329 741 Dei,
1340 665 1490 725 neclnmc
1500 682 1565 725 esse
1579 683 1652 725 con·

104 774 241 834 perquam
263 756 401 831 salvaret,
417 756 599 817 naturaliter
619 756 739 834 hahuit,
755 763 786 818 et
799 774 838 818 ex
886 755 1014 817 litentur
1036 758 1137 818 lilium
1163 758 1309 829 hominis,
1330 774 1424 835 quem
1444 756 1555 816 Filium
1578 756 1649 832 llei;

106 847 208 927 Virgine
219 847 344 909 formam
353 848 434 909 servi
446 866 541 927 quam
550 849 583 908 in
593 848 683 909 nobis
694 849 836 924 salvaret,
862 857 865 863 '
887 866 962 926 ergo
976 849 1078 910 omnis
1091 867 1110 910 a
1123 849 1365 928 regenerationis
1373 855 1564 909 sacramento
1585 866 1655 924 gra-

103 941 236 1019 acrepit.»
885 940 929 1000 tia
942 940 1120 1001 mediatoris
1133 940 1282 1002 aufertur.
1301 940 1381 1001 Unus
1403 947 1441 1000 cst
1468 939 1559 1014 caim,
1575 939 1655 1000 sicut

131 1031 203 1093 ldem
221 1032 251 1092 in
263 1032 344 1093 libro
358 1031 392 1095 de
405 1031 463 1111 fide
475 1035 517 1094 ad
527 1033 648 1095 Petrum
668 1031 836 1108 diaconam,
887 1031 962 1092 dicit
985 1032 1161 1111 Apostolus,
1181 1032 1326 1093 mediator
1354 1032 1421 1107 Dei,
1444 1037 1472 1092 et
1501 1031 1654 1091 tomr'aam

101 1124 180 1202 capite
202 1126 344 1201 secundo,
374 1126 511 1187 «idcirco
535 1127 697 1201 mediator,
722 1127 835 1205 inquit,
888 1121 971 1184 bomo
986 1124 1122 1188 Christus
1139 1126 1231 1187 lesan.
1258 1127 1296 1185 Et
1314 1125 1350 1199 si,
1376 1122 1470 1205 (quod
1488 1122 1575 1204 absit)
1600 1143 1655 1186 no·

100 1216 245 1294 qniaidem
266 1219 346 1278 [leus
366 1222 458 1298 atque
481 1220 576 1279 homo
602 1237 704 1287 verus,
720 1218 839 1279 habeus
887 1216 1005 1277 minato
1017 1217 1051 1278 in
1065 1217 1248 1298 baptismate
1263 1218 1352 1291 Filio,
1367 1217 1433 1277 sola
1446 1216 1514 1276 Filii
1524 1217 1577 1277 Dei
1587 1236 1655 1296 per·
1758 1281 1764 1290 ,

100 1326 251 1370 rmamcum
270 1311 362 1371 Patre
380 1311 551 1371 divinitatis
564 1317 718 1383 naturam,
735 1317 766 1371 et
779 1312 837 1370 hu-
887 1326 963 1368 sona
978 1310 1167 1382 nominatur,
1184 1317 1216 1371 et
1229 1328 1361 1390 persona
1374 1308 1443 1369 Filii
1454 1309 1508 1370 Dei
1520 1309 1654 1370 hominis

99 1400 232 1462 maritatis
250 1420 345 1465 unam
362 1420 433 1463 cum
448 1408 547 1464 matre
561 1404 772 1464 substantiam.
798 1423 813 1459 n
888 1418 952 1460 non
967 1408 1240 1475 commemoratur,
1257 1402 1410 1462 mediator
1433 1419 1497 1460 non
1510 1401 1655 1461 nomina·

129 1493 173 1553 ill.
193 1494 342 1572 Fulgentii
359 1496 527 1581 discipulus
539 1497 712 1557 Ferrandus
732 1495 838 1557 diaco·
887 1496 948 1552 tur.
966 1494 1004 1552 Et
1018 1494 1247 1572 quomodosine
1260 1493 1430 1554 mediatore
1446 1493 1537 1553 Pater
1548 1510 1655 1552 recon-

97 1602 144 1645 nns
156 1584 396 1665 Carthaginensis
409 1588 441 1649 in
454 1588 582 1667 epistola
591 1585 836 1656 adfirmatum,
887 1583 1034 1646 cibatur?
1054 1587 1117 1647 Aut
1139 1587 1165 1647 si
1188 1586 1267 1653 forte
1285 1604 1350 1647 uon
1370 1584 1604 1659 reconsiliatur,
1620 1590 1655 1645 ut

97 1682 179 1737 totum
192 1678 263 1739 illud
275 1680 455 1740 mediatoris
475 1681 657 1759 mysterium
679 1679 839 1741 luculenta
888 1677 962 1755 quid
972 1678 1142 1758 baptismus
1155 1678 1286 1741 dicitur?
1302 1679 1333 1740 Si
1356 1685 1460 1739 autem
1477 1677 1654 1741 reconcilia·

97 1769 212 1831 ambone
225 1773 403 1851 complexus
418 1778 474 1849 est,
490 1791 528 1834 ex
543 1791 641 1851 coque
654 1778 838 1832 naturarum
889 1773 959 1844 tur,
981 1788 1037 1849 per
1064 1772 1265 1832 mediatorem
1288 1770 1513 1833 reconciliatur.
1544 1770 1576 1830 Si
1598 1788 1655 1850 per

96 1861 206 1923 duarum
218 1864 398 1926 catholicam
407 1883 546 1927 asserens
556 1865 661 1932 iidem,
673 1861 839 1944 Eutychia·
888 1859 1091 1923 mediatorem
1105 1863 1332 1935 reconciliatur,
1351 1863 1503 1923 mediator
1519 1860 1577 1922 iste
1589 1880 1655 1923 nou

95 1970 149 2031 nos,
161 1960 189 2014 et
201 1956 429 2037 Monophysitas
446 1957 569 2018 refellit.
585 1957 728 2017 Primum
753 1955 838 2017 enim
887 1960 934 2013 est
954 1956 1078 2014 tantum
1099 1957 1307 2035 [tensusque
1327 1960 1450 2015 tantum
1470 1955 1574 2031 homo,
1601 1955 1654 2015 sed

94 2051 169 2105 lotam
188 2046 224 2106 ab
249 2047 314 2109 istis
339 2048 514 2110 mediatoris
535 2048 674 2111 evacuari
691 2047 838 2128 capotium
888 2046 968 2105 Deus
988 2046 1095 2121 homo,
1117 2053 1152 2107 ut
1169 2047 1281 2127 jungat
1303 2048 1473 2121 hominem,
1491 2046 1607 2107 liabens
1620 2048 1654 2106 in

94 2136 214 2199 allirmat.
234 2157 245 2196 ι
258 2140 411 2202 Mediator
420 2141 534 2221 quippe
547 2160 612 2202 non
625 2148 671 2202 est
684 2142 744 2201 nisi
759 2141 835 2201 diro·
888 2156 962 2212 arna,
971 2139 1276 2219 eademqucpersona
1289 2157 1361 2200 cum
1376 2140 1438 2199 Deo
1448 2138 1653 2213 divinitatem,

94 2248 159 2301 run,
173 2250 275 2309 quosa
292 2252 326 2295 se
347 2234 480 2295 invicem
501 2240 657 2313 separatos
674 2240 750 2294 tunc
771 2233 836 2312 ipse
888 2248 959 2290 cum
973 2231 1152 2292 hominihus
1164 2233 1402 2304 humanitatem,
1417 2237 1448 2292 et
1457 2236 1583 2311 propter
1596 2233 1654 2293 hoc

93 2322 194 2383 medius
205 2326 362 2387 existendo
377 2327 447 2403 rite,
462 2345 498 2387 ac
511 2327 643 2387 firmiter
659 2327 795 2406 copulat,
810 2324 835 2384 si
887 2323 1134 2384 mediamnNam
1144 2325 1169 2384 si
1179 2325 1254 2385 alter
1261 2324 1355 2384 luerit
1362 2324 1538 2399 Deus,alter
1547 2326 1651 2402 bomo,

93 2415 229 2496 utriusque
250 2419 288 2478 sit
308 2419 420 2480 similis
439 2438 495 2498 per
520 2419 735 2493 substantiam,
759 2435 837 2498 quos
887 2413 918 2475 id
929 2421 974 2476 est
985 2416 1079 2477 aliam
1090 2416 1652 2496 personamhabueritDeustristus,

91 2508 138 2569 sibi
157 2510 221 2571 lacit
241 2512 492 2592 adpropinquare
521 2532 578 2592 per
602 2512 745 2591 gratiam,
776 2518 835 2572 ete.
887 2505 981 2567 aliam
994 2508 1088 2568 homo
1098 2509 1456 2588 Christus3necpersona
1464 2508 1518 2569 illa
1530 2509 1653 2586 Christi,

92 2600 290 2666 Verumtamen
303 2605 380 2684 quia
394 2606 436 2666 sic
459 2610 505 2665 est
518 2605 682 2681 mediator,
697 2611 733 2665 ut
744 2621 837 2665 verus
888 2617 959 2678 quae
984 2600 1078 2661 habet
1097 2618 1169 2661 cum
1193 2602 1254 2661 Deo
1274 2600 1479 2675 divinitatem,
1503 2601 1656 2661 mediator

90 2692 122 2752 sit
138 2696 288 2773 mediator,
312 2702 345 2758 et
366 2696 457 2775 patri,
483 2702 515 2757 et
536 2698 639 2773 matri,
657 2703 686 2757 et
711 2699 785 2771 Deo,
807 2701 838 2756 et
888 2696 1065 2769 uostercst,
1084 2694 1235 2772 quianon
1254 2692 1416 2754 nobiscum
1434 2693 1526 2753 habet
1547 2694 1656 2754 huma·

91 2783 244 2848 hominibus
267 2789 538 2850 consubstantialis
560 2796 606 2850 est
621 2809 629 2849 ε
645 2808 681 2850 ac
703 2807 759 2868 per
778 2787 837 2848 hoc
886 2786 1032 2859 nitatem3
1046 2804 1105 2846 nec
1119 2803 1250 2865 persona
1270 2785 1326 2845 filii
1339 2785 1485 2860 hominis,
1507 2804 1577 2864 quae
1593 2804 1654 2846 no-

90 2895 142 2940 nou
153 2881 248 2956 unius,
264 2883 318 2942 sed
329 2882 463 2942 duarum
473 2881 563 2958 plane
577 2880 834 2942 substantiarum:
887 2876 1008 2938 hiscum
1024 2878 1116 2938 habet
1135 2878 1371 2947 humanitatem,
1387 2878 1538 2939 mediator
1550 2882 1655 2939 noster

90 2971 148 3047 quia
170 2991 329 3055 nunqnam
351 2973 505 3035 mediator
527 2973 622 3034 unius
647 2978 748 3052 potest
771 2990 836 3033 esse
886 2972 945 3045 est,
970 2969 1043 3047 quis
1068 2988 1133 3030 non
1155 2969 1249 3030 hahet
1269 2988 1341 3030 cum
1363 2970 1425 3030 Deo
1448 2969 1649 3031 divinitatem.

90 3062 255 3140 substantiae,
265 3065 413 3139 ethuia
425 3065 533 3145 utique
546 3066 698 3126 mediator
710 3071 741 3126 et
754 3083 837 3125 unus
886 3060 1018 3121 Proinde
1036 3061 1062 3122 si
1083 3080 1155 3122 eum
1181 3061 1384 3140 baptizamur,
1408 3060 1493 3123 illam
1516 3068 1654 3124 tantum·

89 3160 133 3229 cst,
147 3157 342 3236 sipersonam
361 3157 548 3233 consideres,
568 3157 617 3217 cui
640 3175 757 3218 nomen
771 3175 836 3217 me·
886 3153 980 3212 modo
992 3171 1169 3232 personam,
1187 3172 1256 3233 qnae
1274 3154 1369 3215 habet
1382 3173 1453 3215 cum
1472 3155 1534 3216 Deo
1546 3155 1655 3216 divini·

89 3244 353 3322 diatorisarressit3
371 3250 497 3311 etinter
519 3250 659 3312 duasres
681 3249 837 3310 dissimilis
885 3248 996 3320 tatem,
1019 3244 1231 3322 nominamus,
1253 3253 1285 3309 et
1310 3248 1468 3326 quomodo
1495 3247 1561 3308 siue
1590 3266 1654 3309 me·

88 3338 246 3403 substantia
268 3342 422 3404 mediator
444 3342 587 3415 existens,
617 3360 681 3402 non
702 3341 761 3401 nisi
782 3359 837 3422 per
887 3336 1004 3397 diatore
1024 3338 1280 3399 reconciliamur?
1309 3339 1414 3400 Restat
1439 3356 1523 3417 ergo,
1560 3346 1595 3399 ut
1627 3340 1654 3401 si

87 3428 151 3491 duas
169 3433 354 3495 substantias
377 3433 513 3494 officium
537 3439 637 3514 potest
661 3434 838 3494 mediatoris
887 3430 1047 3489 nominato
1069 3430 1102 3490 in
1129 3429 1312 3510 baptismate
1335 3432 1424 3506 Filio,
1451 3431 1653 3494 mediatorem

86 3520 207 3601 inplere.
231 3527 330 3605 Cujus
352 3527 437 3588 enim
460 3544 592 3603 persona
604 3545 668 3586 una
687 3526 793 3601 fuerit,
807 3531 839 3586 et
886 3521 1322 3601 uominarevolumus,ipsum
1337 3523 1450 3584 Filium
1464 3524 1652 3586 nondivida-

86 3619 191 3690 natura,
212 3619 392 3680 nullatenus
412 3624 512 3699 potest
536 3617 627 3700 (inter
651 3616 736 3699 duas)
763 3618 837 3679 sub·
889 3631 971 3689 mus,
994 3614 1048 3674 sed
1069 3615 1153 3675 hunc
1166 3632 1231 3675 esse
1248 3617 1358 3690 Deum,
1376 3634 1469 3696 quem
1495 3618 1654 3681 homiaem

86 3708 195 3770 mattas
211 3712 365 3772 mediator
387 3728 463 3786 esse,
489 3710 539 3772 rel
561 3711 620 3772 dici
639 3730 646 3771 ε
662 3712 735 3790 quia
754 3710 837 3790 apud
889 3705 1081 3783 coufitentes,
1098 3714 1259 3787 negatores
1271 3708 1365 3770 unius
1384 3728 1526 3789 personae
1537 3712 1652 3773 veraci-

85 3795 157 3860 illam
167 3803 383 3878 substantiam,
398 3803 449 3865 cui
462 3803 591 3865 minime
605 3810 837 3883 coaptaturuna
887 3804 936 3859 ter
948 3800 1183 3862 confundamus.
1200 3822 1215 3858 a

84 3895 179 3955 natura
191 3897 268 3975 ejus,
285 3901 370 3958 caret
380 3895 516 3974 profecto
530 3895 632 3956 officio
641 3894 834 3970 mediatoris;
927 3892 997 3953 Vll.
1009 3892 1109 3953 Simili
1119 3899 1304 3972 argumento
1314 3895 1523 3973 Eutychianos
1530 3896 1655 3958 lanvin-

85 3983 241 4049 ethincest
254 4007 351 4050 verus
370 3988 535 4063 mediator,
550 3988 676 4067 quando
697 3994 732 4047 nt
755 3988 836 4049 dua·
887 3985 929 4047 cit
947 3983 1078 4064 Vigilius
1093 3985 1127 4046 in
1136 3985 1244 4065 quinto
1263 3986 1343 4048 libro
1359 3988 1652 4072 coalruEatyclrea³,
1678 4022 1823 4080 pignum„

84 4092 144 4138 rum
155 4081 351 4143 dissimilium
364 4080 607 4142 substantiarum
622 4080 745 4161 copulet
758 4081 838 4141 divi·
886 4077 1039 4138 nimirum
1052 4096 1091 4140 ex
1106 4079 1283 4140 mediatoris
1297 4079 1398 4141 officio
1424 4099 1431 4140 :
1460 4102 1476 4139 a
1489 4081 1578 4155 Quod
1589 4083 1654 4144 olil-

30 4164 60 4247 a
85 4167 201 4250 sionem,
212 4192 269 4253 per
283 4175 385 4253 ipsam
404 4172 660 4234 communionem
674 4190 838 4235 removens
887 4171 984 4244 cium,
1001 4170 1111 4249 inquit,
1136 4171 1196 4231 nisi
1210 4189 1247 4231 ex
1261 4173 1389 4233 veritate
1402 4178 1523 4234 naturas
1539 4176 1650 4253 carnis,

30 4262 56 4306 n.
83 4259 275 4342 divisionem,
308 4271 345 4326 ut
357 4265 398 4326 sit
409 4270 541 4344 unaque
553 4283 664 4341 liniam,
679 4284 735 4345 per
748 4266 837 4326 illum
887 4279 982 4342 quam
1004 4281 1043 4323 ex
1062 4262 1151 4323 nobis
1171 4262 1291 4340 hahuit,
1306 4265 1435 4344 implere
1458 4285 1521 4327 non
1539 4268 1650 4346 potuit.

84 4356 272 4420 mediatorem
282 4357 501 4420 convenientia
513 4358 546 4418 in
566 4375 676 4433 unum,
692 4376 764 4419 eum
774 4375 836 4437 quo
890 4355 1043 4428 Quoniam
1057 4373 1112 4435 per
1126 4355 1226 4435 ipsam
1247 4357 1327 4419 inter
1346 4359 1454 4435 Deum,
1469 4364 1500 4419 et
1514 4360 1654 4422 homines

83 4444 205 4526 luerunt,
220 4457 294 4513 ante
307 4468 404 4531 quam
414 4450 626 4525 convenirent,
637 4468 746 4511 arnum.
758 4451 837 4511 Con·
887 4448 1007 4508 medius
1027 4448 1182 4527 apparuit.
1207 4450 1245 4510 Et
1258 4450 1341 4528 quia,
1358 4457 1393 4510 ut
1414 4452 1579 4529 Apostolus
1598 4455 1651 4531 ait,

84 4537 238 4605 sideramus
256 4545 317 4605 hoc
339 4543 462 4623 plenius
483 4543 518 4603 in
541 4548 648 4604 nostro
668 4542 837 4603 mediatore
887 4546 919 4600 et
938 4557 1045 4600 rerum
1075 4540 1187 4601 veritas
1210 4541 1310 4613 docet,
1340 4544 1491 4605 mediator
1516 4563 1581 4606 non
1607 4552 1654 4608 cst

84 4629 200 4696 Domino
215 4636 334 4698 scilicet
347 4635 468 4696 Christo
480 4655 488 4710 ;
505 4635 596 4711 cujus
608 4634 736 4714 quidem
748 4652 836 4695 rera-
887 4632 991 4692 utrius.
1016 4632 1140 4694 Habeas
1173 4639 1277 4695 autem
1306 4635 1457 4711 Christus,
1482 4637 1653 4699 secundum

83 4721 148 4785 citer
172 4746 235 4790 una
261 4745 406 4807 persona,
434 4724 608 4808 (quianon
635 4726 721 4788 decet
744 4725 838 4786 unius
887 4742 955 4800 ros,
969 4743 1066 4787 unam
1088 4730 1244 4801 naturam,
1259 4727 1410 4789 ostendite
1427 4728 1511 4789 ande
1531 4730 1571 4790 sit
1590 4747 1655 4792 mc-

83 4818 249 4906 mediatoris
271 4820 350 4881 duas
368 4836 433 4880 esse
452 4828 608 4898 personas)
622 4822 838 4880 verumtamen
888 4818 958 4878 dius
972 4817 1134 4891 internos,
1151 4823 1182 4879 et
1200 4819 1286 4880 illam
1303 4840 1311 4880 :
1327 4820 1475 4899 quoniam
1496 4821 1533 4895 si,
1549 4827 1585 4884 ut
1596 4823 1655 4884 im-

83 4922 138 4967 nan
148 4917 191 4971 est
201 4930 267 4973 una
279 4917 404 4989 natura,
417 4911 489 4991 quia
503 4913 596 4971 unius
607 4911 795 4972 mediatoris.
817 4931 834 4968 a
886 4909 937 4988 pie
951 4910 1066 4989 sapitis,
1082 4929 1146 4971 nna
1157 4916 1202 4971 est
1215 4911 1281 4989 ejus
1295 4919 1406 4972 natura
1420 4914 1654 4989 medietariam

114 5000 192 5064 Idem
205 5005 239 5065 in
252 5004 385 5085 epistola
397 5003 436 5065 od
447 5002 587 5065 Severum
601 5004 725 5064 eosdem
739 5004 837 5063 haere·
887 5018 935 5070 eo,
943 5002 1025 5081 quod
1041 5008 1204 5078 estunam,
1213 5008 1245 5063 et
1258 5003 1413 5083 singulare
1423 5005 1531 5066 salutis
1539 5015 1654 5069 nostrae

82 5088 148 5152 ticos
159 5094 329 5171 refutans¹,
345 5115 384 5157 ex
397 5094 539 5176 baptismi
553 5095 691 5175 legitima
703 5094 838 5155 formula
887 5094 1080 5168 remedium,
1096 5094 1294 5156 frustrabitur
1309 5103 1553 5174 sacramentum;
1569 5100 1653 5161 unde

81 5184 191 5259 probat,
205 5206 305 5250 unam
320 5189 374 5250 Dei
389 5195 419 5250 et
437 5188 571 5249 hominis
583 5189 617 5249 in
630 5187 750 5249 Christo
763 5205 836 5267 per·
887 5186 971 5246 enim
986 5187 1108 5247 medius
1117 5186 1185 5263 erit,
1201 5189 1407 5269 nubemque
1419 5208 1483 5251 uon
1495 5191 1654 5254 habuerit?

81 5290 178 5340 sonam
188 5281 223 5342 in
235 5279 295 5342 filii
311 5281 436 5343 nomine
450 5280 610 5342 contineri.
632 5280 836 5357 «Nominato,
887 5277 965 5352 Ouia
977 5278 1034 5340 nisi
1049 5279 1142 5340 talem
1155 5279 1277 5342 dederis
1293 5281 1375 5343 inter
1388 5284 1488 5345 Deum
1503 5288 1534 5345 et
1546 5283 1653 5346 homi-

102 5478 111 5523 t
126 5479 246 5529 leuandus
255 5489 310 5530 mm.
321 5483 352 5530 ltl
365 5483 422 5531 sttt.
432 5502 461 5520 ι·
473 5483 488 5528 ‘l
498 5482 557 5529 Fert.
567 5480 591 5529 la
602 5493 638 5539 op.
652 5482 681 5529 od
690 5483 765 5529 sever.
775 5487 826 5527 tom.
839 5479 987 5529 trinitare.
1001 5483 1049 5528 -a
1060 5481 1125 5538 ttgtl.
1139 5488 1192 5531 tom.
1207 5481 1235 5527 lt
1249 5483 1306 5529 sot.
