<?xml version="1.0" encoding="UTF-8"?>
<!DOCTYPE html PUBLIC "-//W3C//DTD XHTML 1.0 Transitional//EN"
    "http://www.w3.org/TR/xhtml1/DTD/xhtml1-transitional.dtd">
<html xmlns="http://www.w3.org/1999/xhtml" xml:lang="en" lang="en">
 <head>
  <title>
</title>
<meta http-equiv="Content-Type" content="text/html;charset=utf-8" />
  <meta name='ocr-system' content='tesseract 3.04.00' />
  <meta name='ocr-capabilities' content='ocr_page ocr_carea ocr_par ocr_line ocrx_word'/>
</head>
<body>
  <div class='ocr_page' id='page_1' title='image "./dogmatatheologi00zaccgoog/dogmatatheologi00zaccgoog_0728.png"; bbox 0 0 4076 6180; ppageno 0'>
   <div class='ocr_carea' id='block_1_1' title="bbox 744 614 1203 767">
    <p class='ocr_par' dir='ltr' id='par_1_1' title="bbox 744 614 1203 767">
     <span class='ocr_line' id='line_1_1' title="bbox 744 614 1203 767; baseline 0.024 -10"><span class='ocrx_word' id='word_1_1' title='bbox 744 614 1203 767; x_wconf 86' lang='lat' dir='ltr'>INDEX</span> 
     </span>
    </p>
   </div>
   <div class='ocr_carea' id='block_1_2' title="bbox 327 982 1618 1062">
    <p class='ocr_par' dir='ltr' id='par_1_2' title="bbox 327 982 1618 1062">
     <span class='ocr_line' id='line_1_2' title="bbox 327 982 1618 1062; baseline 0.017 -23"><span class='ocrx_word' id='word_1_2' title='bbox 327 982 537 1042; x_wconf 84' lang='lat' dir='ltr'><strong>LlBRORUM</strong></span> <span class='ocrx_word' id='word_1_3' title='bbox 559 982 608 1042; x_wconf 80' lang='lat' dir='ltr'><strong>AC</strong></span> <span class='ocrx_word' id='word_1_4' title='bbox 629 983 803 1045; x_wconf 82' lang='lat' dir='ltr'>CAPITUM</span> <span class='ocrx_word' id='word_1_5' title='bbox 824 986 916 1060; x_wconf 86' lang='lat' dir='ltr'><strong>QUAE</strong></span> <span class='ocrx_word' id='word_1_6' title='bbox 937 988 978 1048; x_wconf 92' lang='lat' dir='ltr'><strong>IN</strong></span> <span class='ocrx_word' id='word_1_7' title='bbox 1002 990 1078 1051; x_wconf 82' lang='lat' dir='ltr'><strong>Huc</strong></span> <span class='ocrx_word' id='word_1_8' title='bbox 1099 992 1306 1054; x_wconf 87' lang='lat' dir='ltr'><strong>VOLUMINE</strong></span> <span class='ocrx_word' id='word_1_9' title='bbox 1326 995 1618 1062; x_wconf 86' lang='lat' dir='ltr'><strong>CONTINENTUR.</strong></span> 
     </span>
    </p>
   </div>
   <div class='ocr_carea' id='block_1_3' title="bbox 574 1263 1347 1320">
    <p class='ocr_par' dir='ltr' id='par_1_3' title="bbox 574 1263 1347 1320">
     <span class='ocr_line' id='line_1_3' title="bbox 574 1263 1347 1320; baseline 0.017 -14"><span class='ocrx_word' id='word_1_10' title='bbox 574 1263 1347 1320; x_wconf 34' lang='lat' dir='ltr'><strong>““ffixawae</strong></span> 
     </span>
    </p>
   </div>
   <div class='ocr_carea' id='block_1_4' title="bbox 414 1842 711 1904">
    <p class='ocr_par' dir='ltr' id='par_1_4' title="bbox 414 1842 711 1904">
     <span class='ocr_line' id='line_1_4' title="bbox 414 1842 711 1904; baseline 0.013 -4"><span class='ocrx_word' id='word_1_11' title='bbox 414 1842 529 1902; x_wconf 82' lang='lat' dir='ltr'>LIBER</span> <span class='ocrx_word' id='word_1_12' title='bbox 552 1842 711 1904; x_wconf 81' lang='lat' dir='ltr'>SEXTUS</span> 
     </span>
    </p>
   </div>
   <div class='ocr_carea' id='block_1_5' title="bbox 184 2106 952 2509">
    <p class='ocr_par' dir='ltr' id='par_1_5' title="bbox 184 2106 952 2509">
     <span class='ocr_line' id='line_1_5' title="bbox 184 2106 949 2170; baseline 0.007 -21"><span class='ocrx_word' id='word_1_13' title='bbox 184 2107 212 2150; x_wconf 78' lang='lat' dir='ltr'><strong>lh&#39;</strong></span> <span class='ocrx_word' id='word_1_14' title='bbox 232 2108 287 2159; x_wconf 73' lang='lat' dir='ltr'><strong>QUO</strong></span> <span class='ocrx_word' id='word_1_15' title='bbox 307 2108 345 2150; x_wconf 73' lang='lat' dir='ltr'><strong>AB</strong></span> <span class='ocrx_word' id='word_1_16' title='bbox 358 2106 503 2151; x_wconf 72' lang='lat' dir='ltr'><strong>nAEhuutul</strong></span> <span class='ocrx_word' id='word_1_17' title='bbox 523 2108 628 2151; x_wconf 82' lang='lat' dir='ltr'><strong>NUPERI</strong></span> <span class='ocrx_word' id='word_1_18' title='bbox 647 2109 808 2170; x_wconf 67' lang='lat' dir='ltr'><strong>unmahtim,</strong></span> <span class='ocrx_word' id='word_1_19' title='bbox 828 2111 949 2169; x_wconf 77' lang='lat' dir='ltr'><strong>numm,</strong></span> 
     </span>
     <span class='ocr_line' id='line_1_6' title="bbox 224 2196 950 2253; baseline 0.006 -14"><span class='ocrx_word' id='word_1_20' title='bbox 224 2196 260 2240; x_wconf 83' lang='lat' dir='ltr'><strong>ET</strong></span> <span class='ocrx_word' id='word_1_21' title='bbox 273 2197 424 2240; x_wconf 79' lang='lat' dir='ltr'><strong>EPHESINAE</strong></span> <span class='ocrx_word' id='word_1_22' title='bbox 438 2197 539 2240; x_wconf 76' lang='lat' dir='ltr'><strong>sx&#39;h&#39;uhl</strong></span> <span class='ocrx_word' id='word_1_23' title='bbox 548 2197 719 2241; x_wconf 67' lang='lat' dir='ltr'><strong>unmahtins</strong></span> <span class='ocrx_word' id='word_1_24' title='bbox 730 2199 817 2253; x_wconf 72' lang='lat' dir='ltr'><strong>uiuet,</strong></span> <span class='ocrx_word' id='word_1_25' title='bbox 828 2199 865 2242; x_wconf 88' lang='lat' dir='ltr'><strong>ET</strong></span> <span class='ocrx_word' id='word_1_26' title='bbox 879 2199 950 2243; x_wconf 78' lang='lat' dir='ltr'><strong>AUG-</strong></span> 
     </span>
     <span class='ocr_line' id='line_1_7' title="bbox 223 2286 952 2342; baseline 0.004 -13"><span class='ocrx_word' id='word_1_27' title='bbox 223 2286 550 2342; x_wconf 74' lang='lat' dir='ltr'><strong>uontuxsuueuhu1wh3</strong></span> <span class='ocrx_word' id='word_1_28' title='bbox 567 2286 604 2329; x_wconf 77' lang='lat' dir='ltr'><strong>AG</strong></span> <span class='ocrx_word' id='word_1_29' title='bbox 618 2287 785 2341; x_wconf 77' lang='lat' dir='ltr'><strong>NESTOElUS,</strong></span> <span class='ocrx_word' id='word_1_30' title='bbox 803 2288 883 2339; x_wconf 77' lang='lat' dir='ltr'><strong>Quen</strong></span> <span class='ocrx_word' id='word_1_31' title='bbox 891 2288 952 2331; x_wconf 80' lang='lat' dir='ltr'><strong>ILLE</strong></span> 
     </span>
     <span class='ocr_line' id='line_1_8' title="bbox 224 2373 951 2431; baseline 0.004 -13"><span class='ocrx_word' id='word_1_32' title='bbox 224 2374 404 2418; x_wconf 76' lang='lat' dir='ltr'><strong>GATHOLlGUM</strong></span> <span class='ocrx_word' id='word_1_33' title='bbox 418 2373 515 2417; x_wconf 79' lang='lat' dir='ltr'><strong>EUlSSE</strong></span> <span class='ocrx_word' id='word_1_34' title='bbox 527 2375 616 2431; x_wconf 73' lang='lat' dir='ltr'><strong>uictu,</strong></span> <span class='ocrx_word' id='word_1_35' title='bbox 630 2375 787 2420; x_wconf 70' lang='lat' dir='ltr'><strong>uestraene</strong></span> <span class='ocrx_word' id='word_1_36' title='bbox 801 2377 951 2421; x_wconf 74' lang='lat' dir='ltr'><strong>llAEllE&#39;l&#39;lGO</strong></span> 
     </span>
     <span class='ocr_line' id='line_1_9' title="bbox 224 2464 578 2509; baseline 0 -2"><span class='ocrx_word' id='word_1_37' title='bbox 224 2464 377 2509; x_wconf 70' lang='lat' dir='ltr'><strong>hathtn‘rts</strong></span> <span class='ocrx_word' id='word_1_38' title='bbox 388 2464 578 2508; x_wconf 68' lang='lat' dir='ltr'><strong>ossuumque.</strong></span> 
     </span>
    </p>
   </div>
   <div class='ocr_carea' id='block_1_6' title="bbox 488 2619 669 2673">
    <p class='ocr_par' dir='ltr' id='par_1_6' title="bbox 488 2619 669 2673">
     <span class='ocr_line' id='line_1_10' title="bbox 488 2619 669 2673; baseline 0.006 -2"><span class='ocrx_word' id='word_1_39' title='bbox 488 2619 669 2673; x_wconf 69' lang='lat' dir='ltr'><strong>menendum</strong></span> 
     </span>
    </p>
   </div>
   <div class='ocr_carea' id='block_1_7' title="bbox 1034 1630 1768 1851">
    <p class='ocr_par' dir='ltr' id='par_1_7' title="bbox 1034 1630 1768 1851">
     <span class='ocr_line' id='line_1_11' title="bbox 1035 1630 1766 1700; baseline 0.023 -20"><span class='ocrx_word' id='word_1_40' title='bbox 1035 1635 1078 1681; x_wconf 93' lang='lat' dir='ltr'><strong>tur.</strong></span> <span class='ocrx_word' id='word_1_41' title='bbox 1096 1630 1136 1681; x_wconf 85' lang='grc'><strong>10.</strong></span> <span class='ocrx_word' id='word_1_42' title='bbox 1152 1630 1387 1698; x_wconf 86' lang='lat' dir='ltr'><strong>Emendatorquidam</strong></span> <span class='ocrx_word' id='word_1_43' title='bbox 1402 1634 1478 1700; x_wconf 80' lang='lat' dir='ltr'><strong>cyrilli</strong></span> <span class='ocrx_word' id='word_1_44' title='bbox 1504 1637 1578 1690; x_wconf 90' lang='lat' dir='ltr'><strong>locus.</strong></span> <span class='ocrx_word' id='word_1_45' title='bbox 1607 1643 1647 1695; x_wconf 88' lang='lat' dir='ltr'><strong>ll.</strong></span> <span class='ocrx_word' id='word_1_46' title='bbox 1659 1643 1766 1697; x_wconf 80' lang='lat' dir='ltr'>Hilarium</span> 
     </span>
     <span class='ocr_line' id='line_1_12' title="bbox 1034 1705 1766 1783; baseline 0.026 -29"><span class='ocrx_word' id='word_1_47' title='bbox 1034 1705 1091 1757; x_wconf 87' lang='lat' dir='ltr'><strong>ialso</strong></span> <span class='ocrx_word' id='word_1_48' title='bbox 1105 1711 1235 1770; x_wconf 90' lang='lat' dir='ltr'><strong>suspectum</strong></span> <span class='ocrx_word' id='word_1_49' title='bbox 1257 1708 1329 1759; x_wconf 86' lang='lat' dir='ltr'><strong>reddit</strong></span> <span class='ocrx_word' id='word_1_50' title='bbox 1351 1724 1474 1776; x_wconf 76' lang='lat' dir='ltr'><strong>anonymus</strong></span> <span class='ocrx_word' id='word_1_51' title='bbox 1492 1714 1650 1768; x_wconf 86' lang='lat' dir='ltr'><strong>Tritheitarum</strong></span> <span class='ocrx_word' id='word_1_52' title='bbox 1665 1720 1766 1783; x_wconf 79' lang='lat' dir='ltr'><strong>heresis,</strong></span> 
     </span>
     <span class='ocr_line' id='line_1_13' title="bbox 1035 1780 1768 1851; baseline 0.026 -21"><span class='ocrx_word' id='word_1_53' title='bbox 1035 1780 1064 1831; x_wconf 92' lang='lat' dir='ltr'><strong>ob</strong></span> <span class='ocrx_word' id='word_1_54' title='bbox 1079 1781 1225 1833; x_wconf 81' lang='lat' dir='ltr'>sirmiensem</span> <span class='ocrx_word' id='word_1_55' title='bbox 1249 1783 1362 1835; x_wconf 88' lang='lat' dir='ltr'><strong>laudatum</strong></span> <span class='ocrx_word' id='word_1_56' title='bbox 1383 1801 1501 1838; x_wconf 85' lang='lat' dir='ltr'><strong>canonem.</strong></span> <span class='ocrx_word' id='word_1_57' title='bbox 1522 1791 1562 1842; x_wconf 81' lang='lat' dir='ltr'><strong>te.</strong></span> <span class='ocrx_word' id='word_1_58' title='bbox 1580 1792 1694 1851; x_wconf 74' lang='lat' dir='ltr'><strong>Quatenus</strong></span> <span class='ocrx_word' id='word_1_59' title='bbox 1716 1810 1768 1849; x_wconf 82' lang='lat' dir='ltr'><strong>eun</strong></span> 
     </span>
    </p>
   </div>
   <div class='ocr_carea' id='block_1_8' title="bbox 1034 1857 1768 2001">
    <p class='ocr_par' dir='ltr' id='par_1_8' title="bbox 1034 1857 1768 2001">
     <span class='ocr_line' id='line_1_14' title="bbox 1034 1857 1768 1932; baseline 0.025 -27"><span class='ocrx_word' id='word_1_60' title='bbox 1034 1857 1165 1921; x_wconf 89' lang='lat' dir='ltr'><strong>approhan&#39;t</strong></span> <span class='ocrx_word' id='word_1_61' title='bbox 1180 1876 1186 1908; x_wconf 72' lang='grc' dir='ltr'>ι</span> <span class='ocrx_word' id='word_1_62' title='bbox 1200 1860 1313 1923; x_wconf 91' lang='lat' dir='ltr'><strong>quomodo</strong></span> <span class='ocrx_word' id='word_1_63' title='bbox 1327 1862 1394 1912; x_wconf 90' lang='lat' dir='ltr'><strong>Pater</strong></span> <span class='ocrx_word' id='word_1_64' title='bbox 1407 1864 1519 1928; x_wconf 90' lang='lat' dir='ltr'><strong>imperare</strong></span> <span class='ocrx_word' id='word_1_65' title='bbox 1535 1865 1619 1932; x_wconf 89' lang='lat' dir='ltr'><strong>aliquid</strong></span> <span class='ocrx_word' id='word_1_66' title='bbox 1634 1869 1690 1922; x_wconf 84' lang='lat' dir='ltr'><strong>Filio</strong></span> <span class='ocrx_word' id='word_1_67' title='bbox 1707 1871 1768 1925; x_wconf 93' lang='lat' dir='ltr'><strong>dici-</strong></span> 
     </span>
     <span class='ocr_line' id='line_1_15' title="bbox 1034 1932 1768 2001; baseline 0.015 -20"><span class='ocrx_word' id='word_1_68' title='bbox 1034 1936 1086 1993; x_wconf 91' lang='lat' dir='ltr'><strong>tnr;</strong></span> <span class='ocrx_word' id='word_1_69' title='bbox 1103 1932 1144 1984; x_wconf 88' lang='grc'><strong>13.</strong></span> <span class='ocrx_word' id='word_1_70' title='bbox 1160 1938 1198 1984; x_wconf 90' lang='lat' dir='ltr'><strong>ant</strong></span> <span class='ocrx_word' id='word_1_71' title='bbox 1212 1949 1239 1985; x_wconf 90' lang='lat' dir='ltr'><strong>eo</strong></span> <span class='ocrx_word' id='word_1_72' title='bbox 1257 1949 1306 1985; x_wconf 87' lang='lat' dir='ltr'><strong>csse</strong></span> <span class='ocrx_word' id='word_1_73' title='bbox 1323 1937 1406 2001; x_wconf 72' lang='lat' dir='ltr'><strong>mayor.</strong></span> <span class='ocrx_word' id='word_1_74' title='bbox 1738 1948 1768 1998; x_wconf 80' lang='lat' dir='ltr'><strong>tt</strong></span> 
     </span>
    </p>
   </div>
   <div class='ocr_carea' id='block_1_9' title="bbox 1001 2004 1770 2079">
    <p class='ocr_par' dir='ltr' id='par_1_9' title="bbox 1001 2004 1770 2079">
     <span class='ocr_line' id='line_1_16' title="bbox 1001 2004 1770 2079; baseline 0.023 -22"><span class='ocrx_word' id='word_1_75' title='bbox 1001 2004 1087 2058; x_wconf 80' lang='lat' dir='ltr'><strong>Cxeuu</strong></span> <span class='ocrx_word' id='word_1_76' title='bbox 1107 2007 1143 2059; x_wconf 90' lang='lat' dir='ltr'><strong>lll.</strong></span> <span class='ocrx_word' id='word_1_77' title='bbox 1164 2009 1275 2076; x_wconf 80' lang='lat' dir='ltr'><strong>Deinceps</strong></span> <span class='ocrx_word' id='word_1_78' title='bbox 1292 2012 1434 2076; x_wconf 90' lang='lat' dir='ltr'><strong>antiquorum</strong></span> <span class='ocrx_word' id='word_1_79' title='bbox 1448 2017 1595 2079; x_wconf 89' lang='lat' dir='ltr'><strong>quorumdam</strong></span> <span class='ocrx_word' id='word_1_80' title='bbox 1614 2020 1671 2071; x_wconf 88' lang='lat' dir='ltr'><strong>talsa</strong></span> <span class='ocrx_word' id='word_1_81' title='bbox 1688 2022 1770 2074; x_wconf 80' lang='lat' dir='ltr'><strong>edrai-</strong></span> 
     </span>
    </p>
   </div>
   <div class='ocr_carea' id='block_1_10' title="bbox 1034 2081 1771 2683">
    <p class='ocr_par' dir='ltr' id='par_1_10' title="bbox 1034 2081 1771 2683">
     <span class='ocr_line' id='line_1_17' title="bbox 1035 2081 1769 2163; baseline 0.026 -33"><span class='ocrx_word' id='word_1_82' title='bbox 1035 2081 1096 2133; x_wconf 90' lang='lat' dir='ltr'><strong>uatio</strong></span> <span class='ocrx_word' id='word_1_83' title='bbox 1126 2098 1194 2149; x_wconf 91' lang='lat' dir='ltr'><strong>super</strong></span> <span class='ocrx_word' id='word_1_84' title='bbox 1212 2086 1373 2138; x_wconf 85' lang='lat' dir='ltr'><strong>iucarnationis</strong></span> <span class='ocrx_word' id='word_1_85' title='bbox 1393 2091 1499 2154; x_wconf 87' lang='lat' dir='ltr'><strong>mysterio</strong></span> <span class='ocrx_word' id='word_1_86' title='bbox 1519 2093 1650 2154; x_wconf 64' lang='lat' dir='ltr'><strong>discutiam</strong></span> <span class='ocrx_word' id='word_1_87' title='bbox 1669 2099 1691 2148; x_wconf 91' lang='lat' dir='ltr'><strong>l.</strong></span> <span class='ocrx_word' id='word_1_88' title='bbox 1712 2113 1769 2163; x_wconf 87' lang='lat' dir='ltr'><strong>quos</strong></span> 
     </span>
     <span class='ocr_line' id='line_1_18' title="bbox 1034 2163 1770 2227; baseline 0.027 -20"><span class='ocrx_word' id='word_1_89' title='bbox 1034 2172 1158 2223; x_wconf 86' lang='lat' dir='ltr'><strong>anonymus</strong></span> <span class='ocrx_word' id='word_1_90' title='bbox 1172 2166 1234 2225; x_wconf 91' lang='lat' dir='ltr'><strong>putat</strong></span> <span class='ocrx_word' id='word_1_91' title='bbox 1244 2167 1345 2213; x_wconf 88' lang='lat' dir='ltr'><strong>naturam</strong></span> <span class='ocrx_word' id='word_1_92' title='bbox 1360 2163 1449 2216; x_wconf 87' lang='lat' dir='ltr'><strong>Christo</strong></span> <span class='ocrx_word' id='word_1_93' title='bbox 1463 2181 1530 2218; x_wconf 92' lang='lat' dir='ltr'><strong>uuam</strong></span> <span class='ocrx_word' id='word_1_94' title='bbox 1544 2168 1654 2223; x_wconf 77' lang='lat' dir='ltr'><strong>&#39;tribuisse</strong></span> <span class='ocrx_word' id='word_1_95' title='bbox 1670 2187 1697 2223; x_wconf 83' lang='lat' dir='ltr'><strong>ex</strong></span> <span class='ocrx_word' id='word_1_96' title='bbox 1714 2175 1770 2227; x_wconf 89' lang='lat' dir='ltr'><strong>dua-</strong></span> 
     </span>
     <span class='ocr_line' id='line_1_19' title="bbox 1035 2230 1770 2312; baseline 0.026 -31"><span class='ocrx_word' id='word_1_97' title='bbox 1035 2230 1077 2283; x_wconf 89' lang='lat' dir='ltr'><strong>bus</strong></span> <span class='ocrx_word' id='word_1_98' title='bbox 1105 2237 1262 2301; x_wconf 91' lang='lat' dir='ltr'><strong>compositam,</strong></span> <span class='ocrx_word' id='word_1_99' title='bbox 1280 2237 1305 2287; x_wconf 76' lang='lat'><strong>2.</strong></span> <span class='ocrx_word' id='word_1_100' title='bbox 1336 2239 1368 2290; x_wconf 85' lang='lat' dir='ltr'><strong>[le</strong></span> <span class='ocrx_word' id='word_1_101' title='bbox 1386 2240 1494 2305; x_wconf 74' lang='lat' dir='ltr'><strong>Gregorio</strong></span> <span class='ocrx_word' id='word_1_102' title='bbox 1514 2243 1681 2312; x_wconf 76' lang='lat' dir='ltr'><strong>&#39;thaumaturgo</strong></span> <span class='ocrx_word' id='word_1_103' title='bbox 1705 2264 1770 2302; x_wconf 91' lang='lat' dir='ltr'><strong>error</strong></span> 
     </span>
     <span class='ocr_line' id='line_1_20' title="bbox 1035 2306 1771 2386; baseline 0.027 -29"><span class='ocrx_word' id='word_1_104' title='bbox 1035 2306 1112 2369; x_wconf 88' lang='lat' dir='ltr'><strong>illius;</strong></span> <span class='ocrx_word' id='word_1_105' title='bbox 1124 2324 1165 2361; x_wconf 90' lang='lat' dir='ltr'><strong>uec</strong></span> <span class='ocrx_word' id='word_1_106' title='bbox 1181 2325 1225 2362; x_wconf 91' lang='lat' dir='ltr'><strong>uon</strong></span> <span class='ocrx_word' id='word_1_107' title='bbox 1237 2317 1260 2363; x_wconf 85' lang='lat' dir='ltr'><strong>et</strong></span> <span class='ocrx_word' id='word_1_108' title='bbox 1274 2313 1379 2378; x_wconf 81' lang='lat' dir='ltr'><strong>dionysio</strong></span> <span class='ocrx_word' id='word_1_109' title='bbox 1390 2315 1550 2369; x_wconf 75' lang='lat' dir='ltr'><strong>Alexandrino.</strong></span> <span class='ocrx_word' id='word_1_110' title='bbox 1570 2320 1594 2369; x_wconf 89' lang='grc'><strong>3.</strong></span> <span class='ocrx_word' id='word_1_111' title='bbox 1609 2320 1733 2386; x_wconf 90' lang='lat' dir='ltr'><strong>Excutitnr,</strong></span> <span class='ocrx_word' id='word_1_112' title='bbox 1748 2332 1771 2377; x_wconf 92' lang='lat' dir='ltr'><strong>et</strong></span> 
     </span>
     <span class='ocr_line' id='line_1_21' title="bbox 1035 2387 1770 2461; baseline 0.029 -29"><span class='ocrx_word' id='word_1_113' title='bbox 1035 2390 1152 2435; x_wconf 88' lang='lat' dir='ltr'><strong>enarratur</strong></span> <span class='ocrx_word' id='word_1_114' title='bbox 1166 2387 1263 2452; x_wconf 79' lang='lat' dir='ltr'><strong>Dionysii</strong></span> <span class='ocrx_word' id='word_1_115' title='bbox 1273 2389 1347 2451; x_wconf 90' lang='lat' dir='ltr'><strong>locus,</strong></span> <span class='ocrx_word' id='word_1_116' title='bbox 1366 2404 1432 2455; x_wconf 92' lang='lat' dir='ltr'><strong>quem</strong></span> <span class='ocrx_word' id='word_1_117' title='bbox 1449 2407 1573 2458; x_wconf 84' lang='lat' dir='ltr'><strong>anortymns</strong></span> <span class='ocrx_word' id='word_1_118' title='bbox 1588 2410 1627 2461; x_wconf 92' lang='lat' dir='ltr'><strong>per</strong></span> <span class='ocrx_word' id='word_1_119' title='bbox 1641 2398 1770 2452; x_wconf 83' lang='lat' dir='ltr'><strong>hallucina-</strong></span> 
     </span>
     <span class='ocr_line' id='line_1_22' title="bbox 1036 2458 1769 2532; baseline 0.029 -25"><span class='ocrx_word' id='word_1_120' title='bbox 1036 2458 1117 2509; x_wconf 91' lang='lat' dir='ltr'><strong>tionem</strong></span> <span class='ocrx_word' id='word_1_121' title='bbox 1137 2466 1201 2526; x_wconf 84' lang='lat' dir='ltr'><strong>putat</strong></span> <span class='ocrx_word' id='word_1_122' title='bbox 1214 2464 1397 2526; x_wconf 72' lang='lat' dir='ltr'><strong>alexandrinum,</strong></span> <span class='ocrx_word' id='word_1_123' title='bbox 1413 2480 1440 2517; x_wconf 87' lang='lat' dir='ltr'><strong>ex</strong></span> <span class='ocrx_word' id='word_1_124' title='bbox 1463 2468 1558 2532; x_wconf 87' lang='lat' dir='ltr'><strong>epistula</strong></span> <span class='ocrx_word' id='word_1_125' title='bbox 1584 2472 1612 2521; x_wconf 89' lang='lat' dir='ltr'><strong>ad</strong></span> <span class='ocrx_word' id='word_1_126' title='bbox 1635 2472 1723 2526; x_wconf 83' lang='lat' dir='ltr'><strong>Caium.</strong></span> <span class='ocrx_word' id='word_1_127' title='bbox 1743 2477 1769 2528; x_wconf 84' lang='lat' dir='ltr'><strong>t.</strong></span> 
     </span>
     <span class='ocr_line' id='line_1_23' title="bbox 1037 2535 1770 2613; baseline 0.027 -29"><span class='ocrx_word' id='word_1_128' title='bbox 1037 2535 1099 2586; x_wconf 84' lang='lat' dir='ltr'><strong>dlius</strong></span> <span class='ocrx_word' id='word_1_129' title='bbox 1113 2536 1213 2601; x_wconf 82' lang='lat' dir='ltr'><strong>ejusdcm</strong></span> <span class='ocrx_word' id='word_1_130' title='bbox 1227 2545 1306 2605; x_wconf 88' lang='lat' dir='ltr'><strong>stupor</strong></span> <span class='ocrx_word' id='word_1_131' title='bbox 1321 2539 1349 2590; x_wconf 88' lang='lat' dir='ltr'><strong>de</strong></span> <span class='ocrx_word' id='word_1_132' title='bbox 1360 2540 1438 2592; x_wconf 87' lang='lat' dir='ltr'><strong>eodem</strong></span> <span class='ocrx_word' id='word_1_133' title='bbox 1453 2542 1568 2610; x_wconf 79' lang='lat' dir='ltr'><strong>Dionysio.</strong></span> <span class='ocrx_word' id='word_1_134' title='bbox 1584 2553 1607 2597; x_wconf 92' lang='lat' dir='ltr'><strong>et</strong></span> <span class='ocrx_word' id='word_1_135' title='bbox 1621 2547 1678 2613; x_wconf 79' lang='lat' dir='ltr'><strong>Cyro</strong></span> <span class='ocrx_word' id='word_1_136' title='bbox 1687 2551 1770 2603; x_wconf 86' lang='lat' dir='ltr'><strong>hlono·</strong></span> 
     </span>
     <span class='ocr_line' id='line_1_24' title="bbox 1036 2610 1765 2683; baseline 0.023 -22"><span class='ocrx_word' id='word_1_137' title='bbox 1036 2610 1127 2663; x_wconf 81' lang='lat' dir='ltr'><strong>tholeta.</strong></span> <span class='ocrx_word' id='word_1_138' title='bbox 1148 2615 1173 2665; x_wconf 86' lang='lat'><strong>5.</strong></span> <span class='ocrx_word' id='word_1_139' title='bbox 1191 2614 1249 2664; x_wconf 82' lang='lat' dir='ltr'><strong>&#39;lum</strong></span> <span class='ocrx_word' id='word_1_140' title='bbox 1263 2628 1380 2680; x_wconf 78' lang='lat' dir='ltr'><strong>perperam</strong></span> <span class='ocrx_word' id='word_1_141' title='bbox 1394 2616 1537 2683; x_wconf 82' lang='lat' dir='ltr'><strong>Eutychiana</strong></span> <span class='ocrx_word' id='word_1_142' title='bbox 1555 2620 1613 2673; x_wconf 87' lang='lat' dir='ltr'><strong>labis</strong></span> <span class='ocrx_word' id='word_1_143' title='bbox 1627 2624 1683 2675; x_wconf 89' lang='lat' dir='ltr'><strong>alios</strong></span> <span class='ocrx_word' id='word_1_144' title='bbox 1701 2626 1765 2679; x_wconf 92' lang='lat' dir='ltr'><strong>iucu-</strong></span> 
     </span>
    </p>
   </div>
   <div class='ocr_carea' id='block_1_11' title="bbox 1033 2694 1768 2753">
    <p class='ocr_par' dir='ltr' id='par_1_11' title="bbox 1033 2694 1768 2753">
     <span class='ocr_line' id='line_1_25' title="bbox 1033 2694 1768 2753; baseline 0.019 -14"><span class='ocrx_word' id='word_1_145' title='bbox 1033 2694 1077 2739; x_wconf 90' lang='lat' dir='ltr'><strong>sat.</strong></span> <span class='ocrx_word' id='word_1_146' title='bbox 1736 2704 1768 2753; x_wconf 71' lang='lat'><strong>22</strong></span> 
     </span>
    </p>
   </div>
   <div class='ocr_carea' id='block_1_12' title="bbox 185 2762 1772 2844">
    <p class='ocr_par' dir='ltr' id='par_1_12' title="bbox 185 2762 1772 2844">
     <span class='ocr_line' id='line_1_26' title="bbox 185 2762 1772 2844; baseline 0.012 -19"><span class='ocrx_word' id='word_1_147' title='bbox 185 2773 307 2839; x_wconf 88' lang='lat' dir='ltr'><strong>Exponitur</strong></span> <span class='ocrx_word' id='word_1_148' title='bbox 330 2770 381 2822; x_wconf 93' lang='lat' dir='ltr'><strong>lihri</strong></span> <span class='ocrx_word' id='word_1_149' title='bbox 408 2771 474 2836; x_wconf 85' lang='lat' dir='ltr'><strong>hujus</strong></span> <span class='ocrx_word' id='word_1_150' title='bbox 496 2774 663 2834; x_wconf 74' lang='lat' dir='ltr'><strong>argumentum,</strong></span> <span class='ocrx_word' id='word_1_151' title='bbox 691 2777 713 2821; x_wconf 94' lang='lat' dir='ltr'><strong>et</strong></span> <span class='ocrx_word' id='word_1_152' title='bbox 740 2770 853 2823; x_wconf 88' lang='lat' dir='ltr'><strong>scribendi</strong></span> <span class='ocrx_word' id='word_1_153' title='bbox 873 2785 950 2824; x_wconf 89' lang='lat' dir='ltr'><strong>causa.</strong></span> <span class='ocrx_word' id='word_1_154' title='bbox 1002 2762 1088 2815; x_wconf 81' lang='lat' dir='ltr'><strong>erur</strong></span> <span class='ocrx_word' id='word_1_155' title='bbox 1101 2764 1128 2813; x_wconf 79' lang='lat' dir='ltr'><strong>V·</strong></span> <span class='ocrx_word' id='word_1_156' title='bbox 1148 2763 1181 2814; x_wconf 64' lang='lat' dir='ltr'><strong>ld</strong></span> <span class='ocrx_word' id='word_1_157' title='bbox 1195 2764 1270 2830; x_wconf 65' lang='lat' dir='ltr'><strong>Cisim</strong></span> <span class='ocrx_word' id='word_1_158' title='bbox 1294 2766 1446 2818; x_wconf 62' lang='lat' dir='ltr'><strong>dlflsssslffilm</strong></span> <span class='ocrx_word' id='word_1_159' title='bbox 1461 2776 1600 2836; x_wconf 62' lang='lat' dir='ltr'><strong>llloel&#39;lfllur</strong></span> <span class='ocrx_word' id='word_1_160' title='bbox 1616 2774 1690 2826; x_wconf 60' lang='lat' dir='ltr'><strong>allius</strong></span> <span class='ocrx_word' id='word_1_161' title='bbox 1702 2791 1772 2844; x_wconf 61' lang='grc' dir='ltr'>01Ρο-</span> 
     </span>
    </p>
   </div>
   <div class='ocr_carea' id='block_1_13' title="bbox 183 2846 954 5556">
    <p class='ocr_par' dir='ltr' id='par_1_13' title="bbox 183 2846 954 5556">
     <span class='ocr_line' id='line_1_27' title="bbox 218 2846 951 2913; baseline -0.005 -12"><span class='ocrx_word' id='word_1_162' title='bbox 218 2848 348 2913; x_wconf 71' lang='lat' dir='ltr'><strong>Cuiusmodi</strong></span> <span class='ocrx_word' id='word_1_163' title='bbox 369 2848 426 2899; x_wconf 89' lang='lat' dir='ltr'><strong>liber</strong></span> <span class='ocrx_word' id='word_1_164' title='bbox 441 2846 470 2897; x_wconf 88' lang='lat' dir='ltr'><strong>ah</strong></span> <span class='ocrx_word' id='word_1_165' title='bbox 493 2860 604 2911; x_wconf 89' lang='lat' dir='ltr'><strong>anonymo</strong></span> <span class='ocrx_word' id='word_1_166' title='bbox 617 2846 727 2911; x_wconf 88' lang='lat' dir='ltr'><strong>scriptore</strong></span> <span class='ocrx_word' id='word_1_167' title='bbox 741 2855 820 2898; x_wconf 87' lang='lat' dir='ltr'><strong>contra</strong></span> <span class='ocrx_word' id='word_1_168' title='bbox 835 2847 951 2913; x_wconf 75' lang='lat' dir='ltr'><strong>cyrillum,</strong></span> 
     </span>
     <span class='ocr_line' id='line_1_28' title="bbox 218 2920 948 2991; baseline -0.015 -15"><span class='ocrx_word' id='word_1_169' title='bbox 218 2930 241 2977; x_wconf 93' lang='lat' dir='ltr'><strong>et</strong></span> <span class='ocrx_word' id='word_1_170' title='bbox 253 2924 387 2991; x_wconf 89' lang='lat' dir='ltr'><strong>Ephesiuam</strong></span> <span class='ocrx_word' id='word_1_171' title='bbox 402 2922 510 2989; x_wconf 89' lang='lat' dir='ltr'><strong>synodum</strong></span> <span class='ocrx_word' id='word_1_172' title='bbox 525 2921 555 2971; x_wconf 89' lang='lat' dir='ltr'><strong>sit</strong></span> <span class='ocrx_word' id='word_1_173' title='bbox 567 2920 648 2971; x_wconf 90' lang='lat' dir='ltr'><strong>editus.</strong></span> <span class='ocrx_word' id='word_1_174' title='bbox 937 2922 948 2971; x_wconf 84' lang='grc'>1</span> 
     </span>
     <span class='ocr_line' id='line_1_29' title="bbox 185 2995 953 3066; baseline -0.009 -12"><span class='ocrx_word' id='word_1_175' title='bbox 185 3001 270 3054; x_wconf 66' lang='lat' dir='ltr'><strong>meur</strong></span> <span class='ocrx_word' id='word_1_176' title='bbox 283 3003 302 3053; x_wconf 92' lang='lat' dir='ltr'><strong>l.</strong></span> <span class='ocrx_word' id='word_1_177' title='bbox 322 3002 354 3052; x_wconf 85' lang='lat' dir='ltr'><strong>lie</strong></span> <span class='ocrx_word' id='word_1_178' title='bbox 373 2998 487 3066; x_wconf 72' lang='lat' dir='ltr'><strong>hypostasi</strong></span> <span class='ocrx_word' id='word_1_179' title='bbox 504 3003 526 3048; x_wconf 90' lang='lat' dir='ltr'><strong>et</strong></span> <span class='ocrx_word' id='word_1_180' title='bbox 547 2997 597 3047; x_wconf 90' lang='lat' dir='ltr'><strong>usia</strong></span> <span class='ocrx_word' id='word_1_181' title='bbox 623 2995 758 3060; x_wconf 88' lang='lat' dir='ltr'><strong>disputatur.</strong></span> <span class='ocrx_word' id='word_1_182' title='bbox 781 2997 806 3046; x_wconf 78' lang='lat'><strong>2.</strong></span> <span class='ocrx_word' id='word_1_183' title='bbox 823 2997 953 3062; x_wconf 81' lang='lat' dir='ltr'><strong>hypostasis</strong></span> 
     </span>
     <span class='ocr_line' id='line_1_30' title="bbox 217 3071 952 3140; baseline -0.01 -11"><span class='ocrx_word' id='word_1_184' title='bbox 217 3079 284 3131; x_wconf 78' lang='lat' dir='ltr'><strong>uaria</strong></span> <span class='ocrx_word' id='word_1_185' title='bbox 298 3079 401 3128; x_wconf 90' lang='lat' dir='ltr'><strong>notiones</strong></span> <span class='ocrx_word' id='word_1_186' title='bbox 414 3074 529 3140; x_wconf 77' lang='lat' dir='ltr'><strong>exposite.</strong></span> <span class='ocrx_word' id='word_1_187' title='bbox 546 3073 570 3122; x_wconf 86' lang='grc'><strong>3.</strong></span> <span class='ocrx_word' id='word_1_188' title='bbox 589 3071 716 3133; x_wconf 79' lang='lat' dir='ltr'><strong>Quomodo,</strong></span> <span class='ocrx_word' id='word_1_189' title='bbox 735 3077 758 3122; x_wconf 89' lang='lat' dir='ltr'><strong>ct</strong></span> <span class='ocrx_word' id='word_1_190' title='bbox 771 3073 859 3137; x_wconf 91' lang='lat' dir='ltr'><strong>quaudo</strong></span> <span class='ocrx_word' id='word_1_191' title='bbox 877 3072 952 3136; x_wconf 88' lang='lat' dir='ltr'><strong>signi-</strong></span> 
     </span>
     <span class='ocr_line' id='line_1_31' title="bbox 217 3146 951 3215; baseline -0.008 -11"><span class='ocrx_word' id='word_1_192' title='bbox 217 3155 321 3206; x_wconf 85' lang='lat' dir='ltr'><strong>ficatione</strong></span> <span class='ocrx_word' id='word_1_193' title='bbox 332 3152 439 3215; x_wconf 74' lang='lat' dir='ltr'><strong>distingui</strong></span> <span class='ocrx_word' id='word_1_194' title='bbox 457 3149 526 3215; x_wconf 77' lang='lat' dir='ltr'><strong>coepit</strong></span> <span class='ocrx_word' id='word_1_195' title='bbox 539 3147 567 3198; x_wconf 92' lang='lat' dir='ltr'><strong>ab</strong></span> <span class='ocrx_word' id='word_1_196' title='bbox 582 3146 638 3196; x_wconf 89' lang='lat' dir='ltr'><strong>usia.</strong></span> <span class='ocrx_word' id='word_1_197' title='bbox 652 3146 675 3196; x_wconf 85' lang='lat' dir='ltr'><strong>t.</strong></span> <span class='ocrx_word' id='word_1_198' title='bbox 689 3146 759 3197; x_wconf 84' lang='lat' dir='ltr'><strong>Etiam</strong></span> <span class='ocrx_word' id='word_1_199' title='bbox 770 3153 821 3199; x_wconf 76' lang='lat' dir='ltr'><strong>anm</strong></span> <span class='ocrx_word' id='word_1_200' title='bbox 839 3153 951 3212; x_wconf 81' lang='lat' dir='ltr'><strong>receptam</strong></span> 
     </span>
     <span class='ocr_line' id='line_1_32' title="bbox 218 3220 954 3294; baseline -0.011 -13"><span class='ocrx_word' id='word_1_201' title='bbox 218 3230 334 3294; x_wconf 88' lang='lat' dir='ltr'><strong>utriusque</strong></span> <span class='ocrx_word' id='word_1_202' title='bbox 344 3227 524 3287; x_wconf 72' lang='lat' dir='ltr'><strong>differentiama</strong></span> <span class='ocrx_word' id='word_1_203' title='bbox 538 3227 617 3273; x_wconf 89' lang='lat' dir='ltr'><strong>natura</strong></span> <span class='ocrx_word' id='word_1_204' title='bbox 631 3220 759 3273; x_wconf 84' lang='lat' dir='ltr'><strong>distinctam</strong></span> <span class='ocrx_word' id='word_1_205' title='bbox 769 3223 838 3274; x_wconf 90' lang='lat' dir='ltr'><strong>luisse</strong></span> <span class='ocrx_word' id='word_1_206' title='bbox 848 3223 954 3288; x_wconf 87' lang='lat' dir='ltr'><strong>hyposta-</strong></span> 
     </span>
     <span class='ocr_line' id='line_1_33' title="bbox 217 3294 950 3367; baseline -0.011 -11"><span class='ocrx_word' id='word_1_207' title='bbox 217 3305 269 3357; x_wconf 87' lang='lat' dir='ltr'><strong>sim.</strong></span> <span class='ocrx_word' id='word_1_208' title='bbox 289 3307 313 3355; x_wconf 85' lang='lat'><strong>5.</strong></span> <span class='ocrx_word' id='word_1_209' title='bbox 329 3304 406 3367; x_wconf 88' lang='lat' dir='ltr'><strong>Neque</strong></span> <span class='ocrx_word' id='word_1_210' title='bbox 422 3302 509 3367; x_wconf 86' lang='lat' dir='ltr'><strong>penitus</strong></span> <span class='ocrx_word' id='word_1_211' title='bbox 526 3313 577 3350; x_wconf 91' lang='lat' dir='ltr'><strong>cum</strong></span> <span class='ocrx_word' id='word_1_212' title='bbox 598 3294 668 3365; x_wconf 65' lang='grc' dir='ltr'>οὐσίᾳ</span> <span class='ocrx_word' id='word_1_213' title='bbox 691 3298 818 3363; x_wconf 88' lang='lat' dir='ltr'><strong>promiscue</strong></span> <span class='ocrx_word' id='word_1_214' title='bbox 841 3297 950 3348; x_wconf 88' lang='lat' dir='ltr'><strong>habitam.</strong></span> 
     </span>
     <span class='ocr_line' id='line_1_34' title="bbox 217 3373 951 3446; baseline -0.01 -14"><span class='ocrx_word' id='word_1_215' title='bbox 217 3383 242 3432; x_wconf 85' lang='lat' dir='ltr'><strong>u.</strong></span> <span class='ocrx_word' id='word_1_216' title='bbox 258 3380 387 3446; x_wconf 81' lang='lat' dir='ltr'><strong>Explicatur</strong></span> <span class='ocrx_word' id='word_1_217' title='bbox 400 3375 526 3443; x_wconf 78' lang='lat' dir='ltr'><strong>hypostasis</strong></span> <span class='ocrx_word' id='word_1_218' title='bbox 539 3389 591 3425; x_wconf 82' lang='lat' dir='ltr'><strong>vera</strong></span> <span class='ocrx_word' id='word_1_219' title='bbox 609 3375 665 3426; x_wconf 89' lang='lat' dir='ltr'><strong>ratio</strong></span> <span class='ocrx_word' id='word_1_220' title='bbox 681 3391 687 3424; x_wconf 71' lang='grc' dir='ltr'><em>ι</em></span> <span class='ocrx_word' id='word_1_221' title='bbox 709 3388 778 3439; x_wconf 91' lang='lat' dir='ltr'><strong>eaque</strong></span> <span class='ocrx_word' id='word_1_222' title='bbox 793 3373 883 3439; x_wconf 85' lang='lat' dir='ltr'><strong>duplex,</strong></span> <span class='ocrx_word' id='word_1_223' title='bbox 904 3379 951 3425; x_wconf 89' lang='lat' dir='ltr'><strong>tum</strong></span> 
     </span>
     <span class='ocr_line' id='line_1_35' title="bbox 217 3448 951 3517; baseline -0.014 -9"><span class='ocrx_word' id='word_1_224' title='bbox 217 3462 242 3509; x_wconf 93' lang='lat' dir='ltr'><strong>ut</strong></span> <span class='ocrx_word' id='word_1_225' title='bbox 254 3462 356 3507; x_wconf 88' lang='lat' dir='ltr'><strong>naturam</strong></span> <span class='ocrx_word' id='word_1_226' title='bbox 366 3448 513 3512; x_wconf 81' lang='lat' dir='ltr'><strong>individuam,</strong></span> <span class='ocrx_word' id='word_1_227' title='bbox 529 3454 552 3500; x_wconf 92' lang='lat' dir='ltr'><strong>et</strong></span> <span class='ocrx_word' id='word_1_228' title='bbox 566 3451 640 3517; x_wconf 91' lang='lat' dir='ltr'><strong>reipsa</strong></span> <span class='ocrx_word' id='word_1_229' title='bbox 650 3454 781 3512; x_wconf 85' lang='lat' dir='ltr'><strong>exstantem,</strong></span> <span class='ocrx_word' id='word_1_230' title='bbox 797 3455 843 3500; x_wconf 89' lang='lat' dir='ltr'><strong>tum</strong></span> <span class='ocrx_word' id='word_1_231' title='bbox 858 3454 951 3515; x_wconf 91' lang='lat' dir='ltr'><strong>utsup-</strong></span> 
     </span>
     <span class='ocr_line' id='line_1_36' title="bbox 218 3524 951 3597; baseline -0.01 -15"><span class='ocrx_word' id='word_1_232' title='bbox 218 3532 315 3597; x_wconf 90' lang='lat' dir='ltr'><strong>positum</strong></span> <span class='ocrx_word' id='word_1_233' title='bbox 334 3529 458 3595; x_wconf 65' lang='lat' dir='ltr'><strong>significet?</strong></span> <span class='ocrx_word' id='word_1_234' title='bbox 478 3527 502 3577; x_wconf 86' lang='lat' dir='ltr'><strong>i.</strong></span> <span class='ocrx_word' id='word_1_235' title='bbox 525 3526 651 3591; x_wconf 88' lang='lat' dir='ltr'><strong>Utrumque</strong></span> <span class='ocrx_word' id='word_1_236' title='bbox 674 3525 842 3576; x_wconf 78' lang='lat' dir='ltr'><strong>illustratores</strong></span> <span class='ocrx_word' id='word_1_237' title='bbox 864 3524 951 3575; x_wconf 83' lang='lat' dir='ltr'><strong>Joanue</strong></span> 
     </span>
     <span class='ocr_line' id='line_1_37' title="bbox 218 3599 952 3667; baseline -0.011 -10"><span class='ocrx_word' id='word_1_238' title='bbox 218 3607 366 3667; x_wconf 80' lang='lat' dir='ltr'><strong>Damascene,</strong></span> <span class='ocrx_word' id='word_1_239' title='bbox 384 3610 407 3655; x_wconf 91' lang='lat' dir='ltr'><strong>et</strong></span> <span class='ocrx_word' id='word_1_240' title='bbox 423 3602 473 3653; x_wconf 88' lang='lat' dir='ltr'><strong>aliis</strong></span> <span class='ocrx_word' id='word_1_241' title='bbox 492 3600 610 3665; x_wconf 88' lang='lat' dir='ltr'><strong>theologis.</strong></span> <span class='ocrx_word' id='word_1_242' title='bbox 633 3600 660 3649; x_wconf 84' lang='grc'><strong>8.</strong></span> <span class='ocrx_word' id='word_1_243' title='bbox 685 3600 848 3665; x_wconf 85' lang='lat' dir='ltr'><strong>Nonnunquam</strong></span> <span class='ocrx_word' id='word_1_244' title='bbox 873 3599 952 3650; x_wconf 85' lang='lat' dir='ltr'><strong>Patres</strong></span> 
     </span>
     <span class='ocr_line' id='line_1_38' title="bbox 217 3675 950 3748; baseline -0.014 -14"><span class='ocrx_word' id='word_1_245' title='bbox 217 3681 342 3748; x_wconf 86' lang='lat' dir='ltr'><strong>hypostasis</strong></span> <span class='ocrx_word' id='word_1_246' title='bbox 357 3694 406 3731; x_wconf 88' lang='lat' dir='ltr'><strong>earn</strong></span> <span class='ocrx_word' id='word_1_247' title='bbox 427 3677 540 3729; x_wconf 86' lang='lat' dir='ltr'><strong>notionem</strong></span> <span class='ocrx_word' id='word_1_248' title='bbox 561 3679 688 3737; x_wconf 88' lang='lat' dir='ltr'><strong>assumunt,</strong></span> <span class='ocrx_word' id='word_1_249' title='bbox 709 3690 776 3741; x_wconf 91' lang='lat' dir='ltr'><strong>quam</strong></span> <span class='ocrx_word' id='word_1_250' title='bbox 793 3675 826 3725; x_wconf 90' lang='lat' dir='ltr'><strong>illi</strong></span> <span class='ocrx_word' id='word_1_251' title='bbox 844 3675 950 3736; x_wconf 83' lang='lat' dir='ltr'><strong>retinent,</strong></span> 
     </span>
     <span class='ocr_line' id='line_1_39' title="bbox 217 3749 950 3822; baseline -0.014 -12"><span class='ocrx_word' id='word_1_252' title='bbox 217 3764 296 3811; x_wconf 86' lang='lat' dir='ltr'><strong>cuutra</strong></span> <span class='ocrx_word' id='word_1_253' title='bbox 305 3771 363 3822; x_wconf 92' lang='lat' dir='ltr'><strong>qnos</strong></span> <span class='ocrx_word' id='word_1_254' title='bbox 372 3756 494 3821; x_wconf 89' lang='lat' dir='ltr'><strong>disputant.</strong></span> <span class='ocrx_word' id='word_1_255' title='bbox 935 3749 950 3800; x_wconf 81' lang='lat'><strong>3</strong></span> 
     </span>
     <span class='ocr_line' id='line_1_40' title="bbox 184 3825 950 3892; baseline -0.013 -7"><span class='ocrx_word' id='word_1_256' title='bbox 184 3832 269 3885; x_wconf 81' lang='lat' dir='ltr'><strong>Ceron</strong></span> <span class='ocrx_word' id='word_1_257' title='bbox 284 3833 313 3883; x_wconf 93' lang='lat' dir='ltr'><strong>ll.</strong></span> <span class='ocrx_word' id='word_1_258' title='bbox 332 3832 364 3882; x_wconf 83' lang='lat' dir='ltr'><strong>lle</strong></span> <span class='ocrx_word' id='word_1_259' title='bbox 383 3845 425 3882; x_wconf 90' lang='lat' dir='ltr'><strong>usu</strong></span> <span class='ocrx_word' id='word_1_260' title='bbox 440 3829 537 3880; x_wconf 91' lang='lat' dir='ltr'><strong>nominis</strong></span> <span class='ocrx_word' id='word_1_261' title='bbox 549 3826 695 3892; x_wconf 87' lang='lat' dir='ltr'><strong>hypostaseos</strong></span> <span class='ocrx_word' id='word_1_262' title='bbox 714 3826 774 3891; x_wconf 90' lang='lat' dir='ltr'><strong>apud</strong></span> <span class='ocrx_word' id='word_1_263' title='bbox 788 3825 907 3888; x_wconf 72' lang='lat' dir='ltr'><strong>cyrillum.</strong></span> <span class='ocrx_word' id='word_1_264' title='bbox 924 3826 950 3876; x_wconf 90' lang='lat' dir='ltr'><strong>l.</strong></span> 
     </span>
     <span class='ocr_line' id='line_1_41' title="bbox 218 3900 950 3970; baseline -0.014 -10"><span class='ocrx_word' id='word_1_265' title='bbox 218 3909 319 3960; x_wconf 87' lang='lat' dir='ltr'><strong>Primum</strong></span> <span class='ocrx_word' id='word_1_266' title='bbox 339 3908 362 3957; x_wconf 94' lang='lat' dir='ltr'><strong>in</strong></span> <span class='ocrx_word' id='word_1_267' title='bbox 389 3905 479 3969; x_wconf 90' lang='lat' dir='ltr'><strong>dialogo</strong></span> <span class='ocrx_word' id='word_1_268' title='bbox 502 3904 575 3970; x_wconf 91' lang='lat' dir='ltr'><strong>primo</strong></span> <span class='ocrx_word' id='word_1_269' title='bbox 597 3903 624 3954; x_wconf 93' lang='lat' dir='ltr'><strong>de</strong></span> <span class='ocrx_word' id='word_1_270' title='bbox 644 3902 768 3962; x_wconf 83' lang='lat' dir='ltr'><strong>Trinitate;</strong></span> <span class='ocrx_word' id='word_1_271' title='bbox 787 3902 812 3951; x_wconf 72' lang='grc' dir='ltr'><strong>Ξ.</strong></span> <span class='ocrx_word' id='word_1_272' title='bbox 833 3901 913 3951; x_wconf 91' lang='lat' dir='ltr'><strong>deiude</strong></span> <span class='ocrx_word' id='word_1_273' title='bbox 927 3900 950 3951; x_wconf 91' lang='lat' dir='ltr'><strong>in</strong></span> 
     </span>
     <span class='ocr_line' id='line_1_42' title="bbox 216 3975 951 4039; baseline -0.012 -4"><span class='ocrx_word' id='word_1_274' title='bbox 216 3984 281 4035; x_wconf 88' lang='lat' dir='ltr'><strong>libris</strong></span> <span class='ocrx_word' id='word_1_275' title='bbox 298 3988 377 4035; x_wconf 89' lang='lat' dir='ltr'><strong>contra</strong></span> <span class='ocrx_word' id='word_1_276' title='bbox 390 3982 534 4039; x_wconf 66' lang='lat' dir='ltr'><strong>Nestorium</strong></span> <span class='ocrx_word' id='word_1_277' title='bbox 551 3979 575 4029; x_wconf 79' lang='lat' dir='ltr'><strong>a.</strong></span> <span class='ocrx_word' id='word_1_278' title='bbox 595 3983 619 4029; x_wconf 91' lang='lat' dir='ltr'><strong>et</strong></span> <span class='ocrx_word' id='word_1_279' title='bbox 643 3977 665 4027; x_wconf 91' lang='lat' dir='ltr'><strong>iu</strong></span> <span class='ocrx_word' id='word_1_280' title='bbox 688 3977 740 4029; x_wconf 91' lang='lat' dir='ltr'><strong>aliis</strong></span> <span class='ocrx_word' id='word_1_281' title='bbox 756 3977 823 4029; x_wconf 90' lang='lat' dir='ltr'><strong>loeis.</strong></span> <span class='ocrx_word' id='word_1_282' title='bbox 843 3976 858 4026; x_wconf 82' lang='lat' dir='ltr'><strong>t</strong></span> <span class='ocrx_word' id='word_1_283' title='bbox 893 3975 951 4034; x_wconf 78' lang='lat' dir='ltr'><strong>Quid</strong></span> 
     </span>
     <span class='ocr_line' id='line_1_43' title="bbox 217 4050 949 4120; baseline -0.015 -9"><span class='ocrx_word' id='word_1_284' title='bbox 217 4061 246 4111; x_wconf 85' lang='lat' dir='ltr'><strong>sit</strong></span> <span class='ocrx_word' id='word_1_285' title='bbox 265 4058 335 4109; x_wconf 91' lang='lat' dir='ltr'><strong>unitio</strong></span> <span class='ocrx_word' id='word_1_286' title='bbox 350 4056 474 4110; x_wconf 81' lang='lat' dir='ltr'><strong>secundani</strong></span> <span class='ocrx_word' id='word_1_287' title='bbox 489 4053 627 4120; x_wconf 78' lang='lat' dir='ltr'><strong>hypostasim</strong></span> <span class='ocrx_word' id='word_1_288' title='bbox 641 4053 700 4118; x_wconf 90' lang='lat' dir='ltr'><strong>apud</strong></span> <span class='ocrx_word' id='word_1_289' title='bbox 713 4052 816 4103; x_wconf 89' lang='lat' dir='ltr'><strong>eumdem</strong></span> <span class='ocrx_word' id='word_1_290' title='bbox 827 4050 949 4115; x_wconf 85' lang='lat' dir='ltr'><strong>Cyrillum;</strong></span> 
     </span>
     <span class='ocr_line' id='line_1_44' title="bbox 216 4125 949 4201; baseline -0.015 -15"><span class='ocrx_word' id='word_1_291' title='bbox 216 4136 254 4201; x_wconf 91' lang='lat' dir='ltr'><strong>qui</strong></span> <span class='ocrx_word' id='word_1_292' title='bbox 269 4135 330 4185; x_wconf 88' lang='lat' dir='ltr'><strong>illam</strong></span> <span class='ocrx_word' id='word_1_293' title='bbox 344 4148 385 4200; x_wconf 93' lang='lat' dir='ltr'><strong>pro</strong></span> <span class='ocrx_word' id='word_1_294' title='bbox 404 4146 467 4187; x_wconf 84' lang='lat' dir='ltr'><strong>uera.</strong></span> <span class='ocrx_word' id='word_1_295' title='bbox 490 4135 522 4191; x_wconf 91' lang='lat' dir='ltr'><strong>et,</strong></span> <span class='ocrx_word' id='word_1_296' title='bbox 551 4134 575 4179; x_wconf 92' lang='lat' dir='ltr'><strong>ut</strong></span> <span class='ocrx_word' id='word_1_297' title='bbox 601 4133 691 4187; x_wconf 80' lang='lat' dir='ltr'><strong>uocant,</strong></span> <span class='ocrx_word' id='word_1_298' title='bbox 720 4126 774 4177; x_wconf 85' lang='lat' dir='ltr'><strong>reali</strong></span> <span class='ocrx_word' id='word_1_299' title='bbox 800 4126 904 4192; x_wconf 89' lang='lat' dir='ltr'><strong>sumpsit.</strong></span> <span class='ocrx_word' id='word_1_300' title='bbox 924 4125 949 4175; x_wconf 85' lang='lat' dir='ltr'><strong>o.</strong></span> 
     </span>
     <span class='ocr_line' id='line_1_45' title="bbox 218 4201 950 4277; baseline -0.014 -15"><span class='ocrx_word' id='word_1_301' title='bbox 218 4211 348 4277; x_wconf 73' lang='lat' dir='ltr'><strong>Explicatur</strong></span> <span class='ocrx_word' id='word_1_302' title='bbox 364 4207 472 4260; x_wconf 85' lang='lat' dir='ltr'><strong>unitionis</strong></span> <span class='ocrx_word' id='word_1_303' title='bbox 489 4204 628 4256; x_wconf 82' lang='lat' dir='ltr'><strong>Nestoriaua</strong></span> <span class='ocrx_word' id='word_1_304' title='bbox 641 4203 713 4263; x_wconf 82' lang='lat' dir='ltr'><strong>ratio;</strong></span> <span class='ocrx_word' id='word_1_305' title='bbox 732 4203 756 4252; x_wconf 85' lang='lat' dir='ltr'><strong>i.</strong></span> <span class='ocrx_word' id='word_1_306' title='bbox 772 4208 818 4253; x_wconf 85' lang='lat' dir='ltr'><strong>tnnr</strong></span> <span class='ocrx_word' id='word_1_307' title='bbox 833 4201 950 4253; x_wconf 77' lang='lat' dir='ltr'><strong>catholicae</strong></span> 
     </span>
     <span class='ocr_line' id='line_1_46' title="bbox 216 4276 949 4351; baseline -0.014 -14"><span class='ocrx_word' id='word_1_308' title='bbox 216 4286 249 4336; x_wconf 91' lang='lat' dir='ltr'><strong>illi</strong></span> <span class='ocrx_word' id='word_1_309' title='bbox 266 4285 385 4351; x_wconf 80' lang='lat' dir='ltr'><strong>opposita.</strong></span> <span class='ocrx_word' id='word_1_310' title='bbox 402 4285 427 4335; x_wconf 83' lang='lat'><strong>8.</strong></span> <span class='ocrx_word' id='word_1_311' title='bbox 442 4282 569 4333; x_wconf 85' lang='lat' dir='ltr'><strong>illustratur</strong></span> <span class='ocrx_word' id='word_1_312' title='bbox 583 4278 678 4330; x_wconf 88' lang='lat' dir='ltr'><strong>eximius</strong></span> <span class='ocrx_word' id='word_1_313' title='bbox 690 4277 780 4342; x_wconf 90' lang='lat' dir='ltr'><strong>quidam</strong></span> <span class='ocrx_word' id='word_1_314' title='bbox 790 4276 866 4342; x_wconf 76' lang='lat' dir='ltr'><strong>cyrilli</strong></span> <span class='ocrx_word' id='word_1_315' title='bbox 876 4277 949 4338; x_wconf 90' lang='lat' dir='ltr'><strong>locus,</strong></span> 
     </span>
     <span class='ocr_line' id='line_1_47' title="bbox 216 4351 949 4427; baseline -0.016 -15"><span class='ocrx_word' id='word_1_316' title='bbox 216 4376 296 4427; x_wconf 85' lang='lat' dir='ltr'><strong>exque</strong></span> <span class='ocrx_word' id='word_1_317' title='bbox 310 4374 360 4427; x_wconf 81' lang='lat' dir='ltr'><strong>que</strong></span> <span class='ocrx_word' id='word_1_318' title='bbox 378 4363 431 4410; x_wconf 91' lang='lat' dir='ltr'><strong>sunt</strong></span> <span class='ocrx_word' id='word_1_319' title='bbox 447 4356 544 4408; x_wconf 86' lang='lat' dir='ltr'><strong>dictade</strong></span> <span class='ocrx_word' id='word_1_320' title='bbox 554 4355 653 4405; x_wconf 89' lang='lat' dir='ltr'><strong>unitione</strong></span> <span class='ocrx_word' id='word_1_321' title='bbox 667 4353 706 4404; x_wconf 89' lang='lat' dir='ltr'><strong>illa</strong></span> <span class='ocrx_word' id='word_1_322' title='bbox 716 4351 899 4418; x_wconf 86' lang='lat' dir='ltr'><strong>comprobantur.</strong></span> <span class='ocrx_word' id='word_1_323' title='bbox 936 4352 949 4401; x_wconf 82' lang='lat' dir='ltr'><strong>&#39;l</strong></span> 
     </span>
     <span class='ocr_line' id='line_1_48' title="bbox 183 4425 951 4499; baseline -0.013 -12"><span class='ocrx_word' id='word_1_324' title='bbox 183 4435 269 4489; x_wconf 73' lang='lat' dir='ltr'><strong>Gneus</strong></span> <span class='ocrx_word' id='word_1_325' title='bbox 283 4437 323 4487; x_wconf 94' lang='lat' dir='ltr'><strong>lll.</strong></span> <span class='ocrx_word' id='word_1_326' title='bbox 344 4437 367 4486; x_wconf 86' lang='lat' dir='ltr'><strong>l.</strong></span> <span class='ocrx_word' id='word_1_327' title='bbox 386 4433 482 4499; x_wconf 83' lang='lat' dir='ltr'><strong>Cyrillus</strong></span> <span class='ocrx_word' id='word_1_328' title='bbox 499 4429 662 4481; x_wconf 72' lang='lat' dir='ltr'><strong>Alexandrinus</strong></span> <span class='ocrx_word' id='word_1_329' title='bbox 683 4427 841 4479; x_wconf 73' lang='lat' dir='ltr'><strong>‘tritheitarum</strong></span> <span class='ocrx_word' id='word_1_330' title='bbox 857 4425 951 4477; x_wconf 76' lang='lat' dir='ltr'><strong>heresis</strong></span> 
     </span>
     <span class='ocr_line' id='line_1_49' title="bbox 217 4502 951 4572; baseline -0.014 -9"><span class='ocrx_word' id='word_1_331' title='bbox 217 4511 358 4562; x_wconf 89' lang='lat' dir='ltr'><strong>insimulatur</strong></span> <span class='ocrx_word' id='word_1_332' title='bbox 373 4509 402 4560; x_wconf 91' lang='lat' dir='ltr'><strong>ah</strong></span> <span class='ocrx_word' id='word_1_333' title='bbox 414 4520 538 4572; x_wconf 86' lang='lat' dir='ltr'><strong>anonymu;</strong></span> <span class='ocrx_word' id='word_1_334' title='bbox 554 4505 579 4555; x_wconf 78' lang='lat'><strong>2.</strong></span> <span class='ocrx_word' id='word_1_335' title='bbox 594 4503 634 4555; x_wconf 87' lang='lat' dir='ltr'><strong>sed</strong></span> <span class='ocrx_word' id='word_1_336' title='bbox 656 4503 733 4554; x_wconf 87' lang='lat' dir='ltr'><strong>eadem</strong></span> <span class='ocrx_word' id='word_1_337' title='bbox 748 4506 833 4553; x_wconf 85' lang='lat' dir='ltr'><strong>ratione</strong></span> <span class='ocrx_word' id='word_1_338' title='bbox 851 4502 951 4566; x_wconf 85' lang='lat' dir='ltr'><strong>reliquos</strong></span> 
     </span>
     <span class='ocr_line' id='line_1_50' title="bbox 217 4576 951 4651; baseline -0.014 -13"><span class='ocrx_word' id='word_1_339' title='bbox 217 4588 296 4638; x_wconf 79' lang='lat' dir='ltr'><strong>Patres</strong></span> <span class='ocrx_word' id='word_1_340' title='bbox 318 4589 436 4651; x_wconf 87' lang='lat' dir='ltr'><strong>suspectos</strong></span> <span class='ocrx_word' id='word_1_341' title='bbox 450 4581 512 4632; x_wconf 84' lang='lat' dir='ltr'><strong>reddi</strong></span> <span class='ocrx_word' id='word_1_342' title='bbox 532 4592 598 4645; x_wconf 89' lang='lat' dir='ltr'><strong>posse</strong></span> <span class='ocrx_word' id='word_1_343' title='bbox 618 4584 762 4630; x_wconf 89' lang='lat' dir='ltr'><strong>monstratur.</strong></span> <span class='ocrx_word' id='word_1_344' title='bbox 778 4577 803 4628; x_wconf 82' lang='lat'><strong>3.</strong></span> <span class='ocrx_word' id='word_1_345' title='bbox 828 4576 951 4642; x_wconf 87' lang='lat' dir='ltr'><strong>Exponitur</strong></span> 
     </span>
     <span class='ocr_line' id='line_1_51' title="bbox 216 4652 949 4717; baseline -0.015 -2"><span class='ocrx_word' id='word_1_346' title='bbox 216 4663 345 4715; x_wconf 82' lang='lat' dir='ltr'><strong>somniatirn</strong></span> <span class='ocrx_word' id='word_1_347' title='bbox 363 4660 446 4711; x_wconf 85' lang='lat' dir='ltr'><strong>hriana</strong></span> <span class='ocrx_word' id='word_1_348' title='bbox 471 4656 574 4717; x_wconf 76' lang='lat' dir='ltr'><strong>heresis,</strong></span> <span class='ocrx_word' id='word_1_349' title='bbox 605 4661 626 4705; x_wconf 88' lang='lat' dir='ltr'><strong>et</strong></span> <span class='ocrx_word' id='word_1_350' title='bbox 648 4656 756 4705; x_wconf 82' lang='lat' dir='ltr'><strong>aduersus</strong></span> <span class='ocrx_word' id='word_1_351' title='bbox 779 4653 837 4703; x_wconf 91' lang='lat' dir='ltr'><strong>hanc</strong></span> <span class='ocrx_word' id='word_1_352' title='bbox 850 4652 949 4704; x_wconf 72' lang='lat' dir='ltr'><strong>Nicaeum</strong></span> 
     </span>
     <span class='ocr_line' id='line_1_52' title="bbox 216 4726 947 4805; baseline -0.018 -14"><span class='ocrx_word' id='word_1_353' title='bbox 216 4739 295 4805; x_wconf 88' lang='lat' dir='ltr'><strong>synodi</strong></span> <span class='ocrx_word' id='word_1_354' title='bbox 308 4736 427 4789; x_wconf 82' lang='lat' dir='ltr'><strong>corxsilium</strong></span> <span class='ocrx_word' id='word_1_355' title='bbox 448 4734 471 4784; x_wconf 93' lang='lat' dir='ltr'><strong>iu</strong></span> <span class='ocrx_word' id='word_1_356' title='bbox 494 4730 627 4802; x_wconf 71' lang='lat' dir='ltr'><strong>epaenetus</strong></span> <span class='ocrx_word' id='word_1_357' title='bbox 649 4730 771 4783; x_wconf 86' lang='lat' dir='ltr'><strong>sanciendo</strong></span> <span class='ocrx_word' id='word_1_358' title='bbox 785 4726 908 4787; x_wconf 80' lang='lat' dir='ltr'><strong>uocabulo;</strong></span> <span class='ocrx_word' id='word_1_359' title='bbox 922 4727 947 4778; x_wconf 78' lang='lat' dir='ltr'><strong>d.</strong></span> 
     </span>
     <span class='ocr_line' id='line_1_53' title="bbox 215 4805 950 4881; baseline -0.02 -14"><span class='ocrx_word' id='word_1_360' title='bbox 215 4815 275 4881; x_wconf 91' lang='lat' dir='ltr'><strong>quod</strong></span> <span class='ocrx_word' id='word_1_361' title='bbox 301 4813 381 4865; x_wconf 88' lang='lat' dir='ltr'><strong>deinde</strong></span> <span class='ocrx_word' id='word_1_362' title='bbox 394 4811 474 4862; x_wconf 85' lang='lat' dir='ltr'><strong>Patres</strong></span> <span class='ocrx_word' id='word_1_363' title='bbox 491 4811 641 4871; x_wconf 80' lang='lat' dir='ltr'><strong>illustrarunt,</strong></span> <span class='ocrx_word' id='word_1_364' title='bbox 665 4805 804 4858; x_wconf 87' lang='lat' dir='ltr'><strong>enucleatius</strong></span> <span class='ocrx_word' id='word_1_365' title='bbox 816 4807 912 4854; x_wconf 73' lang='lat' dir='ltr'><strong>reaturo</strong></span> <span class='ocrx_word' id='word_1_366' title='bbox 925 4808 950 4854; x_wconf 89' lang='lat' dir='ltr'><strong>et</strong></span> 
     </span>
     <span class='ocr_line' id='line_1_54' title="bbox 216 4878 949 4956; baseline -0.018 -15"><span class='ocrx_word' id='word_1_367' title='bbox 216 4890 351 4956; x_wconf 80' lang='lat' dir='ltr'><strong>hypostasis</strong></span> <span class='ocrx_word' id='word_1_368' title='bbox 370 4888 461 4939; x_wconf 90' lang='lat' dir='ltr'><strong>nomina</strong></span> <span class='ocrx_word' id='word_1_369' title='bbox 486 4886 626 4937; x_wconf 88' lang='lat' dir='ltr'><strong>declarantes</strong></span> <span class='ocrx_word' id='word_1_370' title='bbox 648 4902 654 4934; x_wconf 71' lang='grc' dir='ltr'><strong>ι</strong></span> <span class='ocrx_word' id='word_1_371' title='bbox 676 4888 722 4934; x_wconf 90' lang='lat' dir='ltr'><strong>tum</strong></span> <span class='ocrx_word' id='word_1_372' title='bbox 736 4887 851 4944; x_wconf 87' lang='lat' dir='ltr'><strong>assumpta</strong></span> <span class='ocrx_word' id='word_1_373' title='bbox 864 4878 949 4930; x_wconf 91' lang='lat' dir='ltr'><strong>simili-</strong></span> 
     </span>
     <span class='ocr_line' id='line_1_55' title="bbox 217 4955 947 5024; baseline -0.019 -6"><span class='ocrx_word' id='word_1_374' title='bbox 217 4967 292 5018; x_wconf 88' lang='lat' dir='ltr'><strong>tudine</strong></span> <span class='ocrx_word' id='word_1_375' title='bbox 302 4970 387 5017; x_wconf 81' lang='lat' dir='ltr'><strong>naturae</strong></span> <span class='ocrx_word' id='word_1_376' title='bbox 401 4963 515 5024; x_wconf 83' lang='lat' dir='ltr'><strong>humanae,</strong></span> <span class='ocrx_word' id='word_1_377' title='bbox 526 4967 548 5012; x_wconf 91' lang='lat' dir='ltr'><strong>et</strong></span> <span class='ocrx_word' id='word_1_378' title='bbox 567 4962 588 5012; x_wconf 89' lang='lat' dir='ltr'><strong>ei</strong></span> <span class='ocrx_word' id='word_1_379' title='bbox 606 4960 757 5024; x_wconf 85' lang='lat' dir='ltr'><strong>subjectorum</strong></span> <span class='ocrx_word' id='word_1_380' title='bbox 771 4955 947 5016; x_wconf 84' lang='lat' dir='ltr'><strong>indiuiduorum,</strong></span> 
     </span>
     <span class='ocr_line' id='line_1_56' title="bbox 215 5033 947 5110; baseline -0.018 -15"><span class='ocrx_word' id='word_1_381' title='bbox 215 5050 325 5110; x_wconf 89' lang='lat' dir='ltr'><strong>quatenus</strong></span> <span class='ocrx_word' id='word_1_382' title='bbox 341 5041 459 5105; x_wconf 85' lang='lat' dir='ltr'><strong>utrobique</strong></span> <span class='ocrx_word' id='word_1_383' title='bbox 479 5054 598 5091; x_wconf 91' lang='lat' dir='ltr'><strong>commune</strong></span> <span class='ocrx_word' id='word_1_384' title='bbox 619 5038 680 5089; x_wconf 89' lang='lat' dir='ltr'><strong>aliud</strong></span> <span class='ocrx_word' id='word_1_385' title='bbox 699 5041 741 5095; x_wconf 90' lang='lat' dir='ltr'><strong>est,</strong></span> <span class='ocrx_word' id='word_1_386' title='bbox 759 5033 819 5085; x_wconf 92' lang='lat' dir='ltr'><strong>aliud</strong></span> <span class='ocrx_word' id='word_1_387' title='bbox 846 5034 947 5098; x_wconf 92' lang='lat' dir='ltr'><strong>particu-</strong></span> 
     </span>
     <span class='ocr_line' id='line_1_57' title="bbox 215 5108 946 5178; baseline -0.015 -8"><span class='ocrx_word' id='word_1_388' title='bbox 215 5120 271 5172; x_wconf 87' lang='lat' dir='ltr'><strong>lare.</strong></span> <span class='ocrx_word' id='word_1_389' title='bbox 297 5120 322 5168; x_wconf 83' lang='lat'><strong>5.</strong></span> <span class='ocrx_word' id='word_1_390' title='bbox 343 5117 391 5168; x_wconf 89' lang='lat' dir='ltr'><strong>Nec</strong></span> <span class='ocrx_word' id='word_1_391' title='bbox 414 5122 486 5167; x_wconf 89' lang='lat' dir='ltr'><strong>tamen</strong></span> <span class='ocrx_word' id='word_1_392' title='bbox 501 5115 562 5166; x_wconf 92' lang='lat' dir='ltr'><strong>oruni</strong></span> <span class='ocrx_word' id='word_1_393' title='bbox 582 5128 608 5164; x_wconf 85' lang='lat' dir='ltr'><strong>er</strong></span> <span class='ocrx_word' id='word_1_394' title='bbox 632 5118 693 5178; x_wconf 86' lang='lat' dir='ltr'><strong>parte</strong></span> <span class='ocrx_word' id='word_1_395' title='bbox 706 5110 829 5162; x_wconf 88' lang='lat' dir='ltr'><strong>similitudo</strong></span> <span class='ocrx_word' id='word_1_396' title='bbox 843 5108 946 5173; x_wconf 85' lang='lat' dir='ltr'><strong>quadrat,</strong></span> 
     </span>
     <span class='ocr_line' id='line_1_58' title="bbox 215 5187 949 5260; baseline -0.016 -14"><span class='ocrx_word' id='word_1_397' title='bbox 215 5208 287 5260; x_wconf 91' lang='lat' dir='ltr'><strong>neque</strong></span> <span class='ocrx_word' id='word_1_398' title='bbox 301 5195 380 5245; x_wconf 87' lang='lat' dir='ltr'><strong>Patres</strong></span> <span class='ocrx_word' id='word_1_399' title='bbox 393 5192 531 5243; x_wconf 84' lang='lat' dir='ltr'><strong>diuinitatem</strong></span> <span class='ocrx_word' id='word_1_400' title='bbox 542 5204 577 5241; x_wconf 90' lang='lat' dir='ltr'><strong>src</strong></span> <span class='ocrx_word' id='word_1_401' title='bbox 590 5187 737 5239; x_wconf 79' lang='lat' dir='ltr'><strong>universalem</strong></span> <span class='ocrx_word' id='word_1_402' title='bbox 746 5189 879 5246; x_wconf 83' lang='lat' dir='ltr'><strong>statuerunt,</strong></span> <span class='ocrx_word' id='word_1_403' title='bbox 893 5197 949 5249; x_wconf 91' lang='lat' dir='ltr'><strong>quc·</strong></span> 
     </span>
     <span class='ocr_line' id='line_1_59' title="bbox 215 5260 949 5328; baseline -0.018 -5"><span class='ocrx_word' id='word_1_404' title='bbox 215 5272 283 5323; x_wconf 91' lang='lat' dir='ltr'><strong>modo</strong></span> <span class='ocrx_word' id='word_1_405' title='bbox 299 5270 397 5320; x_wconf 91' lang='lat' dir='ltr'><strong>humana</strong></span> <span class='ocrx_word' id='word_1_406' title='bbox 419 5272 455 5319; x_wconf 86' lang='lat' dir='ltr'><strong>est</strong></span> <span class='ocrx_word' id='word_1_407' title='bbox 481 5272 574 5327; x_wconf 89' lang='lat' dir='ltr'><strong>natura;</strong></span> <span class='ocrx_word' id='word_1_408' title='bbox 593 5265 618 5315; x_wconf 84' lang='lat' dir='ltr'><strong>o.</strong></span> <span class='ocrx_word' id='word_1_409' title='bbox 650 5262 711 5328; x_wconf 90' lang='lat' dir='ltr'><strong>quod</strong></span> <span class='ocrx_word' id='word_1_410' title='bbox 738 5260 845 5327; x_wconf 87' lang='lat' dir='ltr'><strong>probatur</strong></span> <span class='ocrx_word' id='word_1_411' title='bbox 862 5260 949 5324; x_wconf 85' lang='lat' dir='ltr'><strong>aliquot</strong></span> 
     </span>
     <span class='ocr_line' id='line_1_60' title="bbox 215 5335 947 5403; baseline -0.016 -6"><span class='ocrx_word' id='word_1_412' title='bbox 215 5347 307 5398; x_wconf 81' lang='lat' dir='ltr'><strong>Petrum</strong></span> <span class='ocrx_word' id='word_1_413' title='bbox 330 5343 404 5394; x_wconf 88' lang='lat' dir='ltr'><strong>allatis</strong></span> <span class='ocrx_word' id='word_1_414' title='bbox 426 5341 493 5403; x_wconf 86' lang='lat' dir='ltr'><strong>locis,</strong></span> <span class='ocrx_word' id='word_1_415' title='bbox 511 5345 535 5391; x_wconf 93' lang='lat' dir='ltr'><strong>ut</strong></span> <span class='ocrx_word' id='word_1_416' title='bbox 551 5338 644 5400; x_wconf 62' lang='lat' dir='ltr'><strong>Basilii,</strong></span> <span class='ocrx_word' id='word_1_417' title='bbox 660 5339 684 5388; x_wconf 84' lang='lat' dir='ltr'><strong>i.</strong></span> <span class='ocrx_word' id='word_1_418' title='bbox 701 5343 747 5388; x_wconf 86' lang='lat' dir='ltr'><strong>tuna</strong></span> <span class='ocrx_word' id='word_1_419' title='bbox 761 5336 846 5402; x_wconf 80' lang='lat' dir='ltr'><strong>Cyrilli.</strong></span> <span class='ocrx_word' id='word_1_420' title='bbox 863 5335 888 5386; x_wconf 88' lang='lat'><strong>8.</strong></span> <span class='ocrx_word' id='word_1_421' title='bbox 903 5335 947 5394; x_wconf 82' lang='lat' dir='ltr'><strong>uui</strong></span> 
     </span>
     <span class='ocr_line' id='line_1_61' title="bbox 215 5410 947 5483; baseline -0.016 -10"><span class='ocrx_word' id='word_1_422' title='bbox 215 5420 243 5473; x_wconf 82' lang='lat' dir='ltr'><strong>ab</strong></span> <span class='ocrx_word' id='word_1_423' title='bbox 270 5418 380 5483; x_wconf 87' lang='lat' dir='ltr'><strong>huuuymi</strong></span> <span class='ocrx_word' id='word_1_424' title='bbox 407 5417 519 5469; x_wconf 88' lang='lat' dir='ltr'><strong>calumnia</strong></span> <span class='ocrx_word' id='word_1_425' title='bbox 542 5414 677 5466; x_wconf 88' lang='lat' dir='ltr'><strong>detenditur.</strong></span> <span class='ocrx_word' id='word_1_426' title='bbox 704 5413 729 5464; x_wconf 83' lang='grc'><strong>9.</strong></span> <span class='ocrx_word' id='word_1_427' title='bbox 758 5412 848 5463; x_wconf 83' lang='lat' dir='ltr'><strong>Natura</strong></span> <span class='ocrx_word' id='word_1_428' title='bbox 866 5410 947 5462; x_wconf 81' lang='lat' dir='ltr'><strong>divine</strong></span> 
     </span>
     <span class='ocr_line' id='line_1_62' title="bbox 216 5484 947 5556; baseline -0.016 -8"><span class='ocrx_word' id='word_1_429' title='bbox 216 5495 365 5548; x_wconf 86' lang='lat' dir='ltr'><strong>communitas</strong></span> <span class='ocrx_word' id='word_1_430' title='bbox 377 5492 488 5556; x_wconf 84' lang='lat' dir='ltr'><strong>ejusdem,</strong></span> <span class='ocrx_word' id='word_1_431' title='bbox 498 5496 521 5543; x_wconf 91' lang='lat' dir='ltr'><strong>et</strong></span> <span class='ocrx_word' id='word_1_432' title='bbox 529 5489 672 5555; x_wconf 75' lang='lat' dir='ltr'><strong>singularias</strong></span> <span class='ocrx_word' id='word_1_433' title='bbox 688 5503 715 5541; x_wconf 86' lang='lat' dir='ltr'><strong>ex</strong></span> <span class='ocrx_word' id='word_1_434' title='bbox 727 5486 833 5540; x_wconf 83' lang='lat' dir='ltr'><strong>Patribus</strong></span> <span class='ocrx_word' id='word_1_435' title='bbox 845 5484 947 5538; x_wconf 90' lang='lat' dir='ltr'><strong>adstrui-</strong></span> 
     </span>
    </p>
   </div>
   <div class='ocr_carea' id='block_1_14' title="bbox 1033 2838 1771 3664">
    <p class='ocr_par' dir='ltr' id='par_1_14' title="bbox 1034 2838 1771 3130">
     <span class='ocr_line' id='line_1_63' title="bbox 1036 2838 1769 2917; baseline 0.023 -29"><span class='ocrx_word' id='word_1_436' title='bbox 1036 2839 1109 2889; x_wconf 90' lang='lat' dir='ltr'><strong>neuda</strong></span> <span class='ocrx_word' id='word_1_437' title='bbox 1122 2838 1229 2900; x_wconf 87' lang='lat' dir='ltr'><strong>Nestorii,</strong></span> <span class='ocrx_word' id='word_1_438' title='bbox 1248 2854 1317 2903; x_wconf 89' lang='lat' dir='ltr'><strong>quarn</strong></span> <span class='ocrx_word' id='word_1_439' title='bbox 1328 2841 1521 2907; x_wconf 82' lang='lat' dir='ltr'><strong>illeimpngoauit,</strong></span> <span class='ocrx_word' id='word_1_440' title='bbox 1536 2845 1641 2899; x_wconf 80' lang='lat' dir='ltr'><strong>heretica</strong></span> <span class='ocrx_word' id='word_1_441' title='bbox 1655 2851 1769 2917; x_wconf 88' lang='lat' dir='ltr'><strong>opinione.</strong></span> 
     </span>
     <span class='ocr_line' id='line_1_64' title="bbox 1034 2913 1771 2981; baseline 0.027 -20"><span class='ocrx_word' id='word_1_442' title='bbox 1034 2913 1059 2963; x_wconf 73' lang='lat' dir='ltr'><strong>t.</strong></span> <span class='ocrx_word' id='word_1_443' title='bbox 1075 2914 1152 2977; x_wconf 88' lang='lat' dir='ltr'><strong>ltaque.</strong></span> <span class='ocrx_word' id='word_1_444' title='bbox 1166 2913 1339 2977; x_wconf 87' lang='lat' dir='ltr'><strong>demonstratur,</strong></span> <span class='ocrx_word' id='word_1_445' title='bbox 1354 2916 1483 2969; x_wconf 88' lang='lat' dir='ltr'><strong>Nestorium</strong></span> <span class='ocrx_word' id='word_1_446' title='bbox 1500 2926 1590 2973; x_wconf 90' lang='lat' dir='ltr'><strong>naturas</strong></span> <span class='ocrx_word' id='word_1_447' title='bbox 1611 2923 1699 2977; x_wconf 86' lang='lat' dir='ltr'><strong>Christo</strong></span> <span class='ocrx_word' id='word_1_448' title='bbox 1714 2928 1771 2981; x_wconf 80' lang='lat' dir='ltr'><strong>duas</strong></span> 
     </span>
     <span class='ocr_line' id='line_1_65' title="bbox 1035 2986 1769 3058; baseline 0.023 -20"><span class='ocrx_word' id='word_1_449' title='bbox 1035 2986 1097 3039; x_wconf 91' lang='lat' dir='ltr'><strong>nullo</strong></span> <span class='ocrx_word' id='word_1_450' title='bbox 1111 2988 1250 3041; x_wconf 80' lang='lat' dir='ltr'><strong>substantivo</strong></span> <span class='ocrx_word' id='word_1_451' title='bbox 1263 3004 1321 3041; x_wconf 83' lang='lat' dir='ltr'><strong>nexu</strong></span> <span class='ocrx_word' id='word_1_452' title='bbox 1343 2993 1471 3058; x_wconf 87' lang='lat' dir='ltr'><strong>copulasse,</strong></span> <span class='ocrx_word' id='word_1_453' title='bbox 1494 2997 1533 3046; x_wconf 86' lang='lat' dir='ltr'><strong>sed</strong></span> <span class='ocrx_word' id='word_1_454' title='bbox 1555 3000 1634 3050; x_wconf 88' lang='lat' dir='ltr'><strong>morali</strong></span> <span class='ocrx_word' id='word_1_455' title='bbox 1653 3002 1769 3055; x_wconf 88' lang='lat' dir='ltr'><strong>duntaxat.</strong></span> 
     </span>
     <span class='ocr_line' id='line_1_66' title="bbox 1036 3063 1755 3130; baseline 0.021 -17"><span class='ocrx_word' id='word_1_456' title='bbox 1036 3063 1060 3113; x_wconf 84' lang='lat'><strong>3.</strong></span> <span class='ocrx_word' id='word_1_457' title='bbox 1080 3063 1145 3123; x_wconf 79' lang='lat' dir='ltr'><strong>Quod</strong></span> <span class='ocrx_word' id='word_1_458' title='bbox 1159 3065 1264 3130; x_wconf 87' lang='lat' dir='ltr'><strong>deinceps</strong></span> <span class='ocrx_word' id='word_1_459' title='bbox 1287 3066 1355 3116; x_wconf 84' lang='lat' dir='ltr'><strong>variis</strong></span> <span class='ocrx_word' id='word_1_460' title='bbox 1382 3067 1442 3119; x_wconf 92' lang='lat' dir='ltr'><strong>illius</strong></span> <span class='ocrx_word' id='word_1_461' title='bbox 1469 3084 1496 3120; x_wconf 89' lang='lat' dir='ltr'><strong>ex</strong></span> <span class='ocrx_word' id='word_1_462' title='bbox 1513 3071 1571 3123; x_wconf 87' lang='lat' dir='ltr'><strong>locis</strong></span> <span class='ocrx_word' id='word_1_463' title='bbox 1590 3075 1721 3130; x_wconf 88' lang='lat' dir='ltr'><strong>adstruitur.</strong></span> <span class='ocrx_word' id='word_1_464' title='bbox 1740 3080 1755 3130; x_wconf 83' lang='grc'><strong>6</strong></span> 
     </span>
    </p>

    <p class='ocr_par' dir='ltr' id='par_1_15' title="bbox 1033 3139 1771 3664">
     <span class='ocr_line' id='line_1_67' title="bbox 1035 3139 1771 3216; baseline 0.02 -27"><span class='ocrx_word' id='word_1_465' title='bbox 1035 3139 1099 3190; x_wconf 92' lang='lat' dir='ltr'><strong>Unde</strong></span> <span class='ocrx_word' id='word_1_466' title='bbox 1113 3141 1210 3206; x_wconf 89' lang='lat' dir='ltr'><strong>primum</strong></span> <span class='ocrx_word' id='word_1_467' title='bbox 1224 3149 1380 3204; x_wconf 75' lang='lat' dir='ltr'><strong>argumentum</strong></span> <span class='ocrx_word' id='word_1_468' title='bbox 1394 3143 1499 3204; x_wconf 85' lang='lat' dir='ltr'><strong>edicitur,</strong></span> <span class='ocrx_word' id='word_1_469' title='bbox 1516 3148 1575 3210; x_wconf 92' lang='lat' dir='ltr'><strong>quod</strong></span> <span class='ocrx_word' id='word_1_470' title='bbox 1590 3149 1638 3200; x_wconf 89' lang='lat' dir='ltr'><strong>sola</strong></span> <span class='ocrx_word' id='word_1_471' title='bbox 1655 3151 1771 3216; x_wconf 74' lang='lat' dir='ltr'><strong>diguitatis</strong></span> 
     </span>
     <span class='ocr_line' id='line_1_68' title="bbox 1035 3216 1770 3280; baseline 0.018 -14"><span class='ocrx_word' id='word_1_472' title='bbox 1035 3217 1192 3267; x_wconf 87' lang='lat' dir='ltr'><strong>communione</strong></span> <span class='ocrx_word' id='word_1_473' title='bbox 1206 3216 1296 3280; x_wconf 84' lang='lat' dir='ltr'><strong>junctas</strong></span> <span class='ocrx_word' id='word_1_474' title='bbox 1314 3231 1364 3267; x_wconf 88' lang='lat' dir='ltr'><strong>esse</strong></span> <span class='ocrx_word' id='word_1_475' title='bbox 1377 3223 1469 3271; x_wconf 88' lang='lat' dir='ltr'><strong>naturas</strong></span> <span class='ocrx_word' id='word_1_476' title='bbox 1482 3221 1576 3273; x_wconf 89' lang='lat' dir='ltr'><strong>diceret.</strong></span> <span class='ocrx_word' id='word_1_477' title='bbox 1595 3223 1620 3273; x_wconf 88' lang='lat'><strong>8.</strong></span> <span class='ocrx_word' id='word_1_478' title='bbox 1636 3226 1693 3276; x_wconf 85' lang='lat' dir='ltr'><strong>Turn</strong></span> <span class='ocrx_word' id='word_1_479' title='bbox 1708 3228 1770 3279; x_wconf 91' lang='lat' dir='ltr'><strong>alta·</strong></span> 
     </span>
     <span class='ocr_line' id='line_1_69' title="bbox 1035 3295 1770 3368; baseline 0.019 -27"><span class='ocrx_word' id='word_1_480' title='bbox 1035 3304 1084 3341; x_wconf 89' lang='lat' dir='ltr'><strong>rurn</strong></span> <span class='ocrx_word' id='word_1_481' title='bbox 1099 3297 1254 3354; x_wconf 89' lang='lat' dir='ltr'><strong>argumentum</strong></span> <span class='ocrx_word' id='word_1_482' title='bbox 1272 3304 1298 3341; x_wconf 90' lang='lat' dir='ltr'><strong>ex</strong></span> <span class='ocrx_word' id='word_1_483' title='bbox 1317 3306 1355 3354; x_wconf 90' lang='lat' dir='ltr'><strong>eo,</strong></span> <span class='ocrx_word' id='word_1_484' title='bbox 1370 3295 1429 3359; x_wconf 93' lang='lat' dir='ltr'><strong>quod</strong></span> <span class='ocrx_word' id='word_1_485' title='bbox 1443 3296 1539 3360; x_wconf 84' lang='lat' dir='ltr'><strong>negabat</strong></span> <span class='ocrx_word' id='word_1_486' title='bbox 1553 3297 1636 3361; x_wconf 86' lang='lat' dir='ltr'><strong>egisse,</strong></span> <span class='ocrx_word' id='word_1_487' title='bbox 1652 3315 1679 3351; x_wconf 90' lang='lat' dir='ltr'><strong>ac</strong></span> <span class='ocrx_word' id='word_1_488' title='bbox 1694 3308 1770 3368; x_wconf 91' lang='lat' dir='ltr'><strong>perta·</strong></span> 
     </span>
     <span class='ocr_line' id='line_1_70' title="bbox 1035 3364 1768 3435; baseline 0.025 -21"><span class='ocrx_word' id='word_1_489' title='bbox 1035 3364 1088 3417; x_wconf 88' lang='lat' dir='ltr'><strong>lisse</strong></span> <span class='ocrx_word' id='word_1_490' title='bbox 1115 3367 1186 3418; x_wconf 86' lang='lat' dir='ltr'><strong>Deum</strong></span> <span class='ocrx_word' id='word_1_491' title='bbox 1211 3367 1258 3425; x_wconf 90' lang='lat' dir='ltr'><strong>illa,</strong></span> <span class='ocrx_word' id='word_1_492' title='bbox 1281 3368 1449 3431; x_wconf 78' lang='lat' dir='ltr'><strong>quaeamus</strong></span> <span class='ocrx_word' id='word_1_493' title='bbox 1476 3371 1531 3435; x_wconf 86' lang='lat' dir='ltr'><strong>egit,</strong></span> <span class='ocrx_word' id='word_1_494' title='bbox 1546 3386 1573 3424; x_wconf 90' lang='lat' dir='ltr'><strong>ac</strong></span> <span class='ocrx_word' id='word_1_495' title='bbox 1598 3376 1711 3428; x_wconf 87' lang='lat' dir='ltr'><strong>sustinuit.</strong></span> <span class='ocrx_word' id='word_1_496' title='bbox 1727 3379 1768 3432; x_wconf 87' lang='lat' dir='ltr'><strong>ll.</strong></span> 
     </span>
     <span class='ocr_line' id='line_1_71' title="bbox 1035 3442 1770 3507; baseline 0.018 -15"><span class='ocrx_word' id='word_1_497' title='bbox 1035 3442 1135 3493; x_wconf 86' lang='lat' dir='ltr'><strong>&#39;lentium</strong></span> <span class='ocrx_word' id='word_1_498' title='bbox 1148 3448 1313 3507; x_wconf 87' lang='lat' dir='ltr'><strong>argumentum,</strong></span> <span class='ocrx_word' id='word_1_499' title='bbox 1329 3444 1387 3507; x_wconf 87' lang='lat' dir='ltr'><strong>quod</strong></span> <span class='ocrx_word' id='word_1_500' title='bbox 1402 3445 1578 3497; x_wconf 88' lang='lat' dir='ltr'><strong>incarnationem</strong></span> <span class='ocrx_word' id='word_1_501' title='bbox 1592 3450 1641 3501; x_wconf 90' lang='lat' dir='ltr'><strong>sola</strong></span> <span class='ocrx_word' id='word_1_502' title='bbox 1656 3452 1770 3505; x_wconf 90' lang='lat' dir='ltr'><strong>inhahita-</strong></span> 
     </span>
     <span class='ocr_line' id='line_1_72' title="bbox 1033 3520 1769 3592; baseline 0.018 -21"><span class='ocrx_word' id='word_1_503' title='bbox 1033 3520 1095 3572; x_wconf 91' lang='lat' dir='ltr'><strong>tione</strong></span> <span class='ocrx_word' id='word_1_504' title='bbox 1110 3521 1239 3573; x_wconf 76' lang='lat' dir='ltr'><strong>deliniebat.</strong></span> <span class='ocrx_word' id='word_1_505' title='bbox 1261 3523 1300 3573; x_wconf 81' lang='lat' dir='ltr'><strong>te.</strong></span> <span class='ocrx_word' id='word_1_506' title='bbox 1316 3522 1423 3581; x_wconf 79' lang='lat' dir='ltr'><strong>Quartum</strong></span> <span class='ocrx_word' id='word_1_507' title='bbox 1438 3531 1604 3589; x_wconf 86' lang='lat' dir='ltr'><strong>argumentum,</strong></span> <span class='ocrx_word' id='word_1_508' title='bbox 1619 3531 1679 3592; x_wconf 91' lang='lat' dir='ltr'><strong>quod</strong></span> <span class='ocrx_word' id='word_1_509' title='bbox 1698 3531 1769 3584; x_wconf 87' lang='lat' dir='ltr'><strong>lleuua</strong></span> 
     </span>
     <span class='ocr_line' id='line_1_73' title="bbox 1035 3596 1769 3664; baseline 0.016 -18"><span class='ocrx_word' id='word_1_510' title='bbox 1035 3610 1061 3646; x_wconf 90' lang='lat' dir='ltr'><strong>ex</strong></span> <span class='ocrx_word' id='word_1_511' title='bbox 1072 3596 1155 3648; x_wconf 86' lang='lat' dir='ltr'><strong>lamina</strong></span> <span class='ocrx_word' id='word_1_512' title='bbox 1171 3599 1270 3661; x_wconf 88' lang='lat' dir='ltr'><strong>genitum</strong></span> <span class='ocrx_word' id='word_1_513' title='bbox 1284 3597 1360 3649; x_wconf 89' lang='lat' dir='ltr'><strong>dicere</strong></span> <span class='ocrx_word' id='word_1_514' title='bbox 1374 3596 1496 3649; x_wconf 89' lang='lat' dir='ltr'><strong>ahsrrrdum</strong></span> <span class='ocrx_word' id='word_1_515' title='bbox 1511 3601 1635 3664; x_wconf 86' lang='lat' dir='ltr'><strong>judicabat.</strong></span> <span class='ocrx_word' id='word_1_516' title='bbox 1736 3607 1769 3658; x_wconf 78' lang='lat' dir='ltr'><strong>ct</strong></span> 
     </span>
    </p>
   </div>
   <div class='ocr_carea' id='block_1_15' title="bbox 1002 3670 1770 3746">
    <p class='ocr_par' dir='ltr' id='par_1_16' title="bbox 1002 3670 1770 3746">
     <span class='ocr_line' id='line_1_74' title="bbox 1002 3670 1770 3746; baseline 0.014 -24"><span class='ocrx_word' id='word_1_517' title='bbox 1002 3670 1087 3723; x_wconf 81' lang='lat' dir='ltr'><strong>Cxurm</strong></span> <span class='ocrx_word' id='word_1_518' title='bbox 1102 3672 1138 3723; x_wconf 89' lang='lat' dir='ltr'><strong>Vl.</strong></span> <span class='ocrx_word' id='word_1_519' title='bbox 1158 3673 1254 3738; x_wconf 79' lang='lat' dir='ltr'><strong>cyrillus</strong></span> <span class='ocrx_word' id='word_1_520' title='bbox 1267 3671 1296 3723; x_wconf 91' lang='lat' dir='ltr'><strong>ah</strong></span> <span class='ocrx_word' id='word_1_521' title='bbox 1309 3671 1520 3737; x_wconf 71' lang='lat' dir='ltr'><strong>Apollinei-istarum</strong></span> <span class='ocrx_word' id='word_1_522' title='bbox 1535 3674 1628 3729; x_wconf 77' lang='lat' dir='ltr'><strong>heresis</strong></span> <span class='ocrx_word' id='word_1_523' title='bbox 1642 3680 1770 3746; x_wconf 88' lang='lat' dir='ltr'><strong>suspicione</strong></span> 
     </span>
    </p>
   </div>
   <div class='ocr_carea' id='block_1_16' title="bbox 1034 3747 1771 4260">
    <p class='ocr_par' dir='ltr' id='par_1_17' title="bbox 1034 3747 1771 4260">
     <span class='ocr_line' id='line_1_75' title="bbox 1035 3747 1769 3821; baseline 0.016 -24"><span class='ocrx_word' id='word_1_524' title='bbox 1035 3752 1153 3811; x_wconf 90' lang='lat' dir='ltr'><strong>purgatur.</strong></span> <span class='ocrx_word' id='word_1_525' title='bbox 1170 3753 1194 3799; x_wconf 86' lang='lat' dir='ltr'><strong>t.</strong></span> <span class='ocrx_word' id='word_1_526' title='bbox 1210 3747 1275 3806; x_wconf 79' lang='lat' dir='ltr'><strong>Quod</strong></span> <span class='ocrx_word' id='word_1_527' title='bbox 1287 3747 1399 3812; x_wconf 89' lang='lat' dir='ltr'><strong>judicium</strong></span> <span class='ocrx_word' id='word_1_528' title='bbox 1418 3762 1468 3799; x_wconf 90' lang='lat' dir='ltr'><strong>esse</strong></span> <span class='ocrx_word' id='word_1_529' title='bbox 1482 3749 1563 3802; x_wconf 87' lang='lat' dir='ltr'><strong>debeat</strong></span> <span class='ocrx_word' id='word_1_530' title='bbox 1581 3753 1609 3803; x_wconf 91' lang='lat' dir='ltr'><strong>de</strong></span> <span class='ocrx_word' id='word_1_531' title='bbox 1631 3755 1769 3821; x_wconf 86' lang='lat' dir='ltr'><strong>scriptorum</strong></span> 
     </span>
     <span class='ocr_line' id='line_1_76' title="bbox 1035 3822 1769 3888; baseline 0.018 -16"><span class='ocrx_word' id='word_1_532' title='bbox 1035 3823 1153 3874; x_wconf 86' lang='lat' dir='ltr'><strong>sententia.</strong></span> <span class='ocrx_word' id='word_1_533' title='bbox 1169 3822 1193 3873; x_wconf 66' lang='grc' dir='ltr'><strong>ἰ.</strong></span> <span class='ocrx_word' id='word_1_534' title='bbox 1210 3822 1317 3888; x_wconf 70' lang='lat' dir='ltr'><strong>cyrillum</strong></span> <span class='ocrx_word' id='word_1_535' title='bbox 1333 3827 1422 3874; x_wconf 87' lang='lat' dir='ltr'><strong>naturas</strong></span> <span class='ocrx_word' id='word_1_536' title='bbox 1437 3823 1494 3876; x_wconf 85' lang='lat' dir='ltr'><strong>duas</strong></span> <span class='ocrx_word' id='word_1_537' title='bbox 1507 3826 1529 3876; x_wconf 92' lang='lat' dir='ltr'><strong>in</strong></span> <span class='ocrx_word' id='word_1_538' title='bbox 1550 3827 1638 3880; x_wconf 82' lang='lat' dir='ltr'><strong>Christo</strong></span> <span class='ocrx_word' id='word_1_539' title='bbox 1652 3830 1769 3884; x_wconf 87' lang='lat' dir='ltr'><strong>distinctas</strong></span> 
     </span>
     <span class='ocr_line' id='line_1_77' title="bbox 1035 3897 1768 3961; baseline 0.015 -14"><span class='ocrx_word' id='word_1_540' title='bbox 1035 3897 1155 3961; x_wconf 82' lang='lat' dir='ltr'><strong>agnouisse</strong></span> <span class='ocrx_word' id='word_1_541' title='bbox 1173 3916 1179 3948; x_wconf 90' lang='lat'>:</span> <span class='ocrx_word' id='word_1_542' title='bbox 1195 3902 1242 3948; x_wconf 85' lang='lat' dir='ltr'><strong>turn</strong></span> <span class='ocrx_word' id='word_1_543' title='bbox 1257 3898 1347 3948; x_wconf 88' lang='lat' dir='ltr'><strong>easdem</strong></span> <span class='ocrx_word' id='word_1_544' title='bbox 1370 3898 1403 3949; x_wconf 89' lang='lat' dir='ltr'><strong>sic</strong></span> <span class='ocrx_word' id='word_1_545' title='bbox 1416 3899 1500 3961; x_wconf 89' lang='lat' dir='ltr'><strong>unitas,</strong></span> <span class='ocrx_word' id='word_1_546' title='bbox 1519 3905 1602 3952; x_wconf 93' lang='lat' dir='ltr'><strong>utnon</strong></span> <span class='ocrx_word' id='word_1_547' title='bbox 1616 3909 1768 3958; x_wconf 90' lang='lat' dir='ltr'><strong>tarneuunam</strong></span> 
     </span>
     <span class='ocr_line' id='line_1_78' title="bbox 1035 3972 1770 4044; baseline 0.015 -21"><span class='ocrx_word' id='word_1_548' title='bbox 1035 3973 1182 4038; x_wconf 87' lang='lat' dir='ltr'><strong>compositam</strong></span> <span class='ocrx_word' id='word_1_549' title='bbox 1196 3973 1281 4024; x_wconf 87' lang='lat' dir='ltr'><strong>iaciant</strong></span> <span class='ocrx_word' id='word_1_550' title='bbox 1305 3973 1329 4023; x_wconf 82' lang='lat'><strong>3.</strong></span> <span class='ocrx_word' id='word_1_551' title='bbox 1346 3972 1401 4032; x_wconf 78' lang='lat' dir='ltr'><strong>Quae</strong></span> <span class='ocrx_word' id='word_1_552' title='bbox 1414 3975 1459 4025; x_wconf 89' lang='lat' dir='ltr'><strong>duo</strong></span> <span class='ocrx_word' id='word_1_553' title='bbox 1470 3976 1537 4026; x_wconf 83' lang='lat' dir='ltr'><strong>uariis</strong></span> <span class='ocrx_word' id='word_1_554' title='bbox 1550 3991 1577 4027; x_wconf 85' lang='lat' dir='ltr'><strong>ex</strong></span> <span class='ocrx_word' id='word_1_555' title='bbox 1590 3978 1651 4030; x_wconf 88' lang='lat' dir='ltr'><strong>illius</strong></span> <span class='ocrx_word' id='word_1_556' title='bbox 1665 3980 1731 4044; x_wconf 89' lang='lat' dir='ltr'><strong>locis,</strong></span> <span class='ocrx_word' id='word_1_557' title='bbox 1747 3989 1770 4034; x_wconf 92' lang='lat' dir='ltr'><strong>et</strong></span> 
     </span>
     <span class='ocr_line' id='line_1_79' title="bbox 1035 4047 1769 4117; baseline 0.016 -20"><span class='ocrx_word' id='word_1_558' title='bbox 1035 4048 1150 4099; x_wconf 88' lang='lat' dir='ltr'><strong>sententiis</strong></span> <span class='ocrx_word' id='word_1_559' title='bbox 1164 4049 1325 4113; x_wconf 88' lang='lat' dir='ltr'><strong>approhantur.</strong></span> <span class='ocrx_word' id='word_1_560' title='bbox 1342 4049 1367 4099; x_wconf 88' lang='lat'><strong>8.</strong></span> <span class='ocrx_word' id='word_1_561' title='bbox 1388 4047 1530 4114; x_wconf 75' lang='lat' dir='ltr'><strong>colliguntur</strong></span> <span class='ocrx_word' id='word_1_562' title='bbox 1542 4060 1674 4117; x_wconf 89' lang='lat' dir='ltr'><strong>argumenta</strong></span> <span class='ocrx_word' id='word_1_563' title='bbox 1686 4056 1730 4109; x_wconf 91' lang='lat' dir='ltr'><strong>tria</strong></span> <span class='ocrx_word' id='word_1_564' title='bbox 1743 4073 1769 4109; x_wconf 84' lang='lat' dir='ltr'><strong>ex</strong></span> 
     </span>
     <span class='ocr_line' id='line_1_80' title="bbox 1034 4122 1771 4196; baseline 0.016 -23"><span class='ocrx_word' id='word_1_565' title='bbox 1034 4122 1101 4174; x_wconf 78' lang='lat' dir='ltr'><strong>dictis</strong></span> <span class='ocrx_word' id='word_1_566' title='bbox 1127 4124 1221 4189; x_wconf 89' lang='lat' dir='ltr'><strong>Cyrilli;</strong></span> <span class='ocrx_word' id='word_1_567' title='bbox 1246 4125 1328 4189; x_wconf 85' lang='lat' dir='ltr'><strong>quihus</strong></span> <span class='ocrx_word' id='word_1_568' title='bbox 1348 4123 1521 4189; x_wconf 87' lang='lat' dir='ltr'><strong>demonstratur,</strong></span> <span class='ocrx_word' id='word_1_569' title='bbox 1550 4134 1612 4181; x_wconf 89' lang='lat' dir='ltr'><strong>recte</strong></span> <span class='ocrx_word' id='word_1_570' title='bbox 1634 4130 1723 4196; x_wconf 88' lang='lat' dir='ltr'><strong>ipsum,</strong></span> <span class='ocrx_word' id='word_1_571' title='bbox 1747 4140 1771 4185; x_wconf 91' lang='lat' dir='ltr'><strong>et</strong></span> 
     </span>
     <span class='ocr_line' id='line_1_81' title="bbox 1034 4199 1768 4260; baseline 0.007 -11"><span class='ocrx_word' id='word_1_572' title='bbox 1034 4199 1144 4251; x_wconf 86' lang='lat' dir='ltr'><strong>catholico</strong></span> <span class='ocrx_word' id='word_1_573' title='bbox 1158 4199 1185 4250; x_wconf 87' lang='lat' dir='ltr'><strong>de</strong></span> <span class='ocrx_word' id='word_1_574' title='bbox 1199 4199 1352 4250; x_wconf 89' lang='lat' dir='ltr'><strong>incarnatione</strong></span> <span class='ocrx_word' id='word_1_575' title='bbox 1366 4199 1473 4252; x_wconf 89' lang='lat' dir='ltr'><strong>sensisse.</strong></span> <span class='ocrx_word' id='word_1_576' title='bbox 1737 4209 1768 4260; x_wconf 75' lang='lat'><strong>32</strong></span> 
     </span>
    </p>
   </div>
   <div class='ocr_carea' id='block_1_17' title="bbox 1001 4271 1770 4347">
    <p class='ocr_par' dir='ltr' id='par_1_18' title="bbox 1001 4271 1770 4347">
     <span class='ocr_line' id='line_1_82' title="bbox 1001 4271 1770 4347; baseline 0.013 -23"><span class='ocrx_word' id='word_1_577' title='bbox 1001 4271 1086 4324; x_wconf 80' lang='lat' dir='ltr'><strong>Cnuur</strong></span> <span class='ocrx_word' id='word_1_578' title='bbox 1100 4275 1147 4325; x_wconf 83' lang='lat' dir='ltr'><strong>lll.</strong></span> <span class='ocrx_word' id='word_1_579' title='bbox 1166 4274 1277 4347; x_wconf 74' lang='lat' dir='ltr'><strong>huunymi</strong></span> <span class='ocrx_word' id='word_1_580' title='bbox 1291 4279 1423 4338; x_wconf 83' lang='lat' dir='ltr'><strong>argumenta</strong></span> <span class='ocrx_word' id='word_1_581' title='bbox 1437 4291 1463 4326; x_wconf 86' lang='lat' dir='ltr'><strong>ex</strong></span> <span class='ocrx_word' id='word_1_582' title='bbox 1476 4276 1553 4343; x_wconf 83' lang='lat' dir='ltr'><strong>Cyrilli</strong></span> <span class='ocrx_word' id='word_1_583' title='bbox 1567 4278 1623 4331; x_wconf 87' lang='lat' dir='ltr'><strong>locis</strong></span> <span class='ocrx_word' id='word_1_584' title='bbox 1638 4281 1706 4346; x_wconf 88' lang='lat' dir='ltr'><strong>petita</strong></span> <span class='ocrx_word' id='word_1_585' title='bbox 1719 4283 1770 4335; x_wconf 89' lang='lat' dir='ltr'><strong>dis·</strong></span> 
     </span>
    </p>
   </div>
   <div class='ocr_carea' id='block_1_18' title="bbox 1031 4348 1769 5089">
    <p class='ocr_par' dir='ltr' id='par_1_19' title="bbox 1031 4348 1769 5089">
     <span class='ocr_line' id='line_1_83' title="bbox 1033 4348 1769 4420; baseline 0.018 -21"><span class='ocrx_word' id='word_1_586' title='bbox 1033 4348 1090 4399; x_wconf 84' lang='lat' dir='ltr'><strong>solui</strong></span> <span class='ocrx_word' id='word_1_587' title='bbox 1117 4350 1236 4416; x_wconf 85' lang='lat' dir='ltr'><strong>incipiunt.</strong></span> <span class='ocrx_word' id='word_1_588' title='bbox 1254 4352 1277 4400; x_wconf 89' lang='lat' dir='ltr'><strong>l.</strong></span> <span class='ocrx_word' id='word_1_589' title='bbox 1303 4352 1334 4401; x_wconf 86' lang='lat' dir='ltr'><strong>hc</strong></span> <span class='ocrx_word' id='word_1_590' title='bbox 1363 4350 1460 4415; x_wconf 91' lang='lat' dir='ltr'><strong>primurn</strong></span> <span class='ocrx_word' id='word_1_591' title='bbox 1475 4361 1544 4419; x_wconf 86' lang='lat' dir='ltr'><strong>caput</strong></span> <span class='ocrx_word' id='word_1_592' title='bbox 1569 4359 1769 4420; x_wconf 88' lang='lat' dir='ltr'><strong>argumentationis</strong></span> 
     </span>
     <span class='ocr_line' id='line_1_84' title="bbox 1033 4425 1769 4501; baseline 0.018 -27"><span class='ocrx_word' id='word_1_593' title='bbox 1033 4426 1175 4490; x_wconf 87' lang='lat' dir='ltr'><strong>proponitur.</strong></span> <span class='ocrx_word' id='word_1_594' title='bbox 1195 4426 1220 4475; x_wconf 73' lang='lat' dir='ltr'><strong>t.</strong></span> <span class='ocrx_word' id='word_1_595' title='bbox 1240 4425 1384 4491; x_wconf 82' lang='lat' dir='ltr'><strong>Explicantur</strong></span> <span class='ocrx_word' id='word_1_596' title='bbox 1404 4427 1505 4491; x_wconf 77' lang='lat' dir='ltr'><strong>quadarn</strong></span> <span class='ocrx_word' id='word_1_597' title='bbox 1521 4430 1625 4482; x_wconf 81' lang='lat' dir='ltr'><strong>universe</strong></span> <span class='ocrx_word' id='word_1_598' title='bbox 1638 4433 1667 4483; x_wconf 92' lang='lat' dir='ltr'><strong>ad</strong></span> <span class='ocrx_word' id='word_1_599' title='bbox 1681 4449 1769 4501; x_wconf 91' lang='lat' dir='ltr'><strong>propo·</strong></span> 
     </span>
     <span class='ocr_line' id='line_1_85' title="bbox 1033 4499 1769 4572; baseline 0.016 -21"><span class='ocrx_word' id='word_1_600' title='bbox 1033 4499 1100 4551; x_wconf 83' lang='lat' dir='ltr'><strong>sitnm</strong></span> <span class='ocrx_word' id='word_1_601' title='bbox 1115 4502 1242 4552; x_wconf 87' lang='lat' dir='ltr'><strong>necessaria</strong></span> <span class='ocrx_word' id='word_1_602' title='bbox 1258 4501 1286 4553; x_wconf 89' lang='lat' dir='ltr'><strong>de</strong></span> <span class='ocrx_word' id='word_1_603' title='bbox 1300 4508 1374 4553; x_wconf 88' lang='lat' dir='ltr'><strong>mente</strong></span> <span class='ocrx_word' id='word_1_604' title='bbox 1384 4510 1405 4553; x_wconf 89' lang='lat' dir='ltr'><strong>et</strong></span> <span class='ocrx_word' id='word_1_605' title='bbox 1418 4517 1488 4570; x_wconf 91' lang='lat' dir='ltr'><strong>scopo</strong></span> <span class='ocrx_word' id='word_1_606' title='bbox 1501 4505 1609 4569; x_wconf 83' lang='lat' dir='ltr'><strong>Nestorii,</strong></span> <span class='ocrx_word' id='word_1_607' title='bbox 1624 4509 1662 4572; x_wconf 89' lang='lat' dir='ltr'><strong>qui</strong></span> <span class='ocrx_word' id='word_1_608' title='bbox 1677 4515 1769 4563; x_wconf 85' lang='lat' dir='ltr'><strong>naturas</strong></span> 
     </span>
     <span class='ocr_line' id='line_1_86' title="bbox 1033 4575 1768 4646; baseline 0.016 -20"><span class='ocrx_word' id='word_1_609' title='bbox 1033 4575 1132 4627; x_wconf 84' lang='lat' dir='ltr'><strong>diuidere</strong></span> <span class='ocrx_word' id='word_1_610' title='bbox 1159 4576 1266 4639; x_wconf 88' lang='lat' dir='ltr'><strong>instituit;</strong></span> <span class='ocrx_word' id='word_1_611' title='bbox 1296 4578 1318 4628; x_wconf 83' lang='grc'><strong>3.</strong></span> <span class='ocrx_word' id='word_1_612' title='bbox 1350 4584 1396 4630; x_wconf 90' lang='lat' dir='ltr'><strong>tum</strong></span> <span class='ocrx_word' id='word_1_613' title='bbox 1426 4580 1512 4644; x_wconf 83' lang='lat' dir='ltr'><strong>cyrilti,</strong></span> <span class='ocrx_word' id='word_1_614' title='bbox 1532 4582 1570 4646; x_wconf 93' lang='lat' dir='ltr'><strong>qui</strong></span> <span class='ocrx_word' id='word_1_615' title='bbox 1590 4583 1613 4633; x_wconf 92' lang='lat' dir='ltr'><strong>in</strong></span> <span class='ocrx_word' id='word_1_616' title='bbox 1631 4586 1768 4638; x_wconf 89' lang='lat' dir='ltr'><strong>contrarium</strong></span> 
     </span>
     <span class='ocr_line' id='line_1_87' title="bbox 1033 4650 1768 4720; baseline 0.015 -19"><span class='ocrx_word' id='word_1_617' title='bbox 1033 4650 1128 4703; x_wconf 86' lang='lat' dir='ltr'><strong>obnixus</strong></span> <span class='ocrx_word' id='word_1_618' title='bbox 1142 4658 1195 4714; x_wconf 89' lang='lat' dir='ltr'><strong>cst,</strong></span> <span class='ocrx_word' id='word_1_619' title='bbox 1210 4667 1254 4718; x_wconf 93' lang='lat' dir='ltr'><strong>quo</strong></span> <span class='ocrx_word' id='word_1_620' title='bbox 1273 4653 1382 4719; x_wconf 85' lang='lat' dir='ltr'><strong>pertineat</strong></span> <span class='ocrx_word' id='word_1_621' title='bbox 1395 4654 1434 4705; x_wconf 92' lang='lat' dir='ltr'><strong>illa</strong></span> <span class='ocrx_word' id='word_1_622' title='bbox 1443 4656 1491 4720; x_wconf 85' lang='lat' dir='ltr'><strong>ejus</strong></span> <span class='ocrx_word' id='word_1_623' title='bbox 1501 4659 1620 4714; x_wconf 84' lang='lat' dir='ltr'><strong>sententia.</strong></span> <span class='ocrx_word' id='word_1_624' title='bbox 1631 4673 1674 4710; x_wconf 92' lang='lat' dir='ltr'><strong>uua</strong></span> <span class='ocrx_word' id='word_1_625' title='bbox 1688 4666 1768 4713; x_wconf 89' lang='lat' dir='ltr'><strong>natura</strong></span> 
     </span>
     <span class='ocr_line' id='line_1_88' title="bbox 1032 4726 1769 4797; baseline 0.018 -21"><span class='ocrx_word' id='word_1_626' title='bbox 1032 4726 1097 4778; x_wconf 92' lang='lat' dir='ltr'><strong>llerhi</strong></span> <span class='ocrx_word' id='word_1_627' title='bbox 1112 4728 1238 4780; x_wconf 87' lang='lat' dir='ltr'><strong>incarnata.</strong></span> <span class='ocrx_word' id='word_1_628' title='bbox 1254 4730 1277 4779; x_wconf 85' lang='lat' dir='ltr'><strong>t.</strong></span> <span class='ocrx_word' id='word_1_629' title='bbox 1296 4729 1425 4781; x_wconf 88' lang='lat' dir='ltr'><strong>Ostenditur</strong></span> <span class='ocrx_word' id='word_1_630' title='bbox 1436 4731 1478 4782; x_wconf 89' lang='lat' dir='ltr'><strong>hac</strong></span> <span class='ocrx_word' id='word_1_631' title='bbox 1496 4731 1548 4797; x_wconf 89' lang='lat' dir='ltr'><strong>ipsa</strong></span> <span class='ocrx_word' id='word_1_632' title='bbox 1561 4738 1672 4785; x_wconf 81' lang='lat' dir='ltr'><strong>sententia</strong></span> <span class='ocrx_word' id='word_1_633' title='bbox 1687 4736 1769 4789; x_wconf 87' lang='lat' dir='ltr'><strong>Nesto·</strong></span> 
     </span>
     <span class='ocr_line' id='line_1_89' title="bbox 1032 4803 1768 4875; baseline 0.014 -22"><span class='ocrx_word' id='word_1_634' title='bbox 1032 4804 1060 4853; x_wconf 92' lang='lat' dir='ltr'><strong>rii</strong></span> <span class='ocrx_word' id='word_1_635' title='bbox 1085 4803 1247 4870; x_wconf 83' lang='lat' dir='ltr'><strong>blasphemiam</strong></span> <span class='ocrx_word' id='word_1_636' title='bbox 1263 4805 1358 4856; x_wconf 88' lang='lat' dir='ltr'><strong>maxime</strong></span> <span class='ocrx_word' id='word_1_637' title='bbox 1379 4806 1482 4858; x_wconf 83' lang='lat' dir='ltr'><strong>oouuinei</strong></span> <span class='ocrx_word' id='word_1_638' title='bbox 1512 4809 1536 4858; x_wconf 87' lang='lat'><strong>5.</strong></span> <span class='ocrx_word' id='word_1_639' title='bbox 1560 4808 1730 4875; x_wconf 88' lang='lat' dir='ltr'><strong>Expeuduotnr,</strong></span> <span class='ocrx_word' id='word_1_640' title='bbox 1745 4816 1768 4863; x_wconf 93' lang='lat' dir='ltr'><strong>et</strong></span> 
     </span>
     <span class='ocr_line' id='line_1_90' title="bbox 1034 4878 1767 4952; baseline 0.015 -24"><span class='ocrx_word' id='word_1_641' title='bbox 1034 4878 1173 4930; x_wconf 81' lang='lat' dir='ltr'><strong>vindicantur</strong></span> <span class='ocrx_word' id='word_1_642' title='bbox 1187 4879 1216 4930; x_wconf 91' lang='lat' dir='ltr'><strong>ah</strong></span> <span class='ocrx_word' id='word_1_643' title='bbox 1228 4880 1337 4945; x_wconf 85' lang='lat' dir='ltr'><strong>huonyuri</strong></span> <span class='ocrx_word' id='word_1_644' title='bbox 1355 4880 1468 4932; x_wconf 88' lang='lat' dir='ltr'><strong>calumnia</strong></span> <span class='ocrx_word' id='word_1_645' title='bbox 1481 4881 1532 4934; x_wconf 87' lang='lat' dir='ltr'><strong>loca</strong></span> <span class='ocrx_word' id='word_1_646' title='bbox 1545 4883 1632 4949; x_wconf 81' lang='lat' dir='ltr'><strong>Cyrilli,</strong></span> <span class='ocrx_word' id='word_1_647' title='bbox 1645 4900 1672 4935; x_wconf 85' lang='lat' dir='ltr'><strong>ex</strong></span> <span class='ocrx_word' id='word_1_648' title='bbox 1685 4887 1767 4952; x_wconf 85' lang='lat' dir='ltr'><strong>quihus</strong></span> 
     </span>
     <span class='ocr_line' id='line_1_91' title="bbox 1031 4954 1766 5018; baseline 0.012 -14"><span class='ocrx_word' id='word_1_649' title='bbox 1031 4954 1069 5005; x_wconf 90' lang='lat' dir='ltr'><strong>ille</strong></span> <span class='ocrx_word' id='word_1_650' title='bbox 1083 4954 1171 5018; x_wconf 83' lang='lat' dir='ltr'><strong>colligit</strong></span> <span class='ocrx_word' id='word_1_651' title='bbox 1198 4968 1265 5006; x_wconf 85' lang='lat' dir='ltr'><strong>nnana</strong></span> <span class='ocrx_word' id='word_1_652' title='bbox 1278 4955 1307 5006; x_wconf 89' lang='lat' dir='ltr'><strong>ah</strong></span> <span class='ocrx_word' id='word_1_653' title='bbox 1332 4956 1375 5008; x_wconf 92' lang='lat' dir='ltr'><strong>hoc</strong></span> <span class='ocrx_word' id='word_1_654' title='bbox 1404 4962 1507 5008; x_wconf 89' lang='lat' dir='ltr'><strong>naturam</strong></span> <span class='ocrx_word' id='word_1_655' title='bbox 1534 4958 1556 5008; x_wconf 93' lang='lat' dir='ltr'><strong>in</strong></span> <span class='ocrx_word' id='word_1_656' title='bbox 1575 4958 1663 5012; x_wconf 78' lang='lat' dir='ltr'><strong>Chrido</strong></span> <span class='ocrx_word' id='word_1_657' title='bbox 1677 4963 1766 5013; x_wconf 89' lang='lat' dir='ltr'><strong>cousti-</strong></span> 
     </span>
     <span class='ocr_line' id='line_1_92' title="bbox 1031 5034 1764 5089; baseline 0.012 -9"><span class='ocrx_word' id='word_1_658' title='bbox 1031 5034 1111 5081; x_wconf 88' lang='lat' dir='ltr'><strong>tutam.</strong></span> <span class='ocrx_word' id='word_1_659' title='bbox 1733 5038 1764 5089; x_wconf 81' lang='lat' dir='ltr'><strong>at</strong></span> 
     </span>
    </p>
   </div>
   <div class='ocr_carea' id='block_1_19' title="bbox 999 5104 1765 5175">
    <p class='ocr_par' dir='ltr' id='par_1_20' title="bbox 999 5104 1765 5175">
     <span class='ocr_line' id='line_1_93' title="bbox 999 5104 1765 5175; baseline 0.014 -20"><span class='ocrx_word' id='word_1_660' title='bbox 999 5104 1084 5157; x_wconf 78' lang='lat' dir='ltr'><strong>Garun</strong></span> <span class='ocrx_word' id='word_1_661' title='bbox 1097 5104 1155 5155; x_wconf 82' lang='lat' dir='ltr'><strong>vill.</strong></span> <span class='ocrx_word' id='word_1_662' title='bbox 1176 5107 1198 5155; x_wconf 90' lang='lat' dir='ltr'><strong>t.</strong></span> <span class='ocrx_word' id='word_1_663' title='bbox 1218 5105 1318 5165; x_wconf 79' lang='lat' dir='ltr'><strong>unarum</strong></span> <span class='ocrx_word' id='word_1_664' title='bbox 1341 5107 1370 5157; x_wconf 90' lang='lat' dir='ltr'><strong>ah</strong></span> <span class='ocrx_word' id='word_1_665' title='bbox 1392 5110 1508 5173; x_wconf 88' lang='lat' dir='ltr'><strong>huonymu</strong></span> <span class='ocrx_word' id='word_1_666' title='bbox 1521 5109 1545 5160; x_wconf 92' lang='lat' dir='ltr'><strong>iu</strong></span> <span class='ocrx_word' id='word_1_667' title='bbox 1559 5108 1635 5175; x_wconf 77' lang='lat' dir='ltr'><strong>cyrilli</strong></span> <span class='ocrx_word' id='word_1_668' title='bbox 1649 5113 1765 5166; x_wconf 72' lang='lat' dir='ltr'><strong>mutentits</strong></span> 
     </span>
    </p>
   </div>
   <div class='ocr_carea' id='block_1_20' title="bbox 1030 5179 1766 5552">
    <p class='ocr_par' dir='ltr' id='par_1_21' title="bbox 1030 5179 1766 5552">
     <span class='ocr_line' id='line_1_94' title="bbox 1031 5179 1765 5254; baseline 0.014 -23"><span class='ocrx_word' id='word_1_669' title='bbox 1031 5179 1149 5231; x_wconf 83' lang='lat' dir='ltr'><strong>obseruata</strong></span> <span class='ocrx_word' id='word_1_670' title='bbox 1173 5188 1337 5247; x_wconf 89' lang='lat' dir='ltr'><strong>proponuntur.</strong></span> <span class='ocrx_word' id='word_1_671' title='bbox 1366 5184 1390 5233; x_wconf 69' lang='grc' dir='ltr'><strong>Ξ.</strong></span> <span class='ocrx_word' id='word_1_672' title='bbox 1424 5185 1524 5235; x_wconf 87' lang='lat' dir='ltr'><strong>Primum</strong></span> <span class='ocrx_word' id='word_1_673' title='bbox 1555 5186 1676 5249; x_wconf 84' lang='lat' dir='ltr'><strong>excutitur,</strong></span> <span class='ocrx_word' id='word_1_674' title='bbox 1704 5189 1765 5254; x_wconf 86' lang='lat' dir='ltr'><strong>quoa</strong></span> 
     </span>
     <span class='ocr_line' id='line_1_95' title="bbox 1031 5254 1765 5328; baseline 0.01 -21"><span class='ocrx_word' id='word_1_675' title='bbox 1031 5260 1066 5308; x_wconf 86' lang='lat' dir='ltr'><strong>est</strong></span> <span class='ocrx_word' id='word_1_676' title='bbox 1077 5254 1147 5325; x_wconf 77' lang='lat' dir='ltr'><strong>priori</strong></span> <span class='ocrx_word' id='word_1_677' title='bbox 1157 5257 1215 5322; x_wconf 88' lang='lat' dir='ltr'><strong>apud</strong></span> <span class='ocrx_word' id='word_1_678' title='bbox 1230 5256 1337 5322; x_wconf 78' lang='lat' dir='ltr'><strong>cyrillum</strong></span> <span class='ocrx_word' id='word_1_679' title='bbox 1359 5272 1401 5324; x_wconf 96' lang='lat' dir='ltr'><strong>pro</strong></span> <span class='ocrx_word' id='word_1_680' title='bbox 1420 5263 1509 5321; x_wconf 89' lang='lat' dir='ltr'><strong>natura,</strong></span> <span class='ocrx_word' id='word_1_681' title='bbox 1522 5274 1567 5311; x_wconf 92' lang='lat' dir='ltr'><strong>uon</strong></span> <span class='ocrx_word' id='word_1_682' title='bbox 1581 5267 1654 5313; x_wconf 87' lang='lat' dir='ltr'><strong>auten</strong></span> <span class='ocrx_word' id='word_1_683' title='bbox 1669 5277 1765 5328; x_wconf 86' lang='lat' dir='ltr'><strong>persona</strong></span> 
     </span>
     <span class='ocr_line' id='line_1_96' title="bbox 1030 5333 1766 5403; baseline 0.007 -19"><span class='ocrx_word' id='word_1_684' title='bbox 1030 5334 1113 5400; x_wconf 92' lang='lat' dir='ltr'><strong>accipi.</strong></span> <span class='ocrx_word' id='word_1_685' title='bbox 1131 5334 1180 5386; x_wconf 86' lang='lat' dir='ltr'><strong>lloc</strong></span> <span class='ocrx_word' id='word_1_686' title='bbox 1194 5346 1239 5384; x_wconf 92' lang='lat' dir='ltr'><strong>nun</strong></span> <span class='ocrx_word' id='word_1_687' title='bbox 1254 5333 1315 5383; x_wconf 90' lang='lat' dir='ltr'><strong>omni</strong></span> <span class='ocrx_word' id='word_1_688' title='bbox 1339 5346 1366 5383; x_wconf 87' lang='lat' dir='ltr'><strong>ex</strong></span> <span class='ocrx_word' id='word_1_689' title='bbox 1390 5339 1453 5400; x_wconf 90' lang='lat' dir='ltr'><strong>parte</strong></span> <span class='ocrx_word' id='word_1_690' title='bbox 1467 5348 1544 5386; x_wconf 86' lang='lat' dir='ltr'><strong>rerum</strong></span> <span class='ocrx_word' id='word_1_691' title='bbox 1558 5341 1605 5397; x_wconf 88' lang='lat' dir='ltr'><strong>est;</strong></span> <span class='ocrx_word' id='word_1_692' title='bbox 1621 5338 1661 5388; x_wconf 88' lang='lat' dir='ltr'><strong>sed</strong></span> <span class='ocrx_word' id='word_1_693' title='bbox 1678 5338 1766 5403; x_wconf 87' lang='lat' dir='ltr'><strong>signill-</strong></span> 
     </span>
     <span class='ocr_line' id='line_1_97' title="bbox 1031 5408 1763 5478; baseline 0.003 -15"><span class='ocrx_word' id='word_1_694' title='bbox 1031 5415 1095 5463; x_wconf 81' lang='lat' dir='ltr'><strong>catur</strong></span> <span class='ocrx_word' id='word_1_695' title='bbox 1109 5414 1199 5473; x_wconf 89' lang='lat' dir='ltr'><strong>natura,</strong></span> <span class='ocrx_word' id='word_1_696' title='bbox 1217 5424 1261 5474; x_wconf 88' lang='lat' dir='ltr'><strong>qua</strong></span> <span class='ocrx_word' id='word_1_697' title='bbox 1279 5408 1302 5460; x_wconf 93' lang='lat' dir='ltr'><strong>in</strong></span> <span class='ocrx_word' id='word_1_698' title='bbox 1317 5423 1362 5460; x_wconf 92' lang='lat' dir='ltr'><strong>uuo</strong></span> <span class='ocrx_word' id='word_1_699' title='bbox 1382 5409 1459 5476; x_wconf 90' lang='lat' dir='ltr'><strong>aliquo</strong></span> <span class='ocrx_word' id='word_1_700' title='bbox 1472 5410 1587 5464; x_wconf 82' lang='lat' dir='ltr'><strong>individuo</strong></span> <span class='ocrx_word' id='word_1_701' title='bbox 1596 5413 1670 5478; x_wconf 86' lang='lat' dir='ltr'><strong>reipsa</strong></span> <span class='ocrx_word' id='word_1_702' title='bbox 1683 5418 1763 5474; x_wconf 86' lang='lat' dir='ltr'><strong>exstat,</strong></span> 
     </span>
     <span class='ocr_line' id='line_1_98' title="bbox 1031 5484 1763 5552; baseline 0.005 -16"><span class='ocrx_word' id='word_1_703' title='bbox 1031 5490 1052 5536; x_wconf 92' lang='lat' dir='ltr'><strong>et</strong></span> <span class='ocrx_word' id='word_1_704' title='bbox 1078 5486 1218 5552; x_wconf 89' lang='lat' dir='ltr'><strong>suppositum</strong></span> <span class='ocrx_word' id='word_1_705' title='bbox 1245 5484 1347 5549; x_wconf 85' lang='lat' dir='ltr'><strong>contuse,</strong></span> <span class='ocrx_word' id='word_1_706' title='bbox 1376 5489 1399 5536; x_wconf 90' lang='lat' dir='ltr'><strong>et</strong></span> <span class='ocrx_word' id='word_1_707' title='bbox 1424 5485 1594 5540; x_wconf 88' lang='lat' dir='ltr'><strong>indeterminate</strong></span> <span class='ocrx_word' id='word_1_708' title='bbox 1607 5493 1722 5541; x_wconf 85' lang='lat' dir='ltr'><strong>connotat.</strong></span> <span class='ocrx_word' id='word_1_709' title='bbox 1738 5489 1763 5541; x_wconf 82' lang='grc'><strong>3.</strong></span> 
     </span>
    </p>
   </div>
   <div class='ocr_carea' id='block_1_21' title="bbox 0 0 2042 6180">
    <p class='ocr_par' dir='ltr' id='par_1_22' title="bbox 0 0 2042 6180">
     <span class='ocr_line' id='line_1_99' title="bbox 0 0 2042 6180; baseline 0 0"><span class='ocrx_word' id='word_1_710' title='bbox 0 0 2042 6180; x_wconf 95' lang='lat' dir='ltr'><strong> </strong></span> 
     </span>
    </p>
   </div>
  </div>
 </body>
</html>
