3932 6142
346 309 406 372 210
852 303 1178 369 THEOLOGIGORUM
1203 302 1421 368 nouuhruu

349 475 441 537 Addit
452 493 485 538 ss
499 476 532 536 in
544 475 636 536 Creta
646 473 749 534 insula
760 473 948 535 collocutum
961 488 1027 535 esse
1041 488 1114 534 cum
1162 469 1255 531 nibus
1268 470 1422 532 damnatae
1435 476 1518 534 sunt.
1535 472 1595 534 Sed
1611 472 1678 534 hmo
1696 470 1786 532 uobis
1800 489 1898 534 suun·

347 568 498 648 episcopis
525 566 719 642 Severianis,
742 583 857 645 eosque
885 567 1019 638 dixisse,
1044 566 1114 626 ideo
1164 562 1235 636 tius,
1251 581 1286 623 ac
1299 581 1354 642 per
1367 569 1469 643 partes
1482 564 1756 642 suntexplicanda.

352 678 442 720 cnon
457 660 576 740 placere
587 654 646 718 sibi
658 659 736 718 duas
749 658 943 737 operationes
951 659 986 717 in
995 657 1114 718 Christo
1203 650 1255 712 Vl.
1278 654 1348 714 lliri
1367 655 1590 716 Monotheletas
1610 662 1737 717 naturas
1757 655 1791 715 iu
1805 655 1900 717 Christo

235 816 237 819 ,
347 766 473 830 ponere,
493 757 528 812 ut
550 751 643 812 estin
659 749 769 810 Leonis
789 755 890 818 torno,
907 746 1115 828 quodexillis
1164 742 1240 804 duas
1262 745 1427 824 perlectas,
1457 752 1488 808 et
1512 747 1648 827 integras
1673 765 1746 808 cum
1767 747 1902 809 Catholicis
1926 776 1941 819 a,

348 842 476 903 totidem
488 842 663 903 voluntates
685 841 832 921 consequi
852 858 976 903 necesse
997 840 1036 901 sit
1056 858 1116 901 :ac
1164 837 1335 914 agnovisse.
1353 839 1480 900 Constat
1499 839 1560 901 hoo
1574 858 1614 903 ex
1638 840 1759 921 synodo
1773 844 1861 913 mata,
1877 829 1931 900 in¹

347 933 424 994 duas
435 934 507 995 inde
520 950 677 1012 personas.
699 952 712 991 ι
1164 946 1226 1007 qua
1238 929 1403 1010 diligenter
1415 932 1552 1012 exposita
1565 979 1573 1010 ,
1587 936 1620 994 et
1636 932 1783 993 damnate
1801 936 1842 993 est
1851 931 1904 992 ha·

387 1026 656 1100 Quemadmodum
666 1042 740 1088 vero
750 1026 1012 1087 Nestoriusunam
1020 1025 1114 1085 etism
1164 1021 1240 1081 resis
1256 1021 1325 1082 iste.
1348 1022 1467 1103 Quippe
1489 1024 1523 1084 in
1541 1024 1662 1085 actione
1680 1029 1767 1085 sexta
1780 1022 1905 1086 Macerino

348 1118 540 1180 voluntatem
554 1116 588 1177 in
605 1117 724 1178 Christo
745 1118 844 1179 inesse
863 1118 1013 1191 docuerit,
1035 1116 1114 1177 dixi·
1165 1111 1376 1175 Antiochenus
1396 1114 1538 1176 lectionis
1560 1115 1642 1177 illius
1660 1115 1802 1191 antistes,
1820 1115 1850 1176 in
1865 1134 1905 1191 ea,

349 1224 420 1272 mus
433 1211 467 1270 in
480 1206 559 1270 libro
571 1209 672 1288 primo
684 1207 707 1270 ¹.
731 1228 746 1267 e
1165 1221 1260 1282 quam
1273 1204 1378 1284 jussus
1395 1207 1500 1283 edidit,
1516 1207 1590 1272 fidei
1607 1206 1797 1271 confessione
1816 1208 1907 1270 disens

179 1310 258 1410 ilyterio
272 1323 313 1376 cur,
388 1303 431 1363 V.
456 1302 535 1363 Hinc
551 1305 690 1381 apparet,
706 1301 869 1362 haereticos
891 1301 970 1373 illos,
986 1316 1065 1380 quos
1078 1298 1117 1360 ab
1165 1295 1320 1357 Christum
1341 1298 1490 1377 praedicat
1514 1323 1528 1352 ι
1549 1305 1618 1379 post
1640 1300 1873 1362 incarnationem
1882 1300 1907 1361 in

200 1371 326 1473 lichiam
350 1394 452 1471 unica,
464 1399 495 1454 et
507 1392 656 1472 singulari
666 1391 837 1470 voluntate,
853 1409 948 1473 quam
961 1392 994 1452 in
1007 1394 1073 1452 Deo
1087 1397 1118 1451 et
1166 1385 1287 1448 duabus
1307 1389 1448 1467 perfectis
1468 1392 1588 1452 naturis
1604 1392 1671 1453 sine
1690 1392 1868 1467 confusione,
1879 1410 1907 1455 ac

202 1483 298 1569 ,ffl
350 1486 478 1547 homine
491 1486 611 1547 Christo
633 1485 873 1562 constituebant,
896 1484 1118 1547 Monotheletas
1166 1478 1316 1541 divisione
1326 1478 1360 1541 in
1371 1500 1436 1543 una
1445 1484 1724 1564 existerepersona,
1735 1484 1908 1565 ethypostesi

351 1578 474 1658 proprie
488 1582 654 1653 vocarunt,
670 1595 735 1638 uon
748 1577 841 1638 fuisse
859 1575 1013 1657 principes
1031 1574 1118 1635 istius
1167 1587 1247 1647 una,
1276 1590 1430 1652 nusquam
1455 1575 1629 1637 differentia
1649 1582 1831 1638 naturarum
1852 1574 1907 1637 uni·

350 1671 507 1731 asserendi
531 1668 705 1748 dogmatis3
733 1669 787 1729 sed
811 1674 883 1729 ante
902 1667 960 1728 hos
982 1666 1118 1746 idipsum
1166 1662 1250 1725 tione
1272 1665 1393 1727 sublate
1414 1685 1422 1726 ε
1441 1666 1494 1728 sed
1513 1675 1631 1730 serrata
1649 1668 1754 1749 potius
1771 1668 1909 1747 utriusque

351 1760 607 1840 Apollinaristas,
637 1766 668 1821 et
701 1758 911 1840 Eutychianos
943 1758 1114 1819 tradidisse.
1167 1754 1353 1835 proprietate
1367 1764 1498 1836 naturas,
1514 1764 1546 1821 et
1562 1760 1595 1820 in
1613 1774 1711 1821 unam
1731 1764 1909 1822 concurrente

341 1854 469 1914 ·Vcrum
493 1854 576 1932 quod
590 1852 651 1926 isti,
666 1870 704 1913 ex
718 1851 866 1931 primerio
883 1851 1037 1926 instituto,
1053 1868 1118 1910 mo·
1166 1864 1332 1925 personam
1350 1857 1382 1911 et
1401 1869 1497 1912 unam
1514 1852 1738 1932 hypostasim
1759 1878 1775 1908 ι
1801 1854 1910 1915 'lhtmlu

352 1945 450 2005 menti
471 1945 597 2024 majoris
621 1944 775 2019 haeresim,
794 1949 826 2004 et
844 1944 930 2022 cujus
953 1940 1030 2003 illud
1052 1947 1119 2003 erat
1166 1938 1228 1999 slis
1239 1939 1375 2020 longiori
1382 1943 1573 2020 expositione
1581 1944 1683 2021 fider,
1698 1963 1769 2024 quae
1779 1947 1810 2006 in
1822 1947 1909 2009 eadem

351 2036 568 2098 tantummodo
582 2032 816 2112 consectarium,
829 2034 943 2096 inferre
961 2034 1116 2096 conaban·
1167 2031 1287 2093 actione
1300 2033 1379 2095 lecta
1392 2040 1438 2095 est
1454 2034 1590 2096 duarum
1602 2041 1787 2098 naturarum
1803 2038 1909 2100 dhhno

352 2134 419 2206 tur3
435 2147 548 2209 nempe
575 2129 653 2189 duas
679 2129 794 2189 Christi
819 2134 946 2189 naturas
966 2128 1000 2188 in
1023 2138 1118 2188 unum
1167 2123 1347 2201 uocemue
1367 2131 1478 2188 caetera
1501 2128 1736 2206 ejusdemmodi3
1759 2147 1798 2191 ex
1825 2128 1910 2192 catho-

351 2222 500 2283 conflatas
515 2241 522 2280 :
540 2221 689 2282 Catholici
701 2221 735 2281 in
748 2219 829 2280 hane
839 2218 1001 2300 capitalem
1015 2220 1117 2281 labem
1167 2215 1226 2276 lica
1252 2217 1361 2296 regula
1386 2220 1541 2281 uberrime
1571 2219 1737 2281 declarst¹.
1767 2222 1811 2283 lta
1834 2222 1912 2303 Cyrus

351 2320 382 2375 et
396 2313 697 2394 perniciemintenti,
714 2314 795 2374 deca
804 2311 999 2392 potissimum
1013 2312 1119 2372 adver·
1167 2307 1392 2370 Alexandrinus
1406 2311 1576 2391 episcnpus,
1592 2330 1676 2374 unus
1690 2328 1729 2374 ex
1739 2312 1909 2377 Monothelc·

350 2423 403 2466 sus
432 2405 501 2466 illos
533 2404 739 2480 laboraruut3
776 2422 853 2484 quos
887 2403 1119 2483 ltlonophysitas
1166 2406 1270 2462 tarum
1280 2407 1369 2463 sectae
1379 2403 1600 2480 conditoribus,
1612 2411 1764 2466 schumet
1776 2406 1913 2487 inconup

351 2499 461 2570 etism,
491 2495 531 2556 ab
557 2500 694 2572 naturae,
725 2512 791 2555 non
812 2494 1053 2568 Monotheletas,
1078 2495 1118 2555 ab
1166 2496 1232 2553 tem
1257 2492 1479 2556 incarnationis
1503 2496 1538 2556 in
1566 2497 1686 2558 ceteris
1711 2497 1911 2560 confessionem

350 2587 650 2649 voluntatisunitste
665 2586 881 2648 nominarunt.
898 2587 1052 2647 Caeterum
1064 2585 1117 2666 qui
1167 2586 1433 2648 anathematismis
1456 2588 1521 2650 suis
1542 2588 1715 2666 mandarit,
1742 2608 1869 2670 quorsum
1886 2591 1912 2651 in

349 2686 419 2761 post
435 2679 625 2760 antiquiores
646 2678 716 2740 illos
729 2678 885 2757 synodicis
899 2677 1027 2739 decretis
1044 2697 1118 2739 con·
1167 2679 1297 2758 septimo
1310 2679 1395 2740 virus
1408 2679 1533 2742 nefarius
1546 2680 1673 2742 heresis
1686 2684 1823 2761 aspersit.
1833 2685 1871 2745 hc
1881 2700 1912 2743 nc

349 2773 439 2849 fixos,
455 2776 487 2833 et
499 2771 704 2852 proscriptos,
719 2769 861 2830 eamdem
886 2769 950 2830 fere
969 2788 1039 2831 cum
1058 2770 1118 2830 illis
1167 2769 1291 2850 longius
1304 2771 1425 2843 faciam,
1441 2790 1549 2833 omnes
1560 2771 1643 2833 illius
1659 2779 1749 2834 sectae
1767 2774 1913 2855 principes,

348 2864 491 2925 haeresim
502 2863 674 2924 instaurare
684 2862 879 2935 studuerunt,
889 2862 926 2923 de
934 2867 1118 2923 naturarum
1167 2880 1302 2940 quorum
1330 2865 1362 2923 in
1390 2869 1475 2924 sexta
1497 2865 1636 2945 synodo,
1656 2870 1687 2926 et
1708 2874 1782 2928 ante
1801 2865 1914 2928 henciu

349 2974 482 3017 numero
495 2955 583 3017 litem
597 2971 722 3015 movere
742 2972 808 3015 non
824 2953 904 3029 susi,
920 2972 960 3038 ne
974 2953 1008 3013 in
1022 2956 1118 3034 Euty·
1166 2953 1364 3016 Laterancnsi
1386 2954 1444 3016 sub
1468 2955 1619 3031 Martino,
1641 2956 1715 3017 fidei
1736 2957 1872 3020 formula
1888 2977 1915 3019 ac

348 3048 413 3109 chis
423 3048 655 3108 damnationem
663 3046 870 3119 incurrerent,
881 3045 1010 3121 occulte,
1020 3063 1118 3124 seper
1167 3047 1385 3127 descriptiones
1392 3052 1523 3125 emtant,
1534 3066 1599 3109 uno
1611 3054 1738 3129 excepto
1752 3050 1913 3127 voluntatis,

349 3140 508 3200 cuniculos
525 3139 633 3199 eodem
647 3137 808 3217 pervenire
822 3137 925 3198 conati
939 3143 1020 3198 sunt.
1038 3138 1117 3199 Nam
1167 3145 1198 3200 et
1210 3140 1398 3219 operationis
1411 3141 1505 3201 unius
1519 3141 1674 3220 dogmate,
1691 3160 1765 3203 cum
1779 3142 1916 3205 catholicis

348 3238 476 3293 naturas
494 3231 571 3291 duas
591 3230 707 3310 palam,
723 3248 759 3290 se
780 3230 871 3309 pleno
897 3246 950 3289 ore
975 3227 1115 3308 professi,
1166 3231 1295 3292 decretis
1306 3232 1340 3291 in
1355 3233 1498 3293 omuibus
1510 3234 1719 3295 consentiunt.

348 3330 532 3386 naturarum
545 3322 681 3403 propria,
693 3327 800 3397 οὐσιώδη
811 3320 1013 3394 sustulerunt,
1024 3321 1118 3383 facul·
1207 3326 1361 3385 Caeterum
1371 3324 1405 3385 in
1414 3324 1540 3386 haercsis
1554 3344 1618 3387 sua
1632 3326 1753 3389 ratione
1766 3324 1916 3404 reddenda,

347 3423 425 3478 tutes
447 3415 616 3497 operandi,
636 3432 672 3475 so
693 3412 819 3473 volendi
836 3413 983 3474 humente
1008 3413 1118 3475 insitas
1167 3420 1198 3477 et
1230 3416 1296 3496 ejus
1331 3417 1522 3497 expositione
1557 3418 1639 3479 inter
1667 3436 1700 3482 se
1731 3420 1916 3495 discordant,
1949 3468 1954 3476 .

347 3516 478 3585 naturae,
494 3514 525 3568 et
539 3511 760 3568 consentaneas
778 3505 839 3565 illis
858 3505 1008 3579 actiones,
1032 3522 1116 3585 prce·
1166 3525 1203 3569 ac
1226 3508 1381 3570 dissident.
1416 3511 1516 3584 Quam
1537 3510 1663 3571 illorum
1691 3513 1918 3575 inconstantiam

347 3601 454 3662 sertim
467 3598 635 3661 voluntatis
650 3615 657 3657 :
674 3598 758 3658 unde
772 3596 1030 3658 etltlonothelctae
1044 3603 1118 3659 scint
1166 3600 1323 3670 traducit,
1365 3619 1400 3662 ac
1433 3602 1574 3681 deplorat
1609 3603 1729 3682 Agatho
1773 3606 1918 3667 &manus

348 3693 431 3753 dicti.
443 3692 533 3758 Quod
542 3691 669 3769 quidem
679 3689 820 3749 similiter
829 3690 862 3749 in
875 3688 1027 3750 haereticis
1039 3689 1114 3768 istis,
1165 3690 1303 3771 pontifex
1316 3691 1351 3751 in
1370 3692 1498 3772 epistola
1511 3692 1671 3774 synodica,
1687 3714 1762 3775 quae
1777 3698 1919 3759 intererit

348 3791 441 3861 atque
454 3784 487 3842 in
501 3782 622 3843 Arianis
638 3781 729 3855 olim,
746 3780 868 3857 occidit,
883 3781 937 3859 qui
951 3799 1023 3841 cum
1036 3799 1115 3860 prse-
1165 3784 1277 3862 synodi
1291 3789 1383 3845 sexta
1397 3784 1511 3864 legitur
1520 3783 1542 3845 ⁸.
1556 3785 1634 3846 Nam
1647 3785 1722 3847 alias
1748 3805 1919 3868 unamope-

348 3889 396 3937 ter
408 3874 610 3956 principalem
632 3890 782 3949 errorem,
798 3891 860 3952 quo
879 3872 946 3934 Filii
972 3873 1118 3935 divinita·
1166 3875 1319 3936 rationem
1339 3874 1395 3936 Dei
1413 3881 1445 3937 et
1462 3876 1598 3938 hominis
1613 3877 1727 3939 Christi
1745 3880 1917 3953 statuebant,

347 3974 412 4030 tem
435 3964 681 4046 impugnabant,
705 3965 781 4026 elios
801 3954 939 4045 insuper'
952 3965 1092 4026 foverent
1106 3986 1114 4043 ;
1167 3985 1262 4047 quam
1276 3972 1307 4028 et
1321 3967 1508 4045 Deivirilem,
1533 3968 1565 4029 id
1580 3970 1779 4046 esttccctpuhv
1793 3972 1919 4034 nomina·

346 4080 382 4122 ao
397 4060 530 4140 Spiritus
543 4057 640 4119 sancti
649 4056 803 4118 divinitati
814 4076 879 4118 non
890 4057 995 4118 minus
1006 4058 1115 4119 adver·
1165 4061 1242 4120 bant
1267 4078 1274 4119 :
1296 4064 1333 4119 ut
1357 4059 1455 4140 Cyrus
1481 4060 1729 4140 Alexandrinus,
1756 4063 1920 4127 Theodorus
1955 4012 1956 4101 l

346 4157 513 4212 serentur:
533 4157 693 4211 tumuere
715 4149 886 4209 humanam
907 4144 1026 4210 Christo
1049 4151 1116 4211 sni-
1166 4148 1373 4228 Pharanites,
1394 4152 1519 4229 Sergius
1545 4153 1919 4237 Constantinopolitanae,

347 4261 431 4303 mam
455 4242 690 4317 subtraherent,
707 4240 772 4301 sola
787 4241 816 4300 ei
837 4258 929 4301 earne
948 4259 1114 4303 concessa:
1169 4242 1308 4322 Pyrrhus
1320 4242 1396 4302 item
1412 4243 1788 4326 Constantinopolitanus3
1803 4264 1922 4310 necnon

348 4334 562 4395 nihillominus
575 4333 669 4394 solius
683 4330 793 4412 prioris
811 4330 961 4392 invidiam
975 4332 1117 4395 catholici
1166 4334 1289 4403 Paulus,
1306 4340 1336 4396 et
1349 4335 1456 4395 Petrus
1471 4336 1538 4414 ejus
1551 4355 1758 4415 successores3
1775 4340 1849 4402 alies
1859 4356 1923 4400 vero

347 4427 451 4487 Patres
469 4425 531 4486 illis
544 4424 632 4485 initio
645 4424 800 4500 fecerunt;
814 4424 917 4484 minus
932 4442 1039 4486 curare
1057 4425 1117 4486 visi
1165 4426 1242 4487 diras
1256 4426 1461 4502 agnoscebant
1475 4428 1681 4508 operationes,
1696 4436 1730 4492 et
1743 4432 1922 4505 voluntates,
1955 4430 1956 4511 l

346 4524 469 4594 ecetera,
490 4519 522 4578 in
541 4534 612 4596 quae
631 4515 757 4576 nonnisi
780 4532 820 4576 ex
839 4515 1040 4595 consequenti
1062 4517 1116 4578 de·
1165 4518 1240 4580 alias
1259 4519 1393 4598 denique
1415 4538 1473 4581 nec
1491 4539 1599 4599 uuam,
1614 4540 1673 4584 noc
1691 4523 1773 4586 duas
1792 4522 1925 4586 dicendas
1955 4532 1956 4541 ³

345 4606 433 4690 lapsa
456 4607 620 4671 videbatur
646 4606 794 4688 primaria
816 4604 943 4669 illorum
970 4608 1113 4670 haeresis:
1165 4628 1230 4672 esse
1242 4611 1459 4689 decernebant,
1475 4617 1513 4674 ut
1530 4612 1564 4675 in
1580 4613 1715 4690 Euthesi,
1732 4614 1884 4693 Heraclii,
1900 4618 1926 4677 et
1955 4604 1956 4659 l

346 4719 408 4782 qua
422 4700 596 4781 profligata,
616 4719 687 4780 quas
704 4699 744 4760 ad
764 4699 838 4760 istas
856 4699 1000 4780 deinceps
1019 4719 1117 4762 acces·
1165 4703 1199 4764 in
1226 4704 1334 4784 Typo,
1358 4704 1530 4766 Constantii
1556 4706 1686 4769 nomine
1711 4707 1927 4786 editis,horum

347 4791 449 4855 aiones
462 4793 619 4855 adhaesere
632 4797 733 4868 sectae,
749 4791 881 4872 propriis
892 4810 1001 4854 esrum
1013 4793 1115 4855 nomi·
1166 4796 1341 4856 conditores
1363 4796 1499 4876 episcopi
1516 4797 1852 4880 Constantinopolitani
1871 4806 1926 4861 trs·

384 4988 405 5029 a
423 4971 528 5029 Micca.
544 4970 573 5027 in
589 4984 652 5041 syn.
668 4970 715 5028 vt.
739 4967 877 5043 Ὀμολογῷ
891 4971 933 5025 τὸν
950 4969 1031 5042 κύριον
1044 4967 1115 5044 ἡμῶν
1163 4977 1267 5043 attechi
1292 4973 1386 5047 φύσεων
1407 4976 1522 5048 διαφορᾶς
1542 4975 1694 5050 ἀνῃρημένης
1719 4977 1764 5034 διὰ
1778 4975 1823 5048 τὴν
1837 4978 1927 5043 acac,
1955 4978 1956 5049 l

351 5050 451 5124 Ἰησοῦν
466 5053 571 5125 Χριστὸν
589 5052 633 5106 ἕνα
648 5057 691 5121 τῆς
707 5047 1033 5126 &praeceaebant
1052 5050 1117 5127 pech
1165 5059 1307 5131 σωζομένης
1319 5058 1346 5112 ct
1368 5059 1463 5131 μᾶλλον
1488 5062 1532 5128 τῆς
1551 5058 1670 5131 ἰδιότητος
1693 5059 1814 5135 harim
1835 5063 1927 5136 shows
1955 5066 1956 5115 l

347 5138 391 5206 τὴν
415 5138 536 5209 adparuisse
560 5130 584 5188 tr
601 5135 655 5189 boat
676 5135 779 5200 τιλιίαις
798 5135 896 5208 φύσεσιν
911 5135 1117 5209 ἀσυγχύτως,καὶ
1165 5139 1490 5214 καὶιίςῖνπρόσωπονμιαὶ
1504 5140 1561 5217 μίαν
1574 5142 1707 5200 διόπων
1718 5146 1905 5221 συντρεχούσης.
1955 5118 1956 5199 i

348 5216 1118 5292 tracquatacatapasaqmttaoectccpassosque

377 5387 456 5496 tgup.
470 5396 513 5439 ιιι,
523 5394 612 5443 paragr.
624 5385 647 5429 9.
656 5407 685 5420 -
696 5385 711 5429 h
721 5384 775 5431 ilde
786 5386 810 5432 ln
821 5386 870 5433 het.
883 5398 931 5444 syn.
946 5392 1018 5432 sorte
1028 5404 1056 5440 5-
1067 5382 1159 5441 tercii·
1173 5384 1250 5430 unsth.
1264 5384 1288 5428 ln
1298 5389 1352 5430 ιιιι.
1366 5383 1443 5440 synod
1453 5388 1495 5431 act
1509 5385 1558 5432 ιιιι.
1567 5406 1595 5421 -
1608 5384 1622 5431 t
1634 5384 1720 5445 Agatho
1731 5388 1757 5434 lu
1770 5387 1821 5436 het.
1833 5394 1856 5433 n
1868 5384 1927 5443 φοί

348 5462 384 5495 ιιι
413 5476 419 5496 t
