4076 6180
548 369 598 429 DE
618 369 923 438 INGARNATIONE,
945 370 1020 430 LIB.
1042 370 1125 447 Xlil,
1147 368 1233 430 CAP.
1254 370 1329 431 XII.

150 546 184 588 1n
196 548 233 591 ea
247 549 347 592 eausae
361 550 425 593 suae
438 532 672 597 firmamentum
686 534 861 609 constituit3
883 543 920 597 ut

152 629 183 682 et
209 625 375 686 Armaeaui
402 627 514 686 caeteri.
541 626 602 686 Sed
623 645 754 694 cassum,
780 627 919 688 uolatile

8 724 120 785 mm
152 716 210 777 sibi
248 718 427 794 presidium
459 719 620 790 advocant,
653 737 788 797 vereque
821 724 918 797 συν1κην

20 833 76 873 rm
153 810 824 888 ἐπικουρίαν,111111111111111101111111111111111111.
841 814 918 872 Nam

153 919 255 979 neque
277 903 422 981 ponderis
437 903 531 964 ullius
551 904 677 982 epistola
698 910 743 963 est
756 905 831 979 ista;
848 905 919 965 etsi

152 993 226 1071 quid
238 994 481 1055 Armacanornm
490 996 744 1073 sectamadjuvat,
755 997 919 1074 eoipsorel

152 1085 294 1146 eumdem
315 1087 425 1147 evertit
438 1088 534 1161 illam,
562 1089 611 1148 rei
630 1088 809 1167 sibimetipsi
824 1089 918 1149 fidem

154 1194 281 1238 omnem
294 1179 443 1240 detrahit:
456 1199 490 1240 ac
504 1186 658 1259 postremo
673 1180 698 1239 si
712 1180 871 1258 legitimus
884 1200 919 1240 ac

153 1270 297 1348 proprius
319 1272 454 1351 epistolae
481 1273 569 1333 istius
597 1291 702 1334 seusus
725 1273 917 1345 adhibeatur,

138 1364 226 1422 -novi
248 1364 400 1441 dogmatis
417 1371 563 1444 patronos
590 1365 686 1424 nihilo
710 1365 920 1425 instructiores

152 1452 242 1515 lacit:
258 1457 323 1516 imo
342 1474 452 1517 eorum
475 1458 577 1536 potins
597 1457 768 1517 rationibus
789 1456 917 1517 obsistit.

153 1547 227 1607 Haec
240 1547 300 1607 tria
314 1554 425 1627 praeter
445 1550 568 1609 illorum
597 1556 745 1625 mentem,
758 1568 830 1609 vera
853 1568 918 1610 cer-

154 1645 246 1718 taque
258 1659 322 1701 esse
336 1642 516 1721 priusquam
528 1642 650 1721 colligo,
670 1660 824 1703 summam
839 1642 918 1720 epis-

152 1732 332 1793 tolaetotius
359 1753 523 1813 exponam.
549 1737 625 1795 Gum
653 1735 691 1794 ad
710 1735 918 1795 ordinandum

153 1825 284 1885 AEneam
313 1827 528 1887 Parisionsium
543 1830 721 1907 episcopum
748 1832 918 1887 conventus

152 1922 231 1976 esset
245 1918 460 1998 episcoporum
479 1920 576 1980 factus
598 1939 635 1979 ex
658 1937 814 1979 canonum
837 1938 916 1997 prra-

151 2007 263 2087 seripto
271 2007 292 2081 ¹,
301 2013 352 2089 qui
364 2012 540 2091 episcopum
550 2014 587 2072 ab
598 2012 742 2071 omnibus
752 2011 917 2089 provinciae

150 2102 298 2179 epscopis,
314 2104 416 2181 quoad
439 2104 507 2163 lieri
527 2110 637 2183 potest,
662 2103 798 2164 ordinari
814 2105 918 2182 praeci-

150 2191 255 2269 piunt3
272 2201 327 2254 aut
339 2196 364 2255 si
378 2195 499 2256 difficile
513 2197 545 2255 id
566 2202 611 2256 est
633 2196 726 2273 lactu,
746 2196 852 2256 saltem
868 2196 916 2271 iis,

77 2336 85 2347 .
151 2284 206 2361 qui
219 2285 323 2347 adesse
337 2295 507 2367 nequeunt,
525 2306 579 2368 per
600 2289 711 2367 scripta
723 2289 918 2349 consentien-

149 2375 244 2449 tibus,
273 2380 457 2442 Prudentius
478 2382 648 2454 Trecensis,
678 2381 731 2459 qui
750 2381 807 2440 sub
825 2382 918 2440 Seno

150 2470 240 2530 nensi
268 2472 513 2552 Metropolitum,
540 2481 575 2534 ut
589 2481 620 2535 et
634 2474 816 2533 Parisiensis
829 2474 915 2551 olim,

152 2563 345 2637 censebatur,
371 2585 443 2626 curn
465 2585 520 2645 per
537 2566 747 2628 valetudinem
772 2566 918 2627 interesse

151 2673 217 2716 non
231 2662 350 2734 posset3
373 2660 517 2719 missaad
538 2659 734 2719 Wenilonem
757 2660 917 2721 Senonen-

152 2763 216 2807 sem
232 2766 288 2826 per
304 2749 435 2811 ecelesiae
458 2770 522 2811 suec
544 2751 760 2830 presbyterum
779 2753 917 2830 epistola,

151 2839 236 2901 illius
246 2842 432 2902 ordinationi
451 2844 636 2921 suffragatus
650 2850 706 2919 est,
726 2844 779 2903 sod
789 2863 825 2903 ea
838 2845 916 2921 lege,

152 2940 189 2993 nt
216 2941 247 2995 et
274 2937 490 2996 Romanorum
523 2936 705 3012 pontificum
735 2936 926 3013 innocentii,¹

152 3028 278 3103 Zosimi,
307 3045 342 3088 ac
376 3033 585 3088 caeterorum:
615 3046 672 3087 nec
697 3045 761 3087 nou
799 3030 917 3103 Hilarii,

154 3117 320 3195 Ambrosii,
345 3120 520 3197 Augustini,
544 3120 739 3198 aliorumque
757 3121 921 3181 catholieo·

154 3232 226 3276 rum
255 3214 384 3292 scriptis,
409 3232 444 3273 ac
472 3213 560 3272 dictis
594 3212 813 3272 assentiretur:
845 3236 856 3269 «
887 3234 921 3275 uc

153 3306 326 3387 specialiter
352 3324 445 3384 super
472 3311 606 3383 quatuor
632 3305 782 3383 capitulis,
811 3307 922 3385 quibus

155 3402 257 3461 omnis
270 3399 401 3461 Ecclesia
416 3398 567 3458 catholica
580 3398 726 3458 adversus
750 3399 920 3475 Pelagium,

154 3496 281 3574 ejusque
295 3494 446 3552 haereseos
464 3509 621 3568 sequaces,
646 3491 807 3568 pugnavit,
826 3510 860 3551 ac
876 3492 921 3550 vi-

154 3587 206 3646 cit.
224 3608 238 3643 a
256 3586 373 3644 Horum
389 3584 528 3661 capitum
550 3582 687 3660 primum
707 3586 752 3640 est
772 3581 922 3643 delibero

155 3678 294 3750 arbitrio,
315 3676 427 3755 equod
443 3676 474 3734 in
498 3675 598 3734 Adam
612 3675 723 3733 merito
742 3674 924 3735 inobedien-

155 3773 208 3831 tiae
222 3771 381 3842 amissum,
409 3786 464 3846 per
478 3767 633 3827 Christum
647 3766 813 3839 redditum,
830 3773 923 3846 atque

155 3863 322 3925 liberatum
336 3868 400 3922 est:
421 3860 464 3919 lta
478 3866 593 3933 tamen,
607 3865 642 3918 ut
660 3859 698 3917 ad
722 3876 815 3918 omne
847 3878 924 3938 opus

155 3956 274 4016 bonum
299 3956 362 4014 sive
384 3952 593 4031 cogitandum,
616 3951 678 4010 sive
701 3951 922 4025 inchoandum,

156 4067 192 4109 ac
206 4053 437 4128 perseveranter
451 4044 732 4104 consummandum
751 4044 805 4102 lici
825 4048 926 4121 gratia

158 4160 280 4220 semper
300 4139 504 4216 indigeamus.
530 4158 545 4193 a
569 4136 748 4195 Secundum
777 4141 832 4208 est,
852 4157 868 4192 u
891 4142 925 4195 ut

158 4234 212 4293 Dei
227 4229 447 4308 omnipotentis
467 4229 626 4302 altissimo,
638 4233 815 4305 secretoque
829 4230 926 4287 oonsi-

158 4324 200 4385 lio
211 4324 324 4393 credat,
348 4326 439 4400 atque
453 4320 595 4392 fateatur,
612 4319 762 4399 quosdam
785 4319 838 4378 Dei
854 4338 924 4397 grii-

159 4416 238 4476 tuita
263 4413 473 4475 misericordia
492 4419 564 4472 ante
588 4412 692 4471 omnia
719 4411 831 4470 saeeula
845 4430 923 4489 pree-

160 4506 372 4569 destinatosad
386 4504 499 4579 vitam3
511 4504 662 4582 quosdam
671 4503 926 4581 imperscrutabili

159 4601 277 4677 justitia
290 4597 523 4678 praedestinatos
541 4596 580 4655 ad
593 4613 729 4675 pienum.
745 4616 760 4651 1
787 4596 926 4655 Tertium

161 4699 217 4764 est,
236 4715 250 4749 a
263 4700 299 4751 ut
312 4691 425 4765 credat,
446 4695 477 4749 et
499 4689 681 4749 confiteatur
694 4706 766 4747 eum
775 4688 928 4747 omnihus

161 4780 926 4858 Catholicis,sanguinem[lomininostrilesquri-

161 4877 199 4938 sti
218 4894 275 4956 pro
288 4874 434 4935 omnibus
451 4872 630 4933 hominibus
640 4890 678 4931 ex
691 4877 756 4931 toto
768 4874 885 4932 mundo
894 4872 927 4930 in

162 4987 235 5030 eum
244 4966 439 5029 credentibus
452 4966 577 5039 fusum3
593 4982 657 5023 non
670 4971 774 5023 autem
786 4983 842 5040 pro
856 4964 926 5035 illis,

162 5063 215 5140 qui
227 5076 391 5138 nunquam
400 5058 511 5117 ineum
523 5055 740 5129 crediderunt3
757 5073 813 5115 nee
825 5056 930 5116 hodie-

162 5171 224 5232 que
237 5151 378 5225 credunt,
405 5165 630 5227 nunquamque
643 5147 789 5207 credituri
802 5153 884 5208 snut.
911 5170 926 5205 n

163 5245 326 5317 Quartum,
362 5248 435 5301 cut
467 5239 581 5313 credat,
607 5244 700 5317 atque
734 5238 928 5315 confiteatur,

165 5337 263 5397 Deum
302 5333 547 5413 omnipotentem
574 5347 692 5405 omnes,
718 5348 930 5411 quoscumque

1639 354 1642 359 ⁴
1676 362 1735 424 693

967 535 1046 613 vult,
1059 536 1176 596 salvare
1189 556 1195 594 :
1212 541 1243 595 et
1252 536 1410 595 neminem
1430 552 1520 614 posse
1532 532 1643 594 salvari
1656 531 1733 590 ulla-

968 632 1067 699 tenus,
1087 627 1146 687 nisi
1159 645 1254 706 quem
1272 628 1336 707 ipse
1354 626 1536 695 salvaverit,
1557 642 1664 686 omnes
1679 642 1734 684 au-

969 724 1031 779 tem
1046 720 1168 794 salvari,
1185 738 1396 799 quoscumque
1410 720 1476 798 ipse
1499 718 1615 778 salvare
1627 716 1734 776 volne-

968 811 1019 871 rit.
1039 812 1082 872 Ac
1104 831 1159 891 per
1184 813 1243 873 hoe
1270 812 1458 891 quicumque
1475 829 1541 870 non
1565 808 1733 883 salvantur,

968 906 1092 986 penitus
1106 924 1170 965 non
1193 923 1258 966 esse
1271 905 1438 965 voluntatis
1454 902 1538 963 illius
1558 907 1593 961 ut
1615 900 1734 961 salven-

968 1004 1062 1058 tur.c
1096 999 1166 1058 Haee
1195 998 1219 1057 si
1244 1020 1258 1054 c
1277 997 1454 1057 conlitendo
1480 993 1683 1069 subscribere,
1705 998 1736 1053 et

968 1090 1188 1150 subscribendo
1202 1090 1342 1149 confiteri
1365 1088 1508 1160 voluerit,
1524 1086 1590 1164 ejus
1613 1104 1663 1146 me
1687 1104 1735 1145 or-

968 1182 1131 1257 dinationi,
1147 1182 1191 1242 ait
1205 1182 1400 1255 Prudentius,
1417 1185 1658 1241 consentaneum
1669 1197 1735 1239 esse

969 1275 1134 1354 profiteor:
1150 1276 1199 1335 sin
1211 1274 1296 1347 alias,
1313 1292 1437 1353 prorsus
1454 1290 1556 1350 neque
1573 1271 1733 1343 assentior,

969 1366 1217 1446 nequefidelibus
1227 1366 1338 1426 Christi
1347 1364 1730 1425 assentiendumsuadeo.»

970 1461 1016 1519 Ad
1037 1459 1102 1520 haeo
1126 1459 1360 1537 triumphatae
1383 1458 1474 1539 gestit
1489 1458 1734 1516 Armacunornm

969 1551 1073 1624 nuti03
1099 1558 1130 1611 et
1150 1551 1232 1611 inter
1258 1551 1315 1611 bos
1342 1549 1536 1611 Fromondus
1557 1547 1660 1620 Lenis,
1681 1549 1735 1625 qui

968 1643 1041 1703 ltine
1054 1644 1299 1704 animadvertere
1322 1661 1378 1703 nos
1397 1642 1497 1719 jubet,
1526 1663 1540 1696 c
1566 1641 1652 1718 cujus
1666 1640 1735 1699 doe-

969 1737 1061 1796 trinae
1076 1742 1234 1815 praeounte
1252 1736 1455 1815 jurejurando
1479 1733 1596 1793 initiari
1612 1732 1685 1792 olim
1701 1733 1733 1792 111

970 1829 1068 1889 Gallia
1081 1829 1214 1888 solerent
1228 1829 1373 1907 episcopi.
1388 1848 1402 1883 a

1012 1922 1120 1980 Petrus
1131 1922 1207 1981 item
1224 1921 1376 1995 Aurelius,
1391 1921 1445 1999 qui
1458 1920 1510 1979 illa
1532 1920 1598 1999 ipsu
1616 1937 1735 1979 terrena

970 2014 1116 2074 doctrinae
1127 2014 1247 2089 iisdem,
1264 2013 1376 2092 quibus
1398 2013 1599 2082 Fromondus,
1616 2030 1653 2071 ex
1666 2011 1733 2070 fon-

971 2106 1053 2165 tibus
1070 2105 1181 2165 bausta
1195 2105 1380 2184 propinavit,
1402 2105 1552 2165 coertionis
1567 2104 1648 2162 illins
1662 2122 1734 2164 cau-

970 2216 1036 2258 sam
1065 2198 1241 2276 hujusmodi
1268 2197 1383 2271 relert3
1415 2220 1429 2254 c
1461 2198 1538 2257 Nam
1562 2197 1644 2274 quod
1670 2196 1735 2256 liae

969 2290 1109 2350 doctrina
1136 2290 1322 2369 quibusdam
1345 2300 1383 2349 ex
1410 2289 1569 2349 occasione
1592 2305 1734 2348 errorum

969 2382 1158 2442 Gotliesralei
1172 2387 1240 2441 tum
1249 2382 1396 2460 temporis
1411 2381 1443 2440 in
1457 2380 1589 2439 dubium
1611 2398 1734 2440 vorare·

966 2474 1043 2550 tur²,
1066 2476 1113 2556 [de
1127 2474 1291 2552 Augustini
1304 2472 1600 2552 doctrinaloquitur)
1622 2472 1737 2551 proles-

968 2568 1086 2628 sionem
1101 2568 1166 2645 ejus
1186 2567 1225 2627 ab
1239 2565 1735 2644 omnihus,p1·ecipucepiscopis,

970 2661 1153 2739 exigendam
1176 2659 1311 2739 putarit:
1328 2660 1399 2738 qula
1418 2674 1526 2718 curtim
1545 2656 1737 2735 potissimum

970 2753 1181 2812 doctrinarum
1209 2751 1357 2811 confessio
1371 2751 1406 2809 in
1433 2749 1568 2809 Ecclesia
1590 2749 1737 2826 postulari

971 2846 1057 2915 solet,
1094 2863 1164 2923 quae
1187 2848 1352 2923 postquam
1369 2843 1408 2902 ali
1438 2842 1583 2902 universa
1606 2841 1737 2901 Ecclesia

970 2937 1101 3015 probata
1118 2936 1255 3005 fuerunt,
1288 2942 1394 3014 postea
1420 2942 1523 2995 tamen
1547 2951 1663 3007 errore,
1683 2951 1738 2992 seu

969 3029 1303 3088 inscitiuhominumin
1313 3026 1551 3088 controversiam
1567 3025 1734 3085 redeunt.»

1009 3121 1047 3180 V.
1064 3122 1163 3193 Quam
1176 3121 1240 3180 bae
1257 3138 1344 3188 tiana,
1372 3124 1403 3179 et
1426 3117 1638 3177 commentitia
1661 3117 1734 3187 sint,

971 3213 1146 3273 evidentius
1158 3213 1289 3290 intelligi
1302 3212 1425 3290 poterit,
1448 3226 1519 3269 cum
1540 3209 1578 3268 de
1600 3210 1736 3269 Pruden-

971 3306 1013 3365 tio
1027 3305 1080 3365 illo
1099 3304 1270 3365 Tricassino
1290 3305 1433 3383 quasdam
1457 3320 1494 3362 ox
1515 3302 1643 3361 historia
1671 3320 1739 3381 per·

971 3398 1134 3457 strinxere.

977 3545 979 3548 a
1011 3489 1144 3549 Annales
1164 3488 1352 3547 Francorum
1367 3487 1738 3548 erretustissimooodice
1769 3504 1897 3570 cqusmoat

973 3580 1149 3640 monasterii
1175 3580 1207 3639 S.
1230 3579 1348 3640 Berlini
1363 3580 1437 3639 editi
1450 3581 1490 3640 acl
1503 3596 1622 3639 annum
1644 3581 1700 3639 861
1714 3578 1735 3654 ³;
1788 3557 1884 3659 ',¹,}„¹,','⁰

972 3673 1038 3733 haec
1051 3672 1247 3732 adscribunt:
1265 3697 1278 3724 1
1295 3672 1426 3732 Galindo
1441 3676 1648 3747 cognomento
1663 3674 1739 3732 Pru-

973 3766 1106 3839 dentius,
1131 3764 1311 3825 Tricassinee
1340 3765 1472 3824 civitatis
1494 3764 1664 3843 episcopus,
1691 3783 1742 3824 na-

973 3858 1058 3916 tione
1075 3857 1226 3935 Hispanus
1238 3857 1378 3934 adprime
1399 3857 1509 3917 litteris
1521 3858 1671 3929 eruditus,
1688 3858 1740 3936 qui

974 3956 1045 4009 ante
1060 3949 1177 4026 aliquot
1204 3967 1300 4008 arnnos
1321 3949 1517 4009 Gotlresculro
1543 3949 1743 4011 Praedestina-

973 4042 1058 4101 tiano
1082 4041 1249 4115 restiterat3
1267 4048 1335 4119 post
1353 4041 1422 4100 selle
1446 4047 1619 4101 commotus
1637 4048 1742 4104 contra
1774 4058 1779 4066 ·

974 4133 1124 4212 quosdam
1139 4133 1297 4211 episcopos
1315 4151 1417 4193 secum
1441 4133 1584 4194 haeretico
1599 4134 1741 4197 resisten-

976 4232 1032 4298 tes,
1049 4226 1146 4305 ipsins
1159 4225 1285 4285 hreresis
1298 4224 1439 4285 defensor
1454 4227 1622 4285 acerrimus
1636 4246 1643 4285 :
1655 4227 1741 4286 inde-

976 4338 1036 4397 que
1048 4338 1112 4378 non
1126 4319 1245 4378 modica
1261 4318 1341 4377 inter
1355 4334 1387 4377 se
1401 4319 1532 4389 diversa,
1549 4324 1579 4378 et
1599 4319 1671 4378 fidei
1685 4320 1742 4379 ad-

976 4412 1242 4490 versascriptitans
1262 4410 1404 4469 moritur.
1419 4411 1530 4488 Sirque
1543 4411 1612 4470 licet
1623 4411 1743 4471 diutino

975 4504 1125 4581 languore
1138 4502 1328 4580 latigaretur,
1345 4508 1380 4561 ut
1394 4502 1527 4576 risendi,
1555 4503 1597 4562 ila
1620 4509 1651 4563 et
1671 4504 1745 4563 scri·

976 4596 1070 4655 bendi
1092 4595 1187 4655 finem
1214 4595 1323 4653 lecit.»
1351 4596 1565 4655 Consentanea
1593 4596 1746 4657 istasunt

977 4689 1024 4764 iis,
1041 4707 1111 4766 quae
1135 4687 1238 4747 scribit
1255 4687 1441 4747 Hinc-marus
1462 4688 1494 4747 in
1510 4687 1588 4748 libro
1602 4687 1637 4748 de
1657 4687 1744 4749 Pre-
1824 4679 1829 4694 ⁸

976 4779 1181 4851 destinatione,
1193 4780 1371 4858 capitem,
1386 4778 1438 4838 ubi
1454 4780 1491 4839 do
1506 4780 1595 4841 tertio
1611 4780 1746 4859 capitulo

979 4871 1200 4932 Carisianensis
1218 4871 1329 4950 synodi
1351 4871 1523 4950 disputans,
1547 4872 1630 4950 quod
1644 4879 1690 4933 est
1709 4874 1747 4933 de

978 4964 1075 5023 libero
1102 4963 1249 5037 arbitrio;
1279 4963 1321 5022 ita
1347 4962 1438 5023 dicit:
1473 4985 1488 5021 a
1516 4965 1569 5023 Cui
1598 4965 1744 5042 capitulo.

980 5073 1049 5115 cum
1064 5055 1132 5113 aliis
1146 5055 1256 5128 tribus,
1282 5055 1320 5115 de
1347 5055 1460 5133 quibus
1485 5055 1563 5115 ratio
1585 5056 1698 5134 agitur,
1712 5056 1746 5116 in

980 5154 1136 5208 conventu
1162 5147 1376 5226 episcoporum
1402 5148 1535 5208 domnus
1571 5148 1748 5226 subscripsit

979 5240 1178 5300 Prudentius.
1209 5239 1316 5299 Postea
1347 5245 1451 5299 autem
1484 5239 1515 5298 in
1543 5240 1671 5318 ep'utola
1709 5240 1747 5299 ad

981 5331 1178 5392 Wenilonem
1203 5347 1295 5391 suum
1317 5329 1580 5410 archiepiscopum
1604 5332 1642 5391 de
1664 5331 1746 5392 ordi-

190 5540 201 5584 1
217 5539 265 5583 rue.
281 5547 302 5581 11
314 5546 336 5580 ai
350 5547 381 5579 11.
390 5536 439 5579 -t
453 5535 510 5580 Patr.
523 5536 577 5579 Aur.
590 5536 717 5580 ruscea
730 5537 882 5590 samsucius.
899 5546 933 5591 ep.
942 5535 1059 5580 -tt‘l'om
1072 5534 1329 5588 lll,tltst.1·¹raue.-t
1342 5534 1403 5577 Tam.
1418 5534 1434 5584 t,
1444 5533 1508 5578 ttlnc.
