4076 6180
611 464 661 525 DE
680 461 984 538 INCARNATlONE,
1007 462 1079 523 LlB.
1101 463 1167 543 XIl,
1193 464 1277 527 CAP.
1301 465 1384 525 Xlll.
1720 464 1779 524 clu

192 624 370 702 Corinthios,
385 646 447 707 quo
467 627 512 689 illi
534 629 768 690 terminandum
795 627 873 689 illud
898 644 959 689 ssse
1010 627 1146 691 Gelasius
1160 630 1363 710 itemprimus
1382 630 1414 689 iu
1440 628 1569 709 epistola
1583 628 1728 701 sentrude,
1746 628 1778 687 in

189 719 426 794 contendebant,
443 721 482 781 ud
499 738 606 783 verllm
619 721 811 783 intellectum
823 726 956 782 revocat.
1010 738 1071 799 qua
1085 722 1178 783 fidem
1191 740 1279 783 suam
1292 722 1466 802 profitetur,
1479 723 1779 801 oNunquemautem

229 811 421 892 Augustinus
448 812 482 873 iu
504 812 655 894 primorie
685 814 842 887 Trinitate,
859 813 958 891 capite
1008 818 1077 892 post
1103 816 1370 887 resurrectionem,
1398 815 1456 892 ait,
1482 814 1631 874 unitionis
1657 818 1779 874 naturae

188 910 297 966 octauo
310 925 318 981 ;
338 927 350 963 r
363 905 442 966 lllud
456 915 573 982 etitem,
589 907 673 987 quod
687 906 762 968 dicit
775 904 955 985 Apostolus,
1008 921 1072 966 suae
1087 906 1223 967 discessit
1234 926 1253 966 a
1265 907 1391 993 proprio
1402 906 1520 986 templo
1533 926 1540 966 ε
1552 924 1610 967 uec
1623 905 1778 967 discedere

186 996 302 1077 inquit,
320 995 394 1059 Cum
407 1004 504 1059 ortem
520 1006 549 1059 et
562 1005 660 1059 omniu
685 997 812 1079 subjecto
834 997 955 1079 soert'ut,
1007 1003 1107 1077 potest
1134 1004 1260 1080 propter
1279 998 1467 1060 ineffabilem
1490 1016 1579 1061 suam
1601 997 1776 1074 benignita·

187 1095 257 1149 tuur
270 1101 298 1150 et
312 1090 373 1170 ipse
384 1088 486 1151 Filius
498 1089 642 1171 subJ'ertus
653 1091 709 1151 erit
730 1091 760 1150 ei
772 1089 827 1171 qui
837 1088 957 1170 subjecit
1007 1098 1104 1152 tem.»
1117 1093 1253 1152 Possunt
1265 1099 1296 1153 et
1308 1092 1361 1152 alii
1375 1093 1550 1171 complures
1562 1089 1775 1164 annumerari,

185 1180 304 1244 omrrio¹
319 1204 327 1256 3
343 1187 396 1243 unt
414 1182 483 1244 ideo
511 1183 626 1244 dictum
651 1188 707 1259 est,
729 1182 955 1263 nequisquam
1007 1183 1061 1261 qui
1080 1183 1181 1245 eidem
1205 1183 1355 1245 cstholico
1381 1184 1520 1264 dogmati
1547 1182 1774 1261 suffragantum

80 1346 82 1350 Ι
186 1280 313 1354 putaret
324 1274 468 1337 habitum
482 1275 672 1354 Christi,qui
683 1294 722 1337 ex
730 1276 957 1352 humunacrea·
1006 1274 1105 1337 sedin
1118 1295 1152 1337 re
1166 1277 1475 1357 perspicua,uecjam
1489 1275 1553 1338 fere
1567 1280 1774 1349 controversa,

184 1374 258 1428 ture
272 1372 431 1447 susceptus
457 1373 515 1445 est,
531 1386 715 1429 conversum
737 1368 776 1429 iri
798 1372 906 1448 postes
921 1366 956 1426 in

184 1459 286 1539 ipsam
299 1460 504 1536 divinitatem,
523 1461 584 1538 vel,
603 1466 639 1521 ut
660 1461 775 1522 certius
799 1466 954 1540 expresse-

183 1552 257 1629 rim,
272 1552 429 1629 deitatem,
444 1571 514 1632 quse
534 1571 599 1614 non
625 1559 671 1615 est
694 1558 845 1626 creatura,
861 1572 877 1610 ν
894 1557 952 1613 etc.

184 1645 238 1706 ubi
252 1645 389 1706 Marcelli
407 1645 499 1707 tacite
523 1645 625 1725 pulsnt
643 1646 786 1707 insanam
800 1644 953 1721 haeresim,

183 1755 255 1819 quse
274 1737 447 1798 humanam
467 1744 613 1799 naturam
633 1739 760 1800 taudem
783 1738 955 1799 extinctum

183 1829 222 1890 iri
253 1830 370 1891 docuit.
399 1830 536 1891 ioannes
562 1848 687 1909 quoque
719 1830 956 1909 chrysostomus

183 1921 299 1985 clarius
321 1921 405 1982 idem
430 1922 563 2002 explicat
585 1923 715 1983 homilia
729 1923 895 1983 undecimo
923 1921 955 1981 is

182 2014 326 2076 ioannem
340 2014 442 2076 adilla
455 2015 549 2076 verba
567 2036 574 2076 :
590 2015 634 2077 Et
653 2014 801 2076 iobs'touit
816 2015 847 2075 in
860 2014 954 2075 nobis.

186 2107 439 2188 «contemplare
463 2108 554 2183 mihi,
579 2107 690 2187 inquit,
717 2107 900 2182 terribilem,
925 2112 956 2167 et

181 2217 330 2261 arcanam
363 2199 446 2259 illius
471 2200 609 2279 mysterii
649 2199 843 2278 dignitatem.
877 2200 956 2260 Nam

181 2298 334 2373 perpetuo
347 2291 586 2353 tabernaculum
600 2291 682 2353 istud
698 2291 816 2353 incolit.
832 2292 956 2352 Etenim

182 2402 309 2447 carnem
322 2390 462 2445 nostrum
476 2383 667 2460 induithes
683 2392 831 2464 tanquam
841 2384 955 2446 iterum

182 2496 252 2539 eam
265 2476 468 2539 derelicturus
483 2497 490 2537 ε
507 2475 560 2536 sed
572 2480 608 2536 ut
619 2492 725 2536 secum
737 2475 823 2537 illam
835 2494 956 2554 semper

181 2568 357 2630 habiturus.
365 2568 484 2648 Quippe
498 2568 555 2628 nisi
571 2567 616 2628 ita
631 2585 663 2629 se
678 2585 728 2628 res
741 2568 880 2643 haberet,
891 2586 956 2629 uon

183 2678 252 2722 eam
271 2661 381 2740 utique
393 2661 508 2722 throno
532 2660 618 2738 regio
631 2659 776 2738 dignatus
792 2665 871 2722 esset
883 2678 957 2722 :uec

182 2753 270 2814 illam
295 2759 418 2831 gestans
442 2752 481 2812 uh
509 2753 596 2813 omui
619 2751 802 2812 adoraretur
839 2752 955 2813 ooelesti

181 2845 295 2906 militia
308 2845 510 2921 Angelorum,
522 2844 801 2922 Archangelorum,
818 2844 956 2905 Throno-

181 2956 267 3009 rum,
279 2938 546 2999 dominationum.
563 2936 807 3017 principatuum,
824 2938 956 3000 Potesta-

181 3036 286 3091 ium⁰.
308 3056 321 3083 ν

221 3124 267 3184 De
281 3122 392 3183 eodem
403 3139 500 3201 regno
523 3119 635 3183 Christi
647 3126 716 3201 post
725 3120 880 3201 judicium
893 3121 956 3183 late

1006 1367 1129 1429 abunde
1143 1369 1258 1433 mrrltos
1268 1370 1438 1430 attulimus.

1221 1746 1402 1833 CAPUT
1440 1738 1585 1833 XIX(

1006 2102 1055 2165 An
1068 2108 1128 2165 toto
1142 2103 1242 2166 sodon
1255 2104 1312 2164 iiio
1326 2102 1438 2181 ἰννάνω,
1453 2122 1510 2183 quo
1535 2103 1566 2163 io
1579 2102 1713 2184 sepulcro
1719 2102 1773 2184 jo·

1046 2197 1111 2258 cuit
1126 2195 1271 2273 Christus,
1284 2195 1424 2258 diuinitas
1446 2194 1484 2256 ob
1496 2196 1608 2272 auimo,
1628 2195 1675 2257 oei
1689 2214 1775 2257 corne

1045 2298 1181 2371 separato
1208 2288 1315 2369 suerit.
1349 2292 1379 2349 l.
1415 2286 1582 2349 Noruuiios
1618 2287 1775 2366 affirmasse

1045 2389 1162 2458 veteres,
1177 2389 1213 2443 ut
1225 2380 1464 2463 Ephiphooiom,
1474 2382 1504 2441 t.
1518 2379 1688 2452 Hilarium,
1705 2385 1775 2442 Am·

1047 2474 1176 2536 brorium
1183 2495 1194 2536 .·
1206 2475 1260 2556 qui
1267 2482 1295 2535 et
1309 2473 1450 2535 obouinro
1463 2473 1642 2553 disjunctam
1658 2470 1775 2533 uidetur

1046 2568 1235 2630 existimasse.
1265 2570 1295 2628 3.
1323 2564 1516 2648 asportetur·
1539 2564 1677 2643 Apostoli
1699 2564 1776 2625 heus

1045 2659 1166 2741 qoi'dom
1180 2679 1218 2721 ex
1241 2660 1335 2740 sopite
1356 2659 1457 2739 primo
1474 2659 1514 2720 oct
1545 2657 1726 2719 Colosseoses.
1741 2660 1772 2718 t.

1046 2751 1264 2814 Nonnullorum
1277 2751 1398 2832 pronior
1410 2770 1505 2826 error,
1527 2755 1581 2831 qui
1592 2749 1630 2810 ob
1643 2750 1774 2813 tomara

1047 2844 1284 2905 Christicolum
1298 2856 1364 2905 oute
1393 2848 1518 2904 mortem
1548 2841 1642 2904 Deum
1672 2842 1775 2904 volunt

1046 2954 1102 2997 esso
1122 2944 1295 3018 soporatum.
1326 2938 1355 2998 d.
1391 2935 1611 3016 Nunquamne
1635 2935 1667 2996 in
1680 2941 1774 2997 morte

1045 3027 1162 3115 quidem
1185 3028 1222 3090 ob
1250 3029 1362 3088 estimo.
1394 3035 1423 3088 et
1449 3045 1569 3108 corpore
1589 3025 1772 3101 disiunctum

1044 3121 1135 3203 luisse
1148 3123 1254 3197 Deum,
1267 3119 1410 3203 probator
1421 3138 1459 3182 er
1478 3118 1630 3189 Patribus,

182 3216 305 3277 disserit
316 3215 526 3294 Hieronymus
538 3214 572 3275 in
582 3214 806 3278 commentario
815 3214 853 3275 ad
862 3219 957 3300 ceput

181 3309 321 3390 primum
336 3306 473 3387 epistole
489 3304 528 3367 od
546 3305 719 3387 Ephesios¹.
1046 3307 1069 3369 l.
1091 3307 1138 3369 Ari
1154 3308 1377 3371 lncsmstionis
1390 3308 1485 3370 semel
1500 3314 1648 3389 susceptio
1663 3327 1773 3390 perpe,

223 3401 280 3464 llis
299 3400 516 3480 adjungendus
534 3404 580 3459 est
600 3399 802 3479 Epiphanius,
823 3401 956 3486 quinon
1004 3400 1147 3465 tuitatern
1160 3401 1380 3463 edenueudsm
1403 3401 1522 3482 relique
1545 3402 1639 3464 estde
1653 3403 1773 3465 duabus

183 3494 285 3558 solum
299 3494 333 3556 iu
357 3492 410 3556 illo
433 3490 577 3557 Areoruti
599 3490 667 3555 loeo
692 3490 809 3558 Nicaeni
836 3493 957 3556 concilii
1005 3493 1213 3560 antecedentis
1226 3493 1609 3575 repitisiuitiopropositis
1623 3497 1770 3578 quaestio,

182 3586 408 3673 professionem
423 3584 530 3662 edidit,
540 3601 612 3648 oum
628 3584 688 3648 hau
702 3585 957 3670 appendimus*-
1005 3593 1112 3650 utrium
1126 3586 1165 3649 ad
1175 3586 1268 3650 breve
1282 3593 1405 3669 tempus
1418 3587 1526 3650 saltem
1540 3588 1713 3671 interrupto
1733 3590 1773 3655 rit

180 3677 479 3769 perterruisset
507 3677 601 3743 etiam
628 3677 758 3743 ueram
782 3678 956 3761 longiorem
1004 3678 1058 3745 illa
1084 3679 1181 3746 Verbi
1207 3697 1279 3744 cum
1301 3679 1430 3745 homine
1464 3680 1630 3765 copulatio.
1661 3685 1706 3748 Ao
1732 3683 1771 3750 ds

182 3772 353 3843 termulum
366 3770 506 3856 subjecit,
520 3769 577 3836 ubl
588 3771 694 3836 eadem
706 3771 913 3840 consuunt.
1005 3772 1110 3839 autmu
1123 3773 1250 3858 quidem
1263 3773 1366 3840 miuus
1381 3780 1427 3838 ast
1441 3776 1570 3861 negotii.
1586 3776 1665 3842 Nem
1675 3794 1768 3860 unus,

222 3866 371 3953 Agnoscit
384 3871 415 3933 et
428 3872 581 3931 rotomum
598 3863 826 3947 regemiorum,
840 3866 956 3933 hoosst
1004 3866 1066 3932 utri
1092 3866 1193 3948 fallor,
1222 3867 1261 3931 sb
1287 3868 1346 3932 ista
1368 3867 1560 3953 disjunctum
1587 3871 1689 3936 triduo
1716 3869 1771 3937 illo

183 3963 284 4029 Deum
297 3959 468 4040 hominem,
485 3957 669 4024 Prudentius
689 3958 723 4025 iu
734 3957 901 4044 Apotheosi,
913 3959 956 4029 sio
1003 3960 1097 4029 tuisse
1111 3960 1252 4027 Verbum
1266 3960 1453 4028 existimavit
1468 3964 1618 4047 expensis
1627 3964 1687 4030 illis
1694 3965 1772 4032 enti·

184 4056 333 4126 scribens,
1004 4056 1074 4138 quis
1099 4054 1260 4133 Patribus,
1279 4055 1334 4137 qui
1357 4074 1487 4121 acerne
1511 4064 1687 4141 separetum
1704 4076 1770 4125 esse

1004 4149 1161 4213 macrum.
1180 4150 1296 4211 Paucos
1309 4166 1373 4211 esse
1394 4149 1469 4229 dlxi,
1484 4154 1538 4234 qui
1562 4153 1690 4234 quidem
1703 4171 1770 4217 me·

189 4237 285 4302 «Sed
298 4255 367 4314 nos,
382 4236 438 4320 qui
462 4238 631 4300 Dominum
650 4238 750 4319 libris,
770 4246 801 4302 et
814 4259 952 4322 corpore,
1003 4245 1112 4306 morire
1127 4260 1205 4306 mese
1222 4249 1423 4320 suctsurrunt3
1439 4244 1522 4327 iique
1533 4252 1608 4309 suut
1622 4254 1768 4330 quatuor,

819 4332 954 4412 [jambis
1003 4336 1231 4416 autquinque.

184 4422 339 4503 Vidimus,
353 4428 425 4484 aute
444 4422 517 4497 fide,
541 4441 615 4485 mox
638 4441 742 4498 carne,
759 4426 954 4505 etseuguiue
1043 4429 1236 4510 Epiphanius
1250 4452 1267 4491 e
1281 4429 1403 4499 Grecis,
1420 4448 1492 4492 cum
1506 4434 1644 4495 animam
1657 4437 1770 4498 sentiat
1826 4476 1913 4522 nesu-

816 4519 952 4596 [eoram3
1005 4540 1023 4584 s
1054 4523 1156 4585 Verbo
1187 4524 1317 4585 minime
1347 4541 1413 4584 esse
1443 4523 1614 4602 divulsam;
1644 4546 1769 4590 curnem
1803 4529 1931 4585 ssnmrqu
1978 4571 1983 4577 .

186 4611 305 4691 Quique
315 4608 525 4672 voluminibus
540 4615 660 4687 ratum,
675 4626 775 4685 cruce,
788 4615 874 4683 teste,
882 4629 956 4691 pro·
1004 4621 1108 4676 tamen
1119 4616 1159 4676 ah
1173 4634 1210 4676 eo
1224 4616 1402 4677 destitutum
1414 4615 1507 4678 fuisse
1520 4619 1683 4698 significat,
1705 4622 1769 4702 pri-
1795 4589 1943 4687 empsit

848 4702 951 4780 [hatis
1004 4724 1093 4769 mum
1108 4708 1142 4767 iu
1154 4707 1266 4769 heresi
1278 4708 1432 4786 vicesima,
1445 4727 1515 4789 queo
1531 4717 1577 4772 est
1587 4711 1770 4775 Herodiano
1795 4690 1942 4787 ’ᾱξζῖἷξξζῖῗ

187 4795 349 4858 Rimanles
370 4793 483 4873 digitos
497 4799 652 4854 costarum
667 4793 700 4855 iu
714 4794 842 4855 vulnera
860 4795 956 4857 crude
1004 4816 1085 4876 rurn,
1103 4816 1174 4861 cum
1185 4800 1228 4860 sic
1238 4799 1344 4860 scribit
1359 4820 1366 4861 :
1382 4822 1398 4859 u
1409 4802 1513 4863 Tertio
1532 4803 1770 4867 diecumsaueto
1814 4807 1927 4846 Annuus

188 4888 403 4960 MersimuS,et
416 4904 568 4948 manuum
580 4885 648 4947 visu
657 4885 818 4947 dubitante
830 4886 956 4949 lacunas
1004 4907 1062 4952 suo
1076 4909 1205 4970 corpore
1224 4894 1371 4969 resurgit:
1399 4895 1482 4973 quod
1510 4896 1635 4974 quidem
1658 4916 1770 4978 corpus

188 4979 331 5057 Scrutati,
358 4986 512 5043 oeternum
534 4996 640 5060 regem
664 4979 879 5060 cognoscimus
906 4981 954 5042 Ie·
1005 4983 1248 5045 cumdiviuitate
1257 4984 1429 5064 conjunxit,
1450 4988 1773 5069 nonnmpliusdissol·

821 5075 952 5150 [sumu
1004 5075 1169 5155 sendum,
1196 5094 1255 5138 nec
1282 5077 1416 5158 emplius
1440 5081 1688 5161 perpessiouibus
1711 5082 1772 5144 ob·

224 5268 245 5309 a
263 5253 411 5309 cnrssosr.
427 5254 502 5306 tomo
516 5249 550 5305 ll.
571 5248 618 5303 liet
629 5250 672 5304 tto
686 5271 728 5323 por
744 5250 774 5305 rh
784 5252 894 5324 φρικτὸν,
913 5253 955 5307 καὶ
1005 5254 1057 5326 μεθ’
1069 5254 1166 5309 ἑαυτοῦ.
1187 5255 1215 5309 οὔ
1233 5256 1280 5330 γὰρ
1298 5259 1338 5325 ἂν,
1354 5257 1376 5311 ei
1389 5257 1422 5331 μὴ
1434 5253 1507 5314 rodco
1522 5257 1563 5330 ἦν,
1578 5260 1673 5317 καὶτοῦ
1687 5262 1774 5335 θρόνου

190 5334 326 5410 ἀπόρρητον
336 5328 381 5389 rob
388 5334 530 5407 μυστηρίου.
540 5331 580 5386 διὰ
594 5333 684 5399 παντὸς
694 5333 740 5406 γὰρ
752 5334 841 5403 ταύτην
850 5337 961 5390 κατοικεῖ
1004 5334 1151 5407 κατηξίωσεν
1161 5339 1236 5408 αὐτὴν
1246 5345 1289 5395 τοῦ
1297 5342 1478 5414 &uicesimi
1485 5350 1568 5417 φορῶν
1576 5344 1651 5416 ebrit
1659 5367 1776 5420 προσικν·

188 5417 232 5487 τὴν
245 5417 346 5487 σκηνήν.
370 5417 415 5485 τὴν
435 5415 483 5488 γὰρ
499 5417 578 5488 σάρκα
592 5415 637 5485 τὴν
656 5415 776 5490 ἡμετίραν
790 5420 956 5490 περιεῦᾶλετο,
1006 5421 1131 5477 retroiret
1148 5424 1284 5494 πάσηςτῆς
1302 5425 1353 5478 ἅνω
1367 5429 1491 5499 στρατιᾶς,
1507 5428 1628 5502 isychius,
1654 5429 1776 5507 ἀρχαγγί·

189 5501 237 5575 οὔχ
249 5503 283 5564 ὡς
294 5501 369 5556 πάλιν
392 5498 467 5567 αὐτὴν
487 5498 606 5572 ἀφήσων,
624 5499 681 5554 ἀλλ’
703 5501 737 5565 ὡς
755 5503 884 5566 διαπαντὸς
898 5501 958 5564 iius
1006 5505 1069 5572 λων,
1084 5508 1187 5581 θρόνων,
1202 5512 1363 5581 inprovisos,
1378 5509 1473 5584 ἀρχῶν,
1489 5510 1615 5575 {iocosius

216 5653 227 5698 l
242 5651 251 5698 l
264 5652 314 5702 (ier.
326 5662 361 5708 xv,
373 5649 472 5705 281-ss
486 5648 549 5699 illst.
563 5655 616 5702 um·
628 5647 668 5704 lli,
680 5661 708 5688 ὃ
731 5648 836 5713 tipus.
851 5652 877 5700 itt
889 5655 966 5704 uro.
977 5652 993 5712 ἱ
1004 5656 1051 5703 ΠΙ,
