4104 6160
148 4638 295 4693 cyriltiiocus

149 4692 230 4735 siritio
250 4703 294 4734 uon

157 4746 282 4790 intellectus

159 4800 285 4855 exponitur.

322 244 362 306 58
821 254 1145 320 ruuotooicouhu
1177 256 1395 325 mousson

359 412 535 494 Antequam
549 416 706 482 daemoes
724 420 803 491 dico,
832 428 864 484 et
882 423 959 484 falsa
985 423 1087 503 Cyrit-
1139 432 1252 489 natura
1273 430 1440 494 constituta
1461 432 1528 495 sit?
1547 432 1642 513 Atqui
1668 432 1755 508 alibi,
1782 438 1818 494 ut
1839 432 1905 512 jam

319 503 396 565 liaui
420 504 481 568 loci
509 507 593 571 illius
623 511 897 594 interpretatione3
926 515 1090 596 paululum
1139 520 1293 600 vidimus,
1317 530 1349 585 ει
1371 525 1485 587 dictum
1508 543 1617 587 sumus
1638 531 1762 606 postem
1791 525 1833 587 sio
1854 524 1905 586 ille

320 597 530 676 stupiditatem
544 602 691 680 hominis,
705 612 736 666 et
745 608 883 669 attonitae
893 609 1006 671 mentis
1019 628 1089 671 ver·
1139 612 1290 692 Gyrillum
1304 617 1490 697 exponebat,
1505 624 1541 679 ut
1555 636 1594 680 ex
1606 618 1742 679 duarum
1755 635 1905 680 concursu

319 688 449 768 tiginem
473 693 620 756 admirari
651 697 745 776 libet,
779 700 834 779 qui
865 718 938 762 eum
964 719 1090 764 sensum
1140 710 1324 770 naturarum
1342 729 1440 773 anam
1454 710 1590 791 aliquam
1604 711 1729 773 tertiam
1742 709 1811 772 fieri
1823 710 1906 772 disei-

320 779 427 860 Cyrilli
450 785 552 848 verbis
575 787 715 869 subjicit,
737 809 833 871 quem
847 792 933 854 nulla
952 795 1090 856 humana
1139 797 1246 860 milem
1272 801 1437 864 ambarum
1462 803 1654 864 adstrueret:
1677 802 1762 882 quod
1779 803 1904 864 ommno

318 874 401 936 ratio
427 883 528 955 potest
553 883 715 962 consequi,
733 891 771 946 et
793 885 874 946 hauc
901 885 948 946 illi
970 887 1091 967 attingit
1139 907 1262 953 neceas
1284 894 1421 970 estheri,
1438 895 1464 957 si
1477 901 1523 957 est
1536 901 1726 957 unanetura
1743 895 1905 957 Christiex

320 966 516 1045 opinionem,
537 991 608 1051 qum
634 975 767 1055 seipsam
782 977 908 1055 collidit,
925 985 956 1040 et
969 982 1087 1042 evertit.
1138 981 1261 1045 duabus
1270 989 1449 1066 composita,
1467 993 1503 1048 ut
1516 992 1652 1067 nugatur·
1666 990 1864 1068 anonymus.

319 1058 463 1138 cyrillus,
479 1063 592 1144 inquit,
608 1069 724 1145 asserit,
745 1071 883 1131 adesum
896 1078 1090 1153 assumptum
1179 1076 1292 1140 XVlii.
1316 1080 1406 1141 Nunc
1425 1080 1532 1160 Cyrilli
1556 1081 1660 1142 locum
1688 1079 1902 1159 expediamus,

319 1153 427 1213 esseio
437 1173 533 1217 unam
544 1158 670 1220 Deitatis
679 1167 835 1224 naturam.
845 1164 973 1239 Hoecst,
981 1166 1090 1227 huma·
1138 1185 1233 1246 quem
1255 1169 1295 1230 ab
1322 1171 1380 1232 isto
1400 1173 1530 1234 minime
1551 1173 1742 1235 intellectum
1760 1171 1903 1233 diximus.

320 1244 451 1307 mutem
467 1248 589 1325 Christi,
600 1257 631 1312 et
640 1253 776 1316 Verbum
786 1257 889 1336 ipsum
903 1259 1088 1321 constituere
1138 1259 1194 1333 ihi,
1211 1267 1303 1339 prout
1316 1264 1412 1324 totius
1431 1263 1503 1325 libri
1522 1270 1568 1325 est
1587 1270 1820 1344 argumentum,
1834 1281 1905 1342 pro-
2028 1300 2029 1343 p

320 1355 417 1398 uuam
443 1345 590 1403 naturam
622 1344 796 1408 deitatis.»
828 1350 968 1412 Primum
1000 1353 1089 1413 lesus
1137 1350 1212 1413 hare
1225 1354 1329 1415 studet
1342 1355 1485 1435 cyrillus,
1496 1356 1651 1418 Christum
1659 1358 1830 1418 Dominum
1843 1373 1906 1416 non
2028 1354 2029 1429 Ϊ

319 1427 460 1491 Christus
484 1452 549 1494 :ron
575 1443 619 1497 est
637 1446 814 1519 assumptus
829 1460 848 1501 a
865 1443 983 1521 Verbo,
1006 1445 1088 1524 quod
1137 1461 1204 1505 esse
1219 1446 1339 1507 nirdam
1352 1447 1530 1523 hominem,
1543 1450 1596 1510 sed
1608 1450 1727 1509 Deum:
1742 1453 1836 1527 atque
1848 1446 1906 1509 hoo

318 1525 424 1582 temen
447 1528 654 1589 necessarium
666 1536 722 1602 est,
742 1539 779 1594 ut
792 1552 865 1595 cum
879 1536 980 1598 Verbo
995 1541 1088 1599 natu·
1137 1553 1176 1596 ox
1189 1536 1249 1598 illis
1270 1538 1408 1617 Apostoli
1426 1539 1529 1602 verbis
1548 1541 1698 1602 adstulit:
1723 1537 1817 1601 Nobis
1835 1557 1907 1599 uuus
2028 1590 2029 1601 ,

318 1630 386 1673 ram
408 1633 503 1676 unam
531 1618 652 1681 deitatis
666 1621 786 1685 efficiat.
809 1627 928 1688 Etenim
954 1629 1034 1690 nihil
1055 1629 1089 1691 iu
1138 1626 1340 1708 haspera,
1356 1619 1700 1713 &squamulasque
1716 1631 1907 1704 inillamet
2028 1634 2029 1637 ’

318 1704 430 1767 deitate
457 1707 536 1785 lieri,
564 1717 619 1772 aut
646 1713 789 1777 innovari
816 1720 927 1798 potuit,
955 1722 1015 1783 nisi
1033 1742 1089 1803 per
1137 1739 1214 1782 unua
1225 1720 1371 1784 Dominus
1382 1724 1465 1785 deeris
1478 1722 1621 1803 Christus,
1634 1742 1784 1806 perquem
1796 1723 1904 1797 omniu,

318 1799 576 1878 assumptionem.
609 1804 702 1885 Atqui
735 1810 824 1871 Jesirs
855 1812 993 1876 Christus
1023 1834 1088 1878 noa
1137 1820 1226 1875 aluos
1237 1833 1291 1895 per
1304 1815 1599 1896 ipsvm¹.Hieenim
1608 1817 1749 1879 Christus
1762 1834 1906 1878 unacum

318 1889 416 1951 solam
430 1892 600 1957 humanam
611 1903 754 1960 uatruam
767 1903 930 1982 signifieat,
941 1908 995 1968 sed
1008 1911 1087 1971 Ver·
1138 1908 1201 1967 Deo
1215 1908 1303 1969 Patre
1316 1908 1350 1968 in
1361 1926 1458 1970 unam
1476 1909 1646 1970 divinitatis
1657 1909 1905 1990 appellationem,
2028 1908 2029 1919 ’

318 1981 395 2043 hum
408 1984 511 2064 ipsum
532 2006 604 2049 erim
624 2008 661 2051 ea
675 1994 863 2072 copulatum,
878 2004 909 2059 et
922 2005 1087 2082 utramque
1137 2004 1339 2061 conaturam
1361 2001 1545 2061 assumitur:
1568 2018 1607 2062 ex
1620 2019 1684 2081 quo
1701 2002 1906 2063 conclusera-
2028 2008 2029 2075 j

318 2072 412 2134 simul
435 2082 581 2141 naturam
615 2084 774 2162 exprimit.
806 2088 892 2150 Falso
915 2091 1027 2170 igitur,
1057 2101 1088 2156 et
1136 2091 1236 2159 tione,
1254 2093 1334 2153 Deus
1348 2110 1413 2154 esse
1427 2098 1629 2155 monstratur.
1653 2093 1756 2155 Verba
1776 2094 1904 2174 cyrilli:

317 2164 431 2228 insulse
443 2169 553 2233 desum
567 2173 725 2238 Christum
733 2187 927 2261 assumptum
938 2201 1003 2246 esse
1015 2186 1089 2249 dicit
1140 2183 1310 2245 oSisolum
1322 2186 1560 2259 unusestlleus,
1574 2185 1688 2265 inquit,
1700 2191 1821 2247 nonest
1832 2186 1909 2248 alter
2028 2192 2029 2227 l

317 2257 352 2317 in
374 2260 527 2323 unitatem
555 2271 686 2346 naturae,
713 2270 755 2332 ita
790 2279 824 2333 ut
857 2293 896 2335 ex
929 2286 1088 2359 assumpto
1138 2280 1250 2353 prater
1271 2276 1395 2355 ipsum3
1425 2278 1595 2338 assumitur
1621 2279 1787 2339 antemio
1810 2296 1908 2339 uuam

318 2349 449 2426 Christo,
466 2360 809 2425 otnaturadivinauna
824 2364 1085 2434 situaturafacta.
1136 2367 1223 2428 illam
1241 2368 1363 2429 deitatis
1388 2375 1532 2431 naturam
1560 2387 1643 2430 unus
1666 2370 1806 2431 Christum
1818 2372 1908 2432 iesus
2028 2366 2029 2383 ³

318 2442 397 2503 Nom
409 2444 546 2509 Christus
559 2452 687 2530 perinde
700 2455 854 2535 divinam,
870 2467 963 2542 atque
976 2464 1088 2526 huma·
1137 2477 1193 2539 per
1207 2478 1301 2540 quem
1319 2461 1441 2536 omnia;
1458 2479 1651 2540 consequens
1665 2467 1723 2538 est,
1744 2461 1831 2523 hunc
1844 2480 1907 2525 esse

317 2552 392 2595 nam
402 2539 627 2617 complectitur.
642 2545 746 2626 itaque
758 2550 802 2611 sic
815 2552 974 2633 Anonymi
986 2574 1088 2619 enun-
1137 2553 1248 2626 neum,
1265 2553 1319 2632 qui
1341 2553 1613 2616 eonsrrbstautiahs
1635 2554 1718 2614 Patri
1735 2555 1909 2616 secundum
2028 2546 2029 2567 ¹

319 2626 431 2689 tiatum
442 2630 520 2692 iilud
534 2634 637 2712 hahet,
653 2656 688 2699 ac
702 2641 728 2700 si
741 2642 873 2722 diceret,
891 2645 1044 2723 divinum,
1060 2658 1088 2712 ει
1137 2645 1330 2707 divinitatem
1350 2646 1533 2724 intelligitur
1553 2646 1649 2707 etiam
1664 2646 1791 2725 quaudo
1803 2648 1909 2727 appel·
2028 2652 2029 2673 ³

318 2717 478 2782 turnacum
493 2730 634 2789 caturam
642 2742 821 2812 asumptum
831 2755 888 2798 esse
897 2739 929 2798 iu
938 2740 1086 2803 acuitatem
1137 2736 1217 2798 latus
1231 2742 1278 2798 est
1288 2738 1379 2798 iesus
1392 2738 1547 2813 Christus3
1560 2755 1632 2798 cum
1641 2736 1831 2801 videlieetex
1840 2757 1909 2801 mu·
2028 2806 2029 2815 χ

317 2809 426 2874 dictita
434 2823 653 2899 actamquae
667 2830 815 2906 βατεολογια
829 2834 874 2889 est
885 2830 1084 2910 ineptissima,
1136 2829 1211 2890 liere
1239 2829 1361 2905 genitus
1388 2837 1442 2891 est.
1474 2829 1709 2892 Observandum
1726 2836 1773 2892 eat
1800 2849 1905 2911 porro,

358 2905 476 2968 Deinde
483 2911 672 2988 perabsurdi:
684 2923 730 2978 ast
737 2918 795 2980 ista
808 2921 965 3000 collecti03
981 2923 1085 2987 tama·
1137 2922 1332 3001 Apostolum,
1342 2939 1413 2982 cum
1424 2923 1727 2984 nominassetiesum
1736 2923 1905 2993 Christum.
2028 2898 2029 2901 Ἴ

318 2995 397 3058 uitas
417 2998 550 3076 Christi,
579 3013 609 3065 et
638 3006 763 3071 Verbum
790 3011 887 3092 rpeiam
911 3018 1088 3080 considerant
1137 3014 1240 3075 statim
1262 3014 1387 3089 dixisse,
1413 3015 1520 3076 omnia
1541 3032 1597 3095 per
1617 3015 1816 3095 ipsumiacta
1828 3034 1905 3092 esse,
2028 3036 2029 3061 ³

319 3106 409 3150 uuam
423 3100 563 3155 uotorum
576 3094 704 3161 delatis.
721 3103 880 3182 Siquidem
892 3114 1003 3171 natura
1023 3111 1089 3173 dei·
1137 3111 1173 3165 ut
1199 3107 1384 3184 Ostendereh
1411 3126 1513 3168 unum
1538 3107 1690 3169 duntaxat
1709 3125 1775 3169 0⁸⁶³
1791 3108 1905 3184 fllium,

318 3181 389 3243 tatis
399 3183 625 3264 simplicissima
634 3197 718 3253 estet
727 3196 955 3275 compositionis
965 3220 1085 3283 expers,
1137 3199 1309 3260 seeundum
1323 3199 1811 3279 dispessfflwriflmllnilfflfflWA
1827 3201 1908 3263 ffissss

318 3290 376 3362 neo
399 3275 624 3342 humanitatem
651 3283 745 3347 lrahet
762 3288 943 3354 admistam:
970 3295 1086 3377 alioqui
1138 3291 1263 3353 evidens
1284 3296 1341 3368 esi,
1363 3292 1448 3371 quod
1476 3291 1611 3371 Cyrllllls
1637 3291 1727 3368 dixit,
1760 3295 1909 3355 “Jfflum

318 3382 384 3427 uon
401 3367 506 3430 minus
530 3373 635 3449 Pater,
656 3382 688 3438 ει
703 3378 836 3458 Spiritus
852 3392 975 3447 sanetus
989 3388 1088 3451 inpar.
1138 3383 1294 3444 Christum
1303 3384 1616 3463 assumptumesseiu
1630 3401 1726 3445 unam
1736 3383 1909 3448 dvinimtis

318 3459 395 3537 uati,
412 3462 598 3527 ethomines
611 3465 683 3530 facti
706 3478 822 3551 assent,
837 3494 932 3555 quam
948 3481 1087 3544 Verbum
1136 3482 1300 3552 naturam,
1315 3498 1330 3535 a
1356 3477 1441 3538 hunc
1460 3476 1576 3537 hahere
1599 3494 1740 3545 sensiam,
1756 3495 1909 3540 annume-

317 3551 436 3629 ipsum:
465 3558 613 3633 quoniam
639 3562 740 3624 trihus
756 3572 802 3628 est
824 3585 863 3628 ex
890 3589 980 3650 aquo
1005 3593 1088 3636 com·
1134 3574 1240 3631 ratum
1253 3587 1317 3631 esse
1339 3569 1497 3630 Christum
1519 3570 1582 3629 Deo
1605 3568 1697 3645 Patri,
1725 3587 1762 3631 ao
1779 3571 1909 3650 perinde

318 3646 423 3705 munis
435 3646 542 3710 deitas.
559 3651 619 3712 Sed
633 3672 734 3734 neque
743 3658 907 3736 veldeitas,
919 3665 1088 3729 velhuma·
1137 3663 1240 3723 Deum
1254 3680 1319 3723 esse
1333 3662 1542 3737 nominatum,
1554 3666 1586 3722 et
1599 3661 1627 3722 ei
1641 3661 1821 3723 attributam
1828 3663 1909 3726 divi-

318 3734 399 3797 nitas
414 3744 514 3817 P⁰test
530 3741 583 3803 illa
606 3752 718 3809 natura
736 3754 869 3828 censeri,
886 3774 956 3835 qum
970 3758 1086 3821 huma·
1136 3754 1241 3815 nitatis
1255 3759 1416 3830 naturam,
1432 3754 1515 3833 quod
1528 3753 1612 3814 idem
1623 3753 1721 3827 valet,
1736 3759 1831 3835 atque
1844 3755 1907 3817 usi-

318 3827 1088 3929 nitatisassumptione,aceessionequedegeneravit
1135 3852 1235 3908 tatum
1245 3846 1323 3907 illud
1337 3850 1455 3926 postea,
1476 3868 1488 3903 r
1504 3863 1605 3906 unum
1618 3863 1683 3907 esse
1697 3846 1856 3909 Cluistum
1869 3849 1908 3910 de

317 3918 350 3979 in
368 3921 493 3984 tertiam
517 3925 707 4011 obtutusque
732 3935 903 4002 diversam:
933 3945 1086 4021 quemad.
1135 3938 1452 4017 Trinitate,yclunam
1460 3956 1668 4017 personamza
1684 3939 1908 4019 ooturpissime

319 4012 448 4075 modum
462 4023 573 4080 natura
582 4021 718 4086 hominis
731 4045 770 4088 ex
783 4030 886 4093 anima
901 4040 1044 4098 constans
1057 4044 1086 4099 ει
1134 4031 1358 4093 hallucinatum
1371 4029 1464 4092 fuisse
1470 4031 1684 4110 Anonymum,
1701 4031 1757 4109 qui
1768 4048 1909 4113 aasump

319 4121 459 4184 corpore,
474 4117 621 4173 neutrum
635 4122 689 4189 est,
706 4119 731 4179 si
749 4124 873 4202 proprie
895 4126 981 4206 loqui
996 4130 1085 4191 volu·
1132 4125 1252 4185 tionem
1261 4124 1351 4184 istam
1359 4122 1564 4202 putavitesse,
1574 4121 1749 4184 unitionem
1758 4122 1907 4189 humanae

318 4214 400 4273 mus,
416 4200 470 4261 sed
484 4204 610 4266 tertium
627 4210 786 4287 quiddam.
801 4215 908 4296 Neque
921 4238 1033 4300 corpus
1047 4240 1085 4284 ex
1133 4222 1334 4278 natureecum
1351 4217 1425 4276 lieo.

318 4289 478 4354 elementis
491 4303 624 4374 quatuor
637 4306 844 4384 compositum
857 4310 938 4389 iguis
952 4320 1014 4392 eet,
1030 4322 1085 4377 aut
1161 4308 1910 4391 EthaetenusquidemprimediseussaestAnony-

318 4383 460 4446 eamdem
474 4406 546 4450 cum
556 4409 593 4452 eo
605 4399 863 4462 naturamhahet.
1133 4403 1275 4474 miratio,
1285 4400 1502 4481 quaGyrillum
1508 4402 1771 4481 Apollinaristam,
1780 4404 1910 4484 etEuty·

358 4475 509 4550 (lutetiam
535 4482 632 4562 igitur
651 4493 698 4548 est
715 4492 889 4570 cyrilliana
905 4496 989 4558 illius
1012 4500 1083 4579 opi·
1134 4495 1252 4557 chienae
1265 4500 1423 4555 auctorem
1436 4493 1562 4555 haeresis
1573 4494 1677 4568 lusisse,
1697 4494 1831 4573 probare
1844 4502 1909 4557 stu·

318 4562 421 4627 nionis
433 4570 512 4631 ratio
524 4589 563 4633 ex
575 4576 735 4658 Anonymi
747 4579 1086 4664 interpretationeiaut
1135 4588 1212 4663 duit,
1228 4586 1909 4666 reliquiesuntquinque3quarurnnonnulla

319 4662 476 4735 quomode
490 4677 740 4748 consequensest
759 4693 798 4735 ex
820 4694 874 4752 eo,
897 4680 980 4758 quod
994 4681 1083 4743 illum
1130 4681 1198 4761 y‘am
1208 4681 1242 4741 in
1252 4679 1504 4741 antecedentibus
1515 4680 1682 4758 exphcatm
1692 4680 1909 4761 dissolutaque
2028 4676 2029 4695 ¹

319 4750 431 4814 dixisse
440 4753 541 4836 tingit,
553 4760 764 4827 Aumaaitatem
780 4765 896 4831 Christi
908 4778 1087 4855 assumptum
1136 4779 1221 4834 sunt.
1232 4772 1528 4835 Referemustamen
1537 4772 1680 4853 deinceps
1690 4773 1862 4851 universas,
1878 4780 1910 4835 et

319 4843 446 4908 oVerho
471 4849 574 4931 suase,
603 4861 639 4916 ut
663 4876 727 4919 uua
751 4877 790 4921 ex
814 4869 944 4945 uuaqre
967 4866 1089 4929 deitatis
1138 4865 1311 4948 desingulis
1327 4864 1906 4947 quodnecessevidebiuuexponemru.

357 5048 377 5089 α
397 5034 506 5090 cresus.
522 5036 560 5095 de
572 5041 661 5096 Recto
674 5039 743 5113 pide.
763 5042 793 5097 El
807 5045 881 5116 μόνος
898 5038 934 5109 εἷς
952 5042 1003 5100 ἔστι
1023 5045 1087 5113 teta,
1136 5044 1488 5120 saepecommonitis,
1502 5043 1598 5099 xalta
1615 5046 1792 5119 κεχρημάταεν
1808 5044 1909 5116 Ἰησοῦς

320 5117 362 5171 καὶ
376 5119 458 5191 ἕτερος
471 5123 530 5195 παρ’
542 5122 616 5178 αὑτὸν
633 5122 721 5188 οὐδείς·
736 5128 1038 5202 ουμπαραλαμὸάνεταιδὲ
1057 5129 1090 5194 εἰς
1137 5130 1248 5204 Χριστὸς,
1263 5132 1393 5203 γενόμενος
1409 5128 1436 5184 ἐκ
1448 5130 1570 5202 γυναικός·
1597 5127 1743 5202 &imiimi
1756 5128 1782 5184 δὲ
1796 5128 1855 5203 xiie
1869 5133 1908 5185 ³²¹

321 5200 366 5269 ris
381 5202 439 5275 pias
463 5210 506 5273 τῆς
523 5207 637 5277 θεότητος
650 5207 719 5281 φύσιν
734 5210 749 5264 ὁ
763 5204 799 5274 εἷς
812 5213 914 5285 Χριστὸς
932 5212 1042 5283 Ἰησοῦς,
1056 5213 1089 5268 δι’
1138 5215 1242 5287 Χριστὸν
1261 5208 1360 5284 Ἰησοῦν
1375 5213 1507 5287 ὀνομάσαι,
1521 5211 1554 5267 δι’
1569 5205 1644 5266 αὗῖῡῦ
1657 5213 1690 5267 τὰ
1700 5214 1781 5268 πάντα
1795 5214 1907 5286 Υενέσῦω

322 5278 351 5340 οὗ
365 5285 396 5341 τὰ
409 5288 499 5343 πάντα·
520 5291 573 5355 θεὸς
593 5286 636 5347 οὖν
654 5293 702 5365 ἄρα
725 5292 789 5349 ἔστιν
804 5294 828 5350 ἐν
849 5297 1024 5369 ὀμοουσιότητι
1046 5303 1090 5352 τοῦ
1138 5299 1221 5369 φησιν,
1231 5298 1264 5361 ὡς
1278 5297 1409 5362 ἓνδςόντος
1420 5292 1473 5352 υἱοῦ
1482 5296 1536 5353 καθ’
1548 5298 1634 5352 ἕνωσιν
1649 5295 1815 5371 οἰκονομικὴν.

350 5433 361 5476 ι
376 5433 385 5476 Ι
400 5434 448 5478 cur.
460 5443 508 5485 vrri.
517 5435 538 5481 t.
