3990 6130
306 387 348 448 so
832 368 1394 449 rnsomcrocauuoocnlruit

306 548 401 627 morto,
414 550 865 631 relexhuordinarlaquutlam
878 548 1074 612 rafionezsic
1126 549 1260 629 Spiritus
1286 550 1392 612 sancti
1412 547 1494 626 Quod
1515 547 1594 610 cuith
1612 547 1643 609 in
1662 548 1697 609 to
1717 550 1820 606 buum
1840 534 1893 611 ta.

309 650 466 722 ἀνθρωπικῶς
487 642 547 704 erit
570 643 719 718 humane,
748 648 779 704 et
804 643 915 703 natata
928 641 1073 703 ratione:
1125 640 1169 702 alt
1182 640 1328 723 Angelus,
1344 641 1511 723 deSpin'tu
1526 648 1626 702 saneto
1648 646 1689 700 cst
1703 636 1726 698 ¹.
1748 630 1896 711 Qubcircu

309 734 393 814 quod
406 734 510 813 ipsum
528 733 681 813 significat
703 740 734 796 et
753 734 942 796 vocabulum
955 747 1076 814 σαρκικῶν
1125 735 1191 797 sola
1203 736 1283 797 servi
1296 735 1396 797 forma
1416 735 1451 796 in
1470 741 1560 796 utero
1583 731 1718 811 Virginis
1739 728 1896 791 elaboratu

309 826 342 887 id
356 831 402 887 est
413 825 590 887 carnaliter.
1125 832 1181 896 est,
1212 833 1243 890 et
1269 832 1417 905 concepte
1447 845 1455 888 ε
1479 844 1550 907 qum
1575 824 1650 904 quia
1671 821 1827 884 divinitati
1849 823 1897 880 est

148 943 277 990 rrrocorcu
350 917 464 979 11111111
485 918 716 997 ⁰Pllllssssflfi⁰110
740 918 936 992 ΊῚ1111111011111,
960 932 1077 979 11191110·
1127 921 1216 981 unita
1228 940 1236 995 ;
1250 920 1362 981 idcirco
1373 921 1453 980 Deus
1466 922 1522 993 est,
1539 921 1569 979 et
1583 916 1638 978 Dei
1644 914 1778 995 genitrix
1789 911 1895 992 appel·

139 998 286 1108 ιῖξζξξξξξῇρ
310 1010 445 1072 randum
458 1010 536 1070 illud
549 1026 588 1071 ex
601 1009 764 1088 agobardo
775 1009 979 1088 Lugdunensi
997 1009 1077 1088 epis·
1126 1012 1219 1089 latur,
1231 1031 1301 1092 qnae
1315 1013 1348 1072 in
1362 1012 1465 1072 lucem
1479 1010 1570 1071 illum
1589 1008 1694 1070 edidit.

159 1111 266 1208 νᾱρρρρε
311 1119 389 1180 copo
402 1101 638 1162 inlibroroutru
651 1100 757 1183 doymo
770 1101 880 1163 Felicis
897 1100 1077 1181 Urpetituoi,
1170 1106 1210 1166 At
1224 1104 1359 1184 (tyrillus
1375 1104 1485 1165 men‘to
1502 1106 1602 1163 totam
1621 1100 1708 1161 illam
1727 1095 1896 1159 accusatio-

160 1216 265 1263 cassano.
310 1193 422 1255 merito
433 1192 657 1273 praefabimur:
677 1195 789 1255 ccum
809 1210 882 1273 ergo
896 1197 1077 1273 utrumque,
1129 1214 1202 1259 nem
1215 1197 1366 1258 insulsum
1380 1214 1446 1257 esse
1460 1193 1650 1257 calumniam
1662 1192 1752 1253 docet
1768 1209 1775 1249 ε
1792 1206 1850 1265 nec
1863 1192 1897 1249 se

311 1285 405 1346 idest
425 1285 613 1361 Nestorium,
628 1290 660 1347 et
678 1285 849 1365 Eutychem
873 1285 986 1345 veritas
1009 1282 1078 1345 fidel
1128 1289 1178 1350 vel
1191 1289 1292 1350 littera
1311 1286 1509 1368 significasse,
1524 1286 1663 1347 Verbum
1685 1292 1810 1344 carnem
1831 1290 1899 1341 esse

311 1376 532 1467 objiciatque
546 1377 783 1439 mediuminter
799 1377 1078 1452 accercitorum,
1128 1381 1244 1442 factum
1267 1399 1304 1442 eo
1329 1381 1423 1441 modo
1451 1388 1546 1459 quern
1568 1376 1659 1456 fingit
1682 1371 1895 1447 adversarius:

312 1469 424 1529 Beatus
447 1469 578 1549 Gyrillus
600 1470 739 1547 ejusdem
765 1469 902 1530 veritatis
925 1467 1078 1541 defensori
1130 1491 1242 1553 nempe
1252 1466 1755 1534 utidirinitatisinterveneritulla
1768 1472 1899 1527 conver·

313 1560 539 1625 ¹ileaandrinus
558 1562 695 1637 anhstcs,
716 1562 792 1622 dum
807 1562 901 1622 vellet
926 1561 1081 1637 corrigere
1130 1565 1186 1626 sio.
1208 1566 1335 1625 Frustra
1357 1582 1431 1642 ergo
1458 1561 1640 1636 conflictari,
1660 1565 1691 1620 et
1708 1575 1781 1620 eum
1804 1556 1900 1617 larris

312 1652 497 1732 pravitatem
530 1654 681 1728 Nestorii,
703 1659 830 1731 propter
864 1652 1081 1714 obscuritatem
1130 1658 1264 1737 praeliari
1297 1657 1538 1717 Theodoretum.
1574 1655 1673 1713 Porro
1700 1649 1784 1730 quod
1814 1648 1901 1709 idem

312 1745 489 1818 verborum,
515 1750 622 1823 utpote
647 1744 851 1805 subtilissimas
877 1747 938 1820 rei,
954 1745 1083 1805 ossendit
1131 1749 1272 1828 opponit,
1289 1748 1387 1809 solum
1418 1744 1552 1808 {ormam
1586 1746 1667 1806 servi
1698 1742 1899 1821 conjunctam

313 1836 442 1897 beatum
477 1837 631 1898 ioannem
671 1837 836 1897 Praesulem
878 1834 1079 1898 Antiochense
1131 1856 1196 1903 esse
1211 1839 1319 1901 formae
1341 1839 1406 1916 Dei,
1429 1857 1494 1900 uon
1518 1839 1562 1899 sic
1588 1837 1677 1898 illum
1703 1831 1902 1913 interpretari

314 1927 459 2000 ecclesiae,
476 1934 507 1989 et
520 1946 572 1989 eos
585 1928 638 2007 qui
662 1946 733 1990 cum
747 1929 800 1989 illo
814 1935 903 1989 erant
919 1947 926 1989 z
942 1929 1082 2008 factaque
1131 1952 1237 2013 posse3
1253 1934 1298 1993 utl
1321 1933 1431 1993 lormae
1453 1932 1519 1992 istae
1532 1939 1665 1993 ὑποστάσει
1683 1932 1818 1999 caream,
1841 1925 1903 1986 hoc
1934 1938 1993 2003 νννν

314 2025 361 2082 est
374 2019 482 2080 divisio
495 2021 578 2081 inter
596 2021 832 2094 Antiochenam,
850 2026 880 2082 et
905 2021 1083 2082 Alexandri·
1132 2033 1255 2087 estnon
1278 2025 1339 2085 sint
1350 2043 1399 2084 res
1417 2023 1528 2103 aliquae
1549 2026 1699 2095 extantes,
1727 2023 1758 2080 et
1776 2017 1900 2093 solidae3
1968 1991 1993 2037 Μ

314 2130 389 2173 nam
402 2111 560 2173 ecclesiam
576 2132 584 2187 3
600 2119 727 2191 rogatus
745 2118 791 2174 est
804 2118 910 2174 autem
924 2113 963 2174 ab
978 2112 1084 2173 Antio·
1132 2117 1218 2178 velut
1242 2116 1362 2177 umbras
1388 2115 1544 2195 quadarn,
1570 2120 1601 2175 et
1626 2117 1754 2192 spectra,
1781 2109 1831 2171 vel
1845 2122 1903 2169 oon

315 2204 421 2265 chenis
434 2203 647 2266 Theodoretus
662 2204 736 2284 Cyri
750 2205 909 2285 episcopus
927 2210 964 2265 ut
980 2210 1086 2283 ageret
1132 2208 1315 2270 subsistentes
1326 2205 1634 2268 st'mttitudioes.0um
1649 2204 1745 2283 igitur
1758 2199 1904 2264 substau-

315 2297 460 2358 adversus
493 2296 618 2357 matum
654 2297 826 2376 cyrillum3
856 2305 886 2357 et
912 2297 1029 2357 mirum
1051 2297 1085 2358 in
1134 2302 1206 2361 tiva
1232 2300 1304 2378 sint,
1333 2316 1456 2361 necesse
1483 2303 1530 2359 est
1559 2316 1631 2357 rere
1664 2294 1806 2375 genitum
1838 2304 1906 2354 esse

316 2389 456 2466 modum,
473 2389 549 2448 dum
563 2389 688 2467 utrique
711 2394 812 2449 essem
825 2386 979 2463 catholici,
995 2389 1087 2449 idest
1135 2393 1295 2454 hominem
1305 2391 1495 2471 quempiam,
1510 2390 1717 2468 eumdemque
1732 2389 1846 2447 Deum.
1864 2386 1907 2447 lle

317 2480 549 2555 etAntiooheni,
558 2486 589 2540 et
601 2481 811 2548 Alexandrini,
822 2481 931 2541 heatus
941 2481 1085 2559 Gyrillus,
1136 2485 1287 2560 hocloco,
1308 2488 1340 2546 et
1362 2482 1587 2563 significatione
1599 2494 1643 2557 τῆς
1651 2489 1808 2549 ὑποστάσεως
1822 2470 1908 2557 apud

317 2573 394 2632 dum
407 2578 535 2652 putatur
549 2591 614 2633 esse
635 2572 807 2648 hacreticus,
826 2574 910 2651 quod
928 2579 1084 2648 nouerat,
1137 2577 1308 2656 cyrillum,
1329 2577 1401 2637 vide
1435 2592 1506 2654 quae
1530 2592 1623 2653 supra
1646 2572 1744 2653 eapite
1772 2566 1909 2631 secundo

318 2665 464 2725 inventus
479 2669 524 2725 est
545 2684 564 2725 a
589 2664 782 2725 Theodoreto
805 2664 886 2724 inter
912 2664 1087 2724 Nestorium
1138 2668 1230 2729 diri¹.
1245 2669 1323 2729 Hine
1335 2668 1420 2728 enim
1434 2667 1560 2728 evidens
1574 2675 1629 2740 est,
1645 2663 1910 2727 tromecrlnonde

319 2755 510 2829 haereticum,
528 2760 559 2817 et
584 2756 736 2834 Cyrillum
758 2754 943 2816 catholicum
966 2756 1088 2817 medius
1135 2778 1274 2842 persono,
1288 2760 1339 2821 vcl
1347 2759 1492 2840 supposito
1506 2758 1613 2837 accipi,
1629 2758 1683 2818 sed
1694 2756 1732 2817 dc
1749 2773 1784 2815 re
1799 2752 1910 2831 solida,

318 2848 428 2922 locus;
464 2849 548 2910 unde
582 2849 665 2909 idem
699 2848 912 2909 Theodoretus
946 2862 1088 2927 pugnans
1139 2855 1290 2910 etrerera
1304 2848 1662 2909 cohoerente.Postremo
1676 2842 1913 2905 Theodoretum

320 2960 377 3020 pro
404 2941 544 3012 veritate,
572 2945 677 3019 ageret
701 2950 808 3000 contra
835 2939 1012 3013 veritatem,
1033 2937 1088 3017 qui
1138 2941 1182 3001 ait
1194 2957 1357 3020 perperam
1369 2956 1472 3015 agere,
1483 2938 1538 3018 qui
1552 2954 1624 2999 curn
1639 2938 1746 2998 ecdem
1759 2934 1824 2995 iere
1839 2948 1914 2993 cum

320 3035 396 3095 dum
419 3034 485 3094 istis
513 3031 669 3093 catholicis
702 3032 848 3111 placeret,
883 3030 945 3091 illis
978 3031 1088 3111 displi-
1140 3031 1386 3094 Anathemotismi
1424 3032 1578 3092 sententia
1603 3027 1741 3109 profiteri
1781 3040 1815 3086 se
1856 3026 1913 3086 de·

321 3131 445 3187 seret.»
792 3116 797 3121 ’
1140 3129 1302 3198 monstret,
1333 3129 1365 3185 et
1388 3123 1495 3184 ambas
1509 3123 1636 3183 interae
1660 3136 1733 3180 rere
1757 3116 1916 3196 copulatas

362 3217 572 3277 Theodoretus
584 3215 679 3291 igitur
702 3214 779 3276 illud
798 3215 939 3294 primurn
958 3213 992 3272 ln
1006 3213 1090 3274 Ano·
1140 3216 1174 3277 ln
1202 3216 1323 3276 Christo
1349 3221 1475 3276 naturas
1498 3217 1673 3289 asseveret,
1712 3209 1918 3271 nihilominus

323 3308 519 3370 themouismo
548 3306 717 3385 redarguit,
741 3307 826 3385 quod
844 3305 995 3385 cyrillum
1012 3305 1092 3366 inte·
1142 3307 1299 3369 adversari
1311 3324 1347 3368 ac
1359 3314 1477 3369 temere
1487 3306 1581 3367 rlxari
1595 3323 1659 3366 non
1674 3300 1875 3366 dubitaverit.

322 3402 431 3462 lesisse
442 3400 518 3461 falso
533 3398 672 3476 eredidit,
683 3399 822 3459 Verbum
836 3395 880 3457 ita
893 3412 1019 3457 carnem
1029 3412 1094 3457 esse

321 3494 449 3567 iactum,
465 3493 545 3553 utin
559 3509 629 3553 eam
641 3491 836 3552 demutatum
850 3490 899 3563 sit,
910 3506 982 3550 cum
988 3493 1095 3549 tamen

322 3584 518 3647 immutabile
530 3583 607 3644 illud
622 3600 687 3643 esse
707 3583 873 3661 Scripturas
894 3596 1003 3642 omnes
1016 3597 1095 3660 pra-

324 3677 440 3752 dicent,
459 3677 560 3749 Quare
577 3690 591 3728 e
612 3673 714 3735 forma
737 3674 794 3734 Dei
813 3690 878 3734 nou
901 3672 994 3734 estin
1017 3671 1098 3732 servi

327 3772 449 3830 mutata
461 3766 596 3827 formam
613 3785 620 3825 ε
637 3765 691 3825 sed
702 3763 1096 3842 manensquoderat,servi

325 3859 459 3920 formam
486 3856 619 3936 suscepit
638 3865 695 3935 ¹⁸,o
722 3857 765 3916 ait
791 3854 1018 3927 Theodoretus,
1040 3860 1100 3916 cet
1248 3849 1402 3911 Nusromr.
1673 3843 1805 3905 cmnu.

327 3968 399 4012 cum
413 3950 471 4010 sihi
484 3949 680 4029 templumiu
694 3954 782 4010 utero
796 3947 935 4026 Virginis
947 3947 1097 4019 tinxisset,

328 4060 402 4103 cum
426 4042 535 4103 eodem
549 4041 633 4113 ficto,
655 4041 824 4119 genitoque
846 4037 1037 4099 versabatur.
1056 4038 1100 4097 Er
1194 4033 1258 4093 asi
1276 4032 1346 4110 quis
1366 4029 1400 4090 in
1413 4028 1508 4090 Verbi
1607 4026 1673 4088 uSi
1686 4027 1756 4106 quis
1770 4042 1838 4086 non
1852 4040 1928 4085 con·

328 4152 391 4214 quo
405 4144 518 4196 νεοτόκον
529 4133 562 4192 id
583 4138 628 4192 est
652 4132 707 4192 Dei
721 4130 921 4210 genitricem,
947 4129 1100 4190 sanctissi-
1152 4125 1210 4186 Dei
1263 4121 1506 4200 conjunctione,
1564 4115 1928 4193 fiteturcarnesubstun·

330 4226 516 4288 mamillam
531 4224 692 4302 Virginem
714 4223 905 4303 appellamus
918 4242 926 4297 ;
940 4239 1005 4282 uon
1018 4220 1103 4300 quod
1153 4215 1276 4296 quaed
1290 4230 1417 4275 earnem
1431 4213 1510 4275 lacta
1564 4211 1678 4272 tiuliter
1717 4226 1821 4270 unum
1858 4224 1927 4268 esse

330 4321 430 4381 Deum
443 4317 733 4395 naturagenuerit3
759 4314 813 4375 sed
837 4313 922 4392 quod
941 4313 1102 4373 hominem
1154 4313 1210 4381 est,
1227 4308 1265 4367 de
1280 4305 1509 4366 locoinloeum
1585 4301 1725 4362 Verbum
1784 4299 1892 4361 Patris
1899 4318 1908 4375 3

332 4410 388 4486 illi,
415 4409 471 4489 qui
499 4427 531 4469 se
556 4407 719 4481 formavit,
748 4405 927 4484 copulatum
955 4406 1018 4465 Deo
1034 4402 1099 4463 l.»
1154 4399 1360 4461 mutationem
1404 4396 1511 4456 divina
1566 4409 1668 4454 unum
1695 4408 1820 4472 quoque
1861 4406 1930 4453 esse
1992 4430 1993 4433 κ

333 4502 451 4563 Rursus
463 4499 545 4579 quod
561 4497 695 4579 Cyrillus
709 4497 841 4577 scripsit,
855 4500 953 4558 Deum
967 4494 1106 4556 Verbum
1156 4489 1307 4553 sententia
1319 4488 1432 4551 dixerit
1445 4503 1511 4548 esse
1568 4485 1727 4546 Christum
1753 4498 1827 4544 cum
1854 4501 1931 4563 pro·

333 4594 476 4673 genitum
489 4588 1104 4669 ahVirgine;carpithotheodoretus:
1154 4584 1283 4657 factam,
1303 4581 1432 4659 ejusque
1454 4597 1510 4638 na·
1567 4575 1934 4656 priscameeteumdem

335 4686 419 4764 quod
433 4685 505 4746 inde
517 4684 670 4763 sequitur,
687 4683 787 4742 Deum
802 4681 940 4741 Verbum
950 4698 1029 4760 opus
1041 4695 1107 4739 esse
1156 4681 1513 4750 turoeoarnernoapecem
1568 4669 1674 4749 ipsum
1712 4667 1780 4729 sine
1819 4666 1934 4727 dubio

1228 3622 1600 3725 ANATHEMA‘VISMUS
1623 3619 1845 3685 SECUNDUS.

336 4926 423 4985 θεΐκῶς
445 4920 506 4994 ἅμα,
530 4922 578 4973 mi
596 4920 762 4993 ἀνθρωπικῶς·
784 4920 871 4980 θεϊκῶς
898 4914 951 4991 ριέν,
972 4918 1010 4970 ὅτι
1031 4915 1108 4988 χωρὶς
1193 4908 1297 4969 bibiti.
1322 4908 1390 4965 ’lit’
1407 4910 1486 4980 ἑαυτῷ
1495 4907 1552 4962 ναὸν
1563 4905 1627 4978 ἔντῇ
1639 4907 1767 4977 ruptarii]
1775 4906 1869 4977 γαστρὶ
1880 4907 1937 4959 δια·

337 5006 432 5078 ἀνδρὸς·
446 5005 604 5078 ἀνθρωπικῶς
621 5004 657 5067 δέ,
672 5004 710 5056 ὅτι
719 5004 789 5074 νόμῳ
798 5003 914 5068 κνήσεως·
931 4998 1016 5071 δμοέος
1028 4998 1105 5058 ἄθεος.
1157 4997 1251 5058 πλάσας
1265 4999 1339 5062 συνῆν
1357 5000 1394 5066 τῷ
1415 4992 1556 5057 ammian,
1575 4989 1616 5043 aui
1642 4990 1788 5061 γεννηθέντι.
1811 4980 1844 5041 ot
1859 4988 1937 5062 χάριν

374 5105 395 5143 a
413 5088 586 5145 Taroooaar.
601 5087 630 5142 in
644 5082 712 5157 Eph.
728 5082 807 5140 eone.
824 5099 881 5155 par.
898 5082 944 5137 lll.
965 5081 1045 5147 Δῆλον
1055 5078 1108 5133 roi·
1157 5080 1198 5133 καὶ
1212 5078 1255 5146 τὴν
1270 5078 1341 5151 ἁγίαν
1365 5074 1455 5144 ἔκεένην
1476 5075 1593 5147 παρθένον
1616 5074 1730 5128 νεοτόκον
1747 5072 1939 5144 προσαγορεύο-

339 5193 381 5227 ννν
396 5170 422 5225 ἐκ
435 5176 484 5226 τῶν
499 5170 643 5243 εἰρημένων,
655 5168 714 5237 ὡςη
734 5172 778 5221 τοῦ
791 5169 847 5222 θεοῦ
862 5164 942 5238 μορφὴ
958 5162 1001 5216 οὒκ
1018 5160 1109 5235 ἐτράπη
1160 5161 1390 5235 precipiatur
1409 5160 1476 5232 φύσει
1490 5157 1650 5230 γεννήσασαν·
1676 5153 1733 5210 ἀλλ’
1753 5154 1787 5219 ὣς
1800 5152 1938 5228 ἄνθρωπον

340 5254 471 5318 εἰςὸοὗλον
487 5253 592 5326 μορφὴν,
617 5250 682 5306 ἀλλὰ
706 5248 840 5325 peccunt
853 5250 893 5318 ἣν,
913 5246 987 5301 ἔλαθε
1001 5245 1044 5315 τὴν
1066 5238 1110 5299 τοῦ
1159 5251 1196 5317 τῷ
1210 5245 1371 5300 brachiorum
1386 5242 1458 5297 αὐτὸν
1472 5240 1597 5314 ἡνωμένον
1609 5244 1667 5312 θεῷ.

340 5339 428 5394 δούλου
445 5336 550 5411 μορφὴν.

368 5541 379 5584 l
394 5539 468 5585 luttlu
480 5549 499 5585 1.
510 5537 568 5589 ao,-
582 5535 685 5591 Νέης.
697 5533 718 5579 2.
