3936 6152
129 4480 266 4528 Ambrosius.

129 4548 274 4655 ttttbt‘t·

155 4644 258 4698 noginto

139 4698 261 4742 sententis·

179 4762 229 4795 rum

128 4804 259 4861 explicatus.

293 305 352 368 420
798 298 1123 365 runomulcuntltt
1144 296 1372 363 uocantum.

294 467 397 529 crateri
419 484 527 529 omncs
552 466 705 528 affirmare
725 466 848 528 videtur
868 468 901 528 in
925 465 1005 527 libro
1027 464 1062 527 de
1110 463 1150 525 ad
1160 465 1261 525 visum
1279 463 1456 539 hominum,
1477 467 1508 524 et
1532 459 1582 523 sui
1600 479 1707 523 sensus
1725 463 1857 524 ostensio·

293 558 511 620 incarnatione.
527 559 717 632 «Quomodo
736 558 926 638 proficiebat,
948 557 1059 637 inquit,
1111 574 1195 630 nem,
1213 555 1350 618 Christus
1364 555 1528 636 profecisse
1542 555 1672 616 dicatur.
1692 554 1861 616 Proliciebat

294 651 445 730 sapientia
473 652 553 712 Dci‘.l
582 654 694 712 [locent
720 657 750 712 te
777 652 853 712 ordo
882 649 1060 710 vorborum.
1111 666 1185 726 crgo
1199 647 1516 709 humaunssensusiu
1532 647 1860 723 e0,secundumosten-

295 744 451 804 Profectus
476 750 521 804 cst
540 744 648 816 atatis,
671 749 702 804 et
724 742 878 823 profectus
891 743 1060 821 sapientise,
1112 740 1242 813 sionem,
1265 748 1296 801 et
1309 741 1442 801 aliorum
1454 739 1810 819 bominumopinionem.
1825 740 1862 800 lta

293 836 347 897 scd
359 836 505 896 humanae
519 841 574 898 est.
599 836 671 896 ldeo
686 841 808 897 atatem
822 841 893 897 ante
901 834 1061 916 praemisit,
1112 833 1205 893 ctiam
1220 838 1350 912 patrem,
1367 837 1535 894 etmatrem
1555 831 1666 892 dicitur
1679 831 1864 910 ignorassein

295 934 331 987 ut
371 930 542 991 secundum
568 927 730 989 bominem
764 929 903 990 crederes
933 927 1059 987 dictum.
1112 923 1259 1001 infantia3
1274 925 1346 1003 quia
1360 924 1403 985 ita
1414 943 1446 986 se
1460 924 1604 1002 habebat,
1613 931 1643 986 et
1653 923 1787 1003 gerebat,
1800 923 1866 985 acsi

294 1021 378 1081 AEtas
400 1023 484 1082 emm
498 1040 562 1082 uon
580 1020 759 1095 divinitalis,
784 1022 837 1082 sed
852 1019 987 1101 corporis
1005 1025 1061 1081 est.
1112 1017 1279 1093 agnitionis
1307 1035 1415 1105 expers
1434 1022 1523 1078 esset.
1555 1039 1571 1075 n
1601 1017 1676 1077 Haec
1699 1034 1865 1097 mantuam

294 1114 376 1189 Ergo
396 1113 422 1173 si
435 1113 613 1193 proficiebat
627 1121 717 1176 atate
726 1114 871 1189 hominis,
884 1112 1064 1193 proficiebat
1113 1126 1186 1170 vera
1199 1115 1282 1184 sunt,
1299 1115 1335 1169 ut
1352 1109 1528 1189 paulopost
1549 1108 1661 1182 dicam,
1685 1114 1787 1170 amen
1800 1109 1867 1170 diffi-

294 1204 446 1284 sapientia
458 1205 604 1267 hominia.
615 1206 880 1287 Sapientiaautem
890 1223 1063 1284 sensupro-
1113 1201 1169 1262 cilc
1184 1220 1255 1263 cum
1276 1201 1430 1263 Ambrosii
1447 1202 1548 1263 verbis
1569 1201 1725 1263 conciliari
1740 1207 1866 1282 possunt.

295 1296 370 1371 ficit,
401 1298 474 1377 quia
494 1318 513 1359 a
537 1318 629 1361 sensu
656 1299 816 1380 sapientia.
844 1300 935 1360 lesus
960 1305 1064 1357 autem
1113 1294 1192 1355 Nam
1205 1294 1283 1355 nihil
1305 1294 1528 1374 Apollinarem,
1550 1301 1582 1356 el
1607 1293 1742 1355 similem
1757 1294 1868 1355 hareti-

296 1388 475 1467 proficiebat
495 1396 596 1461 aetate,
619 1398 650 1453 et
674 1393 833 1470 sapientia.
862 1390 934 1464 Quis
958 1406 1064 1450 sensus
1114 1405 1196 1459 cum,
1210 1386 1413 1460 offenderent,
1439 1387 1465 1447 si
1487 1387 1530 1448 sic
1557 1386 1810 1466 intelligerentur,
1819 1404 1868 1447 nec

296 1481 497 1561 proficiebat?
511 1484 543 1544 Si
567 1484 723 1545 liumanus
734 1504 742 1560 ;
766 1502 839 1563 ergo
862 1489 893 1544 et
911 1483 975 1563 ipse
998 1500 1066 1543 sus·
1115 1478 1271 1557 duplicem
1291 1477 1383 1540 finisse
1409 1478 1591 1559 sapientiam
1609 1479 1643 1538 in
1662 1478 1794 1552 Christo,
1808 1478 1869 1539 satis

297 1580 403 1653 coptus
428 1580 484 1635 est.
512 1575 546 1635 Si
567 1576 713 1637 divinus:
742 1594 799 1654 ego
832 1575 993 1636 mutabilis
1011 1591 1065 1654 per
1114 1570 1188 1632 inde
1203 1575 1375 1646 constaret,
1392 1590 1464 1633 cum
1478 1572 1516 1633 de
1528 1570 1633 1631 divina
1647 1570 1712 1631 sola
1724 1578 1806 1633 recle
1818 1571 1869 1632 dici

297 1665 480 1745 profectum.
495 1667 583 1740 Qttod
598 1668 681 1729 enim
702 1668 831 1747 proficit,
847 1668 954 1747 utiquc
968 1672 1065 1727 mut·
1115 1664 1221 1742 possit,
1251 1681 1331 1740 cam,
1347 1682 1404 1744 pro
1432 1664 1541 1740 atatis,
1561 1669 1592 1724 et
1618 1663 1755 1742 corporis
1781 1664 1869 1726 incre

297 1763 349 1818 tur
364 1758 398 1818 in
418 1759 541 1820 melius.
566 1760 627 1821 Sed
656 1760 740 1839 quod
759 1761 901 1821 divinum
924 1765 979 1832 cst,
1001 1777 1067 1819 non
1116 1762 1234 1832 mento,
1257 1756 1376 1834 majora
1402 1756 1450 1817 sui
1469 1755 1617 1834 paulatim
1645 1756 1760 1817 iudicia
1780 1762 1871 1837 prola

298 1855 448 1912 mutatur.
471 1852 560 1925 Quod
593 1871 668 1931 crgo
695 1858 846 1928 mutatur,
869 1871 931 1913 non
960 1851 1067 1930 utique
1115 1847 1202 1922 lissc3
1233 1866 1298 1909 non
1326 1855 1362 1909 ut
1381 1847 1447 1925 ipsa
1473 1853 1640 1909 cresceret:
1668 1848 1722 1909 sed
1750 1855 1871 1929 stapla

298 1940 448 2001 (livinum.
465 1940 580 2001 Sensus
594 1942 688 2019 igitur
704 1941 883 2021 proficiebat
891 1941 1064 2001 humanus:
1116 1940 1238 2020 cuique,
1255 1946 1285 2002 et
1298 1940 1499 2016 congruentia
1517 1958 1610 2018 opera
1627 1939 1819 2003 intuentibus
1829 1959 1871 2003 ex·

298 2050 423 2093 sensum
437 2052 510 2113 crgo
525 2034 660 2114 suscepit
674 2035 858 2097 humanum.
878 2036 916 2094 ut
934 2040 971 2095 ut
991 2034 1067 2094 seia·
1115 2031 1246 2094 biberet.
1263 2034 1349 2093 Idem
1363 2033 1447 2094 enim
1470 2039 1515 2094 cst
1525 2034 1683 2094 minorum
1698 2034 1732 2094 in
1752 2035 1869 2103 mundo,

297 2143 377 2194 tnns,
402 2126 475 2205 quia
489 2128 660 2188 secundum
682 2128 842 2188 hominem
869 2126 1064 2206 loquebatur,
1116 2125 1170 2204 qui
1197 2132 1228 2186 ct
1254 2125 1408 2205 majorum
1435 2131 1543 2187 strator
1570 2144 1700 2205 opetum
1727 2129 1872 2189 Dcuszet

298 2218 448 2297 praemisit
475 2219 598 2280 dicens:
622 2219 704 2280 Puer
730 2228 826 2281 antem
849 2220 1000 2297 crescebat,
1040 2226 1067 2279 et
1116 2218 1200 2279 idem
1212 2219 1385 2279 viventibus
1399 2220 1638 2299 progressiones,
1649 2226 1680 2280 el
1693 2220 1874 2282 incrementa

298 2310 533 2390 confortabatur,
570 2321 596 2372 ot
625 2311 803 2392 irnplcbotor
840 2310 1008 2393 snpientia:
1038 2317 1066 2372 et
1117 2311 1276 2372 constituit
1286 2316 1424 2389 aetatum,
1440 2311 1553 2392 quibus
1565 2312 1786 2388 adolescerent,
1802 2320 1873 2375 etex

297 2401 396 2482 pretio
422 2401 479 2463 Dei
501 2411 564 2463 crat
596 2422 662 2464 curo
688 2404 752 2465 illo.
787 2405 827 2464 Et
852 2422 930 2483 puer
953 2411 1067 2465 nostrae
1116 2404 1301 2482 imperfectis
1322 2404 1506 2484 perfectiora
1538 2405 1730 2485 pedetentim
1761 2406 1872 2468 tierent.

297 2511 415 2555 nomen
429 2495 527 2556 atatis
548 2508 609 2570 est;
630 2514 688 2556 nec
710 2496 876 2556 confortari
895 2497 993 2557 virtus
1010 2515 1066 2576 po·
1117 2497 1218 2569 Qttare
1238 2502 1274 2557 ut
1292 2497 1445 2571 eamdem,
1470 2498 1537 2558 sine
1555 2497 1619 2558 ulla
1632 2499 1680 2558 sui
1698 2499 1872 2569 mutatione,

299 2592 378 2646 terat
401 2586 469 2661 Dei,
486 2605 544 2648 nec
565 2605 699 2648 cresccre
726 2589 819 2661 Deus,
847 2607 905 2649 nec
937 2588 1067 2649 altitudo
1116 2588 1182 2650 vim
1197 2589 1392 2651 sociantem
1405 2608 1412 2651 ι
1425 2589 1489 2651 imo
1509 2596 1540 2651 et
1562 2589 1755 2670 sapientiam,
1772 2611 1807 2654 ac
1825 2591 1873 2652 bo·

298 2678 458 2758 sapientire
473 2680 539 2754 Dei,
564 2699 622 2741 nec
641 2680 800 2760 plenitudo
820 2681 988 2743 divinitatis
1010 2681 1068 2741 im·
1117 2681 1257 2757 nitatem,
1278 2681 1444 2755 minorem,
1473 2681 1686 2762 majoremque
1707 2683 1811 2763 prodit
1832 2702 1875 2745 ex·

298 2772 387 2850 pleri,
410 2774 485 2846 Qttee
499 2773 596 2851 igitur
608 2773 805 2853 implebatur,
832 2778 897 2835 erat
912 2792 976 2834 non
1000 2773 1066 2850 Dei,
1116 2778 1204 2834 terna
1213 2773 1436 2855 significatione
1449 2793 1579 2853 operum
1591 2794 1736 2851 sitorum3
1754 2777 1793 2837 its
1807 2774 1875 2837 elin

298 2864 466 2924 sednostra
482 2865 642 2944 sapientia.
665 2891 678 2919 ι
708 2867 788 2927 Tum
802 2865 887 2928 lsaia
901 2865 1005 2926 locum
1019 2883 1069 2926 ea
1116 2865 1256 2927 humano
1279 2884 1406 2945 corpore
1429 2866 1512 2927 tices
1538 2867 1616 2944 illas,
1645 2874 1677 2929 et
1698 2868 1876 2930 accessiones

299 2956 605 3036 demaccommodat,
631 2958 685 3038 qui
707 2964 752 3019 est
776 2959 810 3017 in
823 2970 932 3018 octavo
945 2959 1064 3038 capite:
1118 2976 1191 3035 una,
1214 2959 1384 3039 eademque
1402 2963 1522 3039 poterat
1547 2978 1690 3022 exercere
1712 2961 1818 3021 ditius
1837 2980 1876 3021 sa·

299 3048 481 3129 Priusquam
507 3050 580 3110 scint
602 3069 680 3130 puer
702 3058 1063 3129 narrentanorum,
1117 3052 1244 3132 pientia.
1280 3053 1349 3112 Nou
1378 3052 1474 3129 igitur
1490 3051 1582 3112 firmo
1606 3054 1679 3113 salis
1700 3059 1877 3134 argumento

299 3140 737 3218 accipietot'rtotentilomosei,
751 3141 886 3222 etspolia
899 3141 1064 3204 Samaria:
1117 3144 1305 3223 Apollinaris
1326 3144 1499 3220 infamiam,
1525 3151 1579 3206 aut
1598 3145 1666 3206 Arii
1679 3150 1878 3227 compesceret

300 3232 413 3310 quilius
426 3233 483 3293 isla
496 3233 649 3294 subtexit:
678 3255 693 3292 o
709 3234 899 3313 Sapientiam
913 3234 998 3295 enim
1013 3235 1068 3296 Dei
1119 3235 1311 3312 Ambrosius,
1328 3237 1354 3297 si
1374 3254 1413 3297 ex
1425 3237 1563 3317 Magistri
1577 3257 1667 3299 sensu
1685 3239 1739 3300 illa
1750 3239 1876 3320 serinia

300 3324 416 3403 futura,
443 3331 474 3386 et
494 3325 614 3387 occulta
633 3344 698 3387 non
721 3326 843 3387 fallunt.
871 3328 985 3406 Expers
1011 3346 1066 3388 au·
1118 3335 1174 3389 set.
1191 3328 1250 3390 Sed
1262 3328 1301 3389 dc
1317 3328 1479 3390 Ambrosio
1493 3329 1577 3390 satis.

300 3425 364 3479 lem
382 3418 547 3497 agnitionis
559 3416 700 3492 infantia,
710 3436 766 3498 pcr
775 3418 947 3481 humanam
960 3418 1068 3499 utique
1158 3423 1214 3482 VI.
1237 3421 1419 3495 Fulgentius
1437 3422 1472 3482 in
1495 3423 1598 3501 primo
1621 3421 1701 3483 libro
1728 3422 1770 3484 od
1791 3421 1877 3486 Trosi

300 3510 543 3591 imprudentiam
556 3511 639 3591 quod
662 3511 763 3572 adhuc
776 3530 842 3573 non
860 3512 965 3573 didicit
979 3512 1067 3592 igno·
1119 3513 1274 3586 mandunt,
1290 3513 1388 3595 capite
1397 3513 1537 3594 septime,
1550 3514 1692 3576 similiter
1704 3522 1799 3595 atque
1812 3517 1878 3577 Am·

300 3608 360 3664 rat.
376 3628 389 3659 s
1118 3605 1240 3667 brosius
1254 3623 1363 3667 verum
1380 3607 1519 3685 agnoscit
1532 3607 1566 3669 in
1580 3608 1703 3669 Christo
1715 3613 1754 3669 ut
1775 3609 1876 3681 aetatis,

304 3726 307 3733 ·
341 3697 407 3770 Quo
422 3698 455 3756 in
465 3696 533 3758 loco
542 3697 696 3759 Christum
709 3697 880 3759 secundum
898 3695 1069 3760 humanam
1118 3698 1161 3760 ita
1168 3699 1326 3778 sapientia
1336 3699 1528 3777 profectum:
1544 3699 1878 3779 cujusrerbasuperitu

300 3794 445 3850 naturam
458 3809 530 3851 vere
544 3791 720 3870 profecisse,
741 3791 818 3851 adeo
833 3790 1009 3851 existimare
1023 3791 1070 3851 vi·
1118 3789 1307 3853 attulimus³.
1335 3791 1451 3865 Quibus
1479 3791 1651 3871 adjicienda
1677 3793 1772 3854 modo
1799 3798 1876 3867 siml,

301 3881 405 3957 dotur3
425 3888 460 3941 ut
491 3901 577 3943 exeo
592 3889 699 3944 contra
713 3883 945 3963 Apollinarislas
960 3883 1070 3962 probet
1119 3902 1189 3963 quat
1210 3883 1244 3945 in
1271 3884 1362 3945 tertio
1385 3883 1478 3960 libro,
1500 3885 1599 3964 capite
1618 3885 1878 3964 ntu11,ejusdem

300 3974 454 4054 duplicem
469 3975 502 4035 in
523 3975 643 4036 Christo
654 3976 752 4037 inesse
767 3976 967 4055 sapientiam:
990 3982 1069 4038 etex
1118 3977 1221 4057 operis
1234 3975 1357 4038 scribit:
1379 3999 1394 4035 a
1413 3977 1571 4056 Sapientia
1585 3995 1709 4057 quoque
1726 3979 1877 4049 novimus,

300 4068 512 4146 consequenti,
538 4068 754 4130 substantiam.
782 4069 941 4148 Siquidem
961 4068 1069 4130 divina
1118 4070 1272 4131 Christum
1286 4069 1457 4130 secundum
1470 4068 1608 4131 animam
1628 4069 1813 4151 profecisse:
1830 4069 1879 4131 sm

299 4160 459 4239 sapientia,
472 4178 544 4221 cum
557 4160 782 4240 perfectissima
796 4162 845 4235 sit,
862 4161 957 4221 nullis
970 4162 1067 4222 aucti·
1117 4161 1266 4242 sapientia
1295 4161 1434 4222 Christus
1457 4179 1522 4222 non
1549 4162 1652 4241 potuit
1681 4180 1756 4224 etim
1781 4164 1880 4224 anima

299 4253 357 4313 bus
383 4254 561 4313 succrescit:
593 4276 608 4311 (ι
633 4253 686 4312 scd
707 4252 856 4330 humana,
886 4272 957 4332 quae
985 4255 1069 4332 quod
1117 4253 1296 4334 proficiente
1310 4252 1457 4332 proficere
1470 4273 1478 4329 ;
1492 4272 1529 4314 ac
1548 4272 1604 4332 per
1615 4255 1676 4315 hoc
1687 4255 1771 4316 idem
1783 4254 1879 4316 Claru-

299 4346 473 4406 adhucnon
482 4344 605 4421 dedicit,
629 4345 795 4423 ignorat.»
1117 4353 1168 4407 tus
1186 4352 1217 4407 et
1241 4348 1273 4406 in
1294 4364 1387 4407 carue
1405 4364 1461 4407 sua
1477 4346 1582 4419 crevit,
1601 4353 1632 4407 et
1652 4346 1685 4406 in
1707 4347 1812 4407 anima
1831 4364 1882 4407 ata

338 4438 376 4498 V.
399 4439 439 4498 At
451 4437 763 4498 PetcusLombardus
777 4437 921 4514 Magister
937 4439 1069 4500 Senten-
1119 4439 1258 4519 profecit,
1270 4439 1324 4517 qni
1337 4443 1442 4500 tamen
1462 4444 1494 4500 ct
1511 4438 1544 4499 in
1560 4457 1652 4500 carne
1665 4458 1719 4500 sua
1734 4456 1880 4515 crescens,

298 4528 448 4605 tiarum¹,
484 4530 578 4608 huJ'us
610 4530 805 4590 Ambrosiani
835 4531 894 4592 loci
920 4529 1069 4593 invidiam
1119 4530 1195 4592 etin
1214 4530 1387 4591 animasua
1407 4530 1580 4611 proficiens,
1606 4549 1757 4593 naccum
1782 4531 1882 4591 anima

299 4624 439 4685 emollire
453 4630 593 4697 conatur,
622 4641 773 4698 asserens,
795 4623 827 4684 id
843 4624 927 4703 quod
941 4643 989 4685 res
1003 4625 1070 4703 ipsa
1119 4643 1176 4685 sua
1197 4623 1360 4703 prolicere,
1392 4642 1450 4684 uec
1477 4641 1550 4684 cum
1577 4642 1670 4685 carne
1697 4642 1753 4684 sua
1784 4621 1883 4704 potuit

298 4721 460 4791 monstrat,
482 4715 639 4796 duplicem
661 4716 695 4775 in
727 4715 848 4776 Christo
862 4715 992 4793 reperiri
1019 4734 1067 4777 sa-
1118 4715 1216 4777 atatis
1229 4716 1418 4777 incrementa
1442 4717 1598 4776 sentires
1626 4716 1713 4790 Quod
1731 4712 1882 4794 fulgentii

298 4808 463 4888 pientiam;
493 4827 589 4869 tinam
624 4807 773 4884 divinam,
802 4814 834 4868 ct
869 4808 1065 4884 increatam3
1116 4809 1233 4870 dictum
1248 4814 1491 4870 consentaneum
1505 4813 1550 4870 est
1559 4807 1649 4870 alteri
1661 4807 1718 4884 illi,
1734 4807 1817 4889 quod
1829 4823 1880 4885 ge

298 4901 427 4962 alteram
439 4900 552 4961 amma
566 4901 737 4980 propriam,
754 4907 785 4961 et
797 4906 949 4972 creatam3
973 4917 1067 4979 quam
1117 4901 1250 4962 neratim
1268 4901 1363 4962 edidit
1380 4901 1414 4961 in
1440 4900 1539 4980 eapite
1557 4900 1774 4979 xr1,ejusdem
1802 4897 1881 4960 tertii

298 4994 455 5072 Propheta
475 4992 638 5069 significat,
654 4993 771 5069 dicens,
797 4991 965 5073 Requiesect
977 5009 1068 5072 super
1117 4992 1201 5053 libri.
1219 5013 1232 5049 ι
1248 4993 1327 5065 Quia
1340 4997 1442 5053 totum
1463 4992 1626 5054 hominem
1645 4994 1726 5053 Deus
1746 4990 1798 5051 illc
1815 5006 1880 5051 sus·

297 5084 500 5166 conspicitur
515 5085 679 5165 sapientia,
703 5092 732 5145 ct
756 5084 952 5145 intellectns².
981 5085 1068 5151 Hanc
1117 5085 1208 5164 cepit,
1223 5084 1293 5145 ideo
1307 5084 1401 5145 lotias
1418 5084 1554 5145 hominis
1574 5085 1608 5145 in
1627 5101 1660 5145 se
1681 5083 1836 5164 passiones
1849 5080 1882 5141 iu

296 5177 630 5257 igiturhumanam,et
643 5182 778 5238 cresum
796 5177 978 5256 sapientiam
992 5195 1065 5257 pro·
1115 5176 1460 5253 renutemonstrasse3
1477 5182 1507 5237 ct
1521 5175 1660 5237 animam
1678 5175 1803 5255 quidem
1826 5190 1880 5233 ra·

296 5270 403 5332 iecisse
417 5270 477 5330 dici
490 5269 529 5330 ab
543 5270 706 5331 Ambrosio
717 5269 799 5331 credi
804 5277 824 5348 t,
838 5291 853 5330 a
866 5276 902 5330 ut
910 5277 1064 5351 quantum
1117 5268 1266 5331 tionalem
1279 5268 1457 5347 habentem,
1469 5268 1684 5349 quidquidfuit
1695 5263 1880 5330 infirmitatis

324 5471 369 5518 llu
381 5469 419 5526 lll,
432 5470 477 5519 [tls.
489 5481 537 5525 tut
549 5470 576 5518 ll.
586 5472 686 5519 -tlta
700 5483 729 5518 n.
740 5471 848 5530 -acop
862 5484 879 5527 ι,
892 5473 908 5532 s
919 5474 942 5519 8.
