3936 6146
487 298 540 359 DE
560 295 865 370 lustusamans,
888 296 962 360 LIB.
985 298 1037 373 lx,
1060 299 1143 363 GAP.
1166 301 1225 363 IX.

1585 298 1646 360 839

93 460 341 541 rebus,prasertim
354 461 662 538 intersaeollatis,ec
676 467 826 524 semutuo
877 461 986 523 datum
1000 463 1093 526 fuisse
1106 470 1209 527 censet
1232 465 1408 543 anselmus,
1423 462 1483 527 hae
1504 463 1646 525 videlicet

93 554 302 635 respicientibus,
318 553 449 615 infinitae
461 556 595 616 rationes
609 553 771 633 ejusmodi,
787 552 827 612 oh
877 552 955 628 lege,
972 560 1016 628 ut,
1033 557 1058 616 si
1072 557 1214 618 homines
1227 557 1379 619 redimere
1390 556 1493 629 vellet,
1514 573 1571 637 pro
1586 554 1646 615 illis

92 665 153 726 quas
174 645 301 725 preclerri
333 645 417 723 ahie,
444 649 649 725 postponique
683 645 825 720 debeant,
877 652 1009 706 mortem
1024 647 1181 708 toleraret.
1197 650 1234 708 Et
1257 650 1431 709 innumerae
1450 649 1518 708 alise
1537 646 1643 708 mndi-

92 738 157 817 quod
175 737 279 798 ibidem
299 737 426 798 uberius
453 738 652 817 explanatum
676 736 825 797 invenies.
876 736 977 798 tiones
1010 739 1112 800 eidem
1145 740 1214 801 lates
1247 740 1447 820 probabiliter
1477 739 1644 819 excogitari

92 829 208 890 Vitanda
228 835 298 889 eunt
315 829 420 902 etiam,
442 848 513 908 quae
530 830 564 889 in
586 829 721 891 secundo
735 828 828 907 hrrjus
877 836 1024 907 possunt;
1041 832 1125 909 quod
1135 848 1198 892 non
1211 836 1256 894 ast
1268 851 1400 894 necesse.

92 920 266 1001 operislibro,
282 921 381 1000 capim
402 921 625 982 decimo-tertio
644 921 778 982 diximus
789 920 827 981 de

86 1289 170 1350 tuerit.

917 922 1073 984 Postremo
1091 940 1149 984 nee
1171 924 1249 986 illud
1265 912 1470 1004 improbabile
1482 929 1538 997 cst,
1559 920 1643 1002 quod
1689 921 1801 1018 {g'gffl

89 1014 242 1074 necessitate
265 1012 499 1088 lncacmatiouis,
516 1013 728 1093 passionisque
740 1011 825 1073 Chri·
875 1011 954 1072 mihi
968 1014 1134 1093 aliquando
1159 1017 1242 1077 veuit
1264 1018 1298 1077 in
1321 1023 1479 1091 mentem3
1508 1017 1642 1095 potuisse
1694 1029 1788 1091 strideas

87 1103 116 1163 sti
128 1125 135 1178 ς
147 1122 232 1184 quern
244 1123 306 1165 non
321 1109 439 1165 tantam
456 1104 551 1166 luisse
573 1104 823 1178 monstravimus,
876 1104 1030 1167 Christum
1047 1108 1157 1167 eodem
1174 1114 1333 1170 momento
1347 1128 1409 1188 quo
1423 1116 1589 1188 paternum
1602 1108 1642 1171 de
1667 1081 1814 1179 {iffi'ii'iffl

89 1203 115 1256 ut
131 1214 186 1257 non
208 1196 292 1259 aliter
316 1196 473 1277 provideri
493 1196 755 1275 lrumanogeneri
775 1215 828 1275 po
875 1195 1056 1258 redimendo
1078 1216 1189 1277 genere
1213 1200 1351 1261 humano
1377 1201 1550 1277 consilium,
1576 1202 1642 1262 sine
1673 1190 1812 1288 ¹⁰¹fi,⁰,⁰,¹{⁰‘'

875 1287 940 1347 ullo
964 1291 1090 1368 praeeise
1115 1293 1259 1352 mandato
1283 1293 1445 1369 cognorit3
1466 1294 1504 1353 ab
1533 1295 1642 1354 eodem

116 1379 183 1440 lllll.
198 1377 290 1457 Igitur
313 1378 397 1457 quod
415 1378 537 1458 antiqui
551 1379 596 1439 illi
616 1379 730 1440 diserte
749 1396 828 1440 assa-
876 1378 958 1439 ultro
970 1387 1085 1459 petere,
1100 1389 1136 1445 ut
1155 1384 1238 1462 quod
1262 1402 1325 1445 suoe
1338 1384 1501 1460 voluutati,
1518 1385 1641 1445 electio-

85 1478 150 1543 mat,
172 1470 234 1549 lege
252 1469 350 1541 nulla,
377 1477 570 1551 praeceptove
584 1476 714 1550 paterno
737 1471 825 1532 Chri·
875 1467 969 1543 nique
991 1471 1206 1548 permittebat;
1223 1472 1280 1533 sibi
1301 1474 1361 1534 hoc
1383 1476 1642 1535 accuratiorem»

85 1561 827 1641 stanominumobligatumluisse,addietumque
874 1559 961 1638 perio
991 1563 1179 1642 praeciperet,
1197 1583 1260 1643 quo
1282 1569 1366 1625 tacto
1394 1566 1583 1639 demissiore,
1612 1572 1643 1627 ct

84 1655 166 1729 morti,
193 1673 225 1717 ar
245 1652 416 1735 supplicio;
441 1655 493 1716 scd
518 1654 650 1716 oblatum
676 1673 733 1715 esse
752 1655 827 1735 qnia
875 1649 1041 1714 humiliore
1059 1655 1206 1735 obsequio
1220 1657 1411 1736 fungeretur.
1431 1659 1510 1717 Nam
1524 1664 1643 1718 utrum-

85 1746 156 1807 rciuit
166 1744 186 1824 ¹,
200 1752 235 1807 ut
246 1746 286 1808 de
300 1764 339 1807 eo
353 1746 505 1826 Propheta
520 1747 683 1827 praedixit;
699 1746 731 1806 id
739 1746 826 1825 equi·

83 1840 137 1901 dem
157 1840 194 1901 sic
213 1838 413 1919 interpretor.
436 1839 559 1899 Patrem
573 1838 706 1899 arbitror
727 1840 826 1900 [lcum

876 1761 937 1821 que
955 1744 998 1805 sic
1012 1745 1231 1824 obtinebimus,
1246 1755 1325 1810 utet
1339 1749 1496 1810 liberrima
1517 1752 1643 1829 optione

876 1834 1013 1897 Christus
1026 1846 1159 1900 mortem
1169 1858 1225 1920 per
1238 1846 1285 1901 tot
1297 1842 1449 1903 cruciatus
1465 1843 1642 1903 obeundam

83 1930 180 1992 homini
190 1932 307 1993 Christo
322 1930 425 1992 varios
446 1931 555 1992 modos
569 1932 747 2005 ostendisse,
757 1931 826 2011 qui·
875 1930 1061 2009 susceperit3
1077 1935 1108 1991 et
1119 1932 1152 1991 in
1166 1932 1224 1993 hoc
1239 1932 1319 2012 ipso,
1332 1933 1453 2005 stricta,
1468 1940 1503 1995 ut
1515 1940 1640 2011 vocant,

81 2021 127 2085 bus
135 2023 301 2104 recuperari
316 2023 399 2084 salrrs
418 2022 558 2085 humana
571 2028 691 2103 pesset3
707 2028 737 2085 et
751 2023 827 2085 alios

82 2115 135 2176 aliis
146 2122 219 2177 certa
227 2117 349 2178 ratione
359 2116 664 2195 considerationeque
677 2115 824 2194 potiores,

81 2208 321 2288 etcptabiliores.
361 2209 424 2269 hut
453 2207 538 2269 enim
563 2207 696 2288 exempli
722 2226 824 2278 caum,

79 2298 152 2361 licere
163 2301 220 2362 sols
234 2308 265 2363 et
291 2300 428 2380 gratuita
447 2300 677 2361 condonatione
694 2300 745 2361 rel
765 2300 826 2361 levi

79 2409 106 2451 ae
128 2392 327 2472 manciaria
353 2410 447 2472 opera
477 2391 631 2453 redimere
653 2392 824 2469 hominem,

79 2483 147 2543 nullo
157 2484 268 2561 labore,
286 2483 490 2562 cruciatuque}
501 2501 568 2561 suo,
584 2489 639 2544 aut
650 2483 677 2544 si
690 2483 727 2544 acl
739 2502 827 2544 axae

78 2580 118 2647 ta,
134 2583 338 2656 accurataeque
362 2575 492 2656 justitiae
508 2575 645 2654 regulam
655 2575 827 2637 satisfacere

79 2667 161 2745 celet,
173 2668 230 2731 hoc
242 2670 329 2749 quod
344 2666 444 2747 reipsa
462 2667 534 2728 iecit
546 2666 689 2747 persequi
710 2667 824 2746 potius.

78 2760 114 2819 Ex
124 2760 165 2821 his
183 2762 292 2841 igitur,
307 2765 339 2821 et
359 2760 426 2820 eliis
448 2759 621 2820 innumeris
638 2759 825 2836 rationibus,

78 2853 176 2929 quasin
187 2872 303 2915 arcana
314 2852 411 2912 Patris
423 2857 528 2912 mente
542 2851 670 2911 leterrtes
684 2849 825 2912 intueba-

77 2948 124 3017 tur,
138 2940 189 3019 uti,
204 2962 303 3025 quam
315 2943 432 3018 mallet,
445 2947 576 3023 optaret,
588 2942 747 3021 integrum
755 2942 826 3003 iecit

76 3032 111 3092 illi
130 3036 224 3099 diviua
251 3035 396 3108 bonitas,
423 3035 499 3095 adeo
525 3038 571 3109 ut,
594 3052 825 3113 quamcumque

74 3134 232 3207 capesseret,
250 3141 377 3208 gratam
401 3145 466 3188 csse
483 3125 584 3198 sciret,
601 3131 632 3187 et
651 3132 821 3206 acceptam,

75 3237 103 3279 ac
114 3220 254 3282 voluntati
267 3239 336 3281 suae
356 3224 613 3292 consentaneam
629 3235 687 3278 uec
699 3218 822 3279 deintu-

75 3311 321 3374 rumobedicntiae
334 3311 492 3384 meritum,
514 3328 586 3371 eum
597 3309 628 3369 id
639 3309 824 3389 quodvellet

76 3402 174 3465 beuset
188 3405 293 3478 Pater,
310 3421 374 3463 non
387 3408 492 3463 teman
505 3401 656 3478 absolute,
678 3402 731 3463 sed
745 3421 823 3463 con-

74 3493 201 3558 ditionate
225 3495 421 3576 praenperet,
451 3499 607 3573 quatenus
629 3493 724 3554 homo
746 3494 824 3571 erat,

75 3582 192 3649 Christum
205 3592 424 3668 exequeretur.
438 3587 544 3666 Neque
567 3584 652 3646 enirn
666 3585 716 3645 vel
726 3586 823 3663 nulls,

73 3678 503 3761 relminusperiectaeonstst
524 3677 825 3756 obedientiaevirtus,

73 3770 159 3833 sinon
171 3791 276 3835 seuere
287 3771 406 3851 aliquid
420 3771 705 3850 imperatoresque
719 3771 825 3844 modo,

72 3868 101 3922 ut
122 3882 213 3939 secus,
243 3881 342 3945 quam
365 3862 580 3943 praescriptum
603 3861 707 3939 fuerit,
735 3879 827 3941 agere

72 3952 136 4015 eitra
147 3957 269 4037 culpam
284 3973 350 4016 nou
362 3955 464 4015 hceat.
474 3952 626 4014 Hocenim
638 3944 827 4033 obsequendi

71 4062 224 4123 genesesse
233 4046 529 4109 omniumintimum
538 4043 827 4124 abritaespiritaelis

71 4140 210 4217 magistris
232 4138 349 4202 marito
374 4137 551 4199 decernitur
568 4157 575 4198 :
592 4143 622 4198 et
637 4137 668 4197 S.
691 4137 827 4199 Thomas

69 4234 160 4305 aperte
173 4229 359 4310 significat',
378 4234 488 4290 etanta
502 4227 598 4290 videri
613 4227 827 4308 perfectiorem

875 2037 911 2080 ac
921 2020 1038 2100 ragidee
1052 2022 1237 2085 obedientias
1252 2030 1355 2104 partes
1367 2025 1552 2106 impleverit.

1068 2406 1291 2495 CAPUT
1360 2410 1443 2511 IX.

874 2745 922 2806 An
936 2744 1005 2807 duce
1017 2744 1132 2825 [hermi
1146 2745 1179 2805 in
1202 2744 1317 2808 Christo
1334 2751 1496 2810 contrariae
1510 2752 1643 2814 iniuntu-

916 2843 957 2899 tes
972 2840 1001 2899 d.
1026 2836 1090 2898 Eas
1101 2856 1139 2897 en
1158 2837 1287 2898 oratione
1301 2837 1414 2917 callipi,
1429 2860 1487 2921 qua
1502 2847 1534 2903 in
1559 2843 1643 2907 barto

913 2929 1006 2991 Patri
1018 2928 1206 3009 supplicavit.
1221 2929 1332 3010 Inque
1353 2938 1450 2993 tamen
1470 2933 1560 2995 arodus
1574 2941 1641 3016 qui⁴

914 3016 983 3081 darn
998 3021 1068 3081 inest
1082 3038 1120 3081 en
1127 3019 1286 3082 Athanasii
1296 3027 1484 3102 expositione.
1496 3028 1525 3086 3.
1540 3026 1598 3101 Oui
1608 3034 1642 3089 ut

914 3106 1097 3186 dissoluatur,
1110 3111 1261 3174 obseruari
1271 3112 1361 3187 debet,
1379 3133 1412 3176 ea
1424 3136 1491 3197 quea
1502 3117 1537 3179 de
1551 3117 1642 3180 Cleri-

913 3213 956 3264 cto
969 3202 1121 3279 dicuntur,
1137 3203 1183 3265 uel
1203 3205 1316 3265 ruthae
1326 3223 1457 3285 personae
1475 3211 1582 3291 accipi,
1598 3212 1644 3273 uei

915 3296 1030 3357 ratione
1055 3301 1244 3357 naturarum.
1268 3295 1383 3357 Chresti
1409 3297 1521 3379 duplae
1548 3302 1643 3364 oratio

914 3386 1069 3448 secuudum
1084 3388 1214 3449 eamden
1229 3392 1378 3450 naturam.
1395 3392 1415 3449 l
1448 3391 1643 3454 Posteriosam

915 3498 952 3540 es
959 3498 1083 3559 persono
1097 3478 1265 3539 diuinitatis
1279 3497 1337 3538 non
1351 3479 1388 3540 ab
1401 3476 1557 3562 illosarum
1572 3503 1642 3546 csse.

915 3570 945 3631 d.
962 3568 1028 3632 Nan
1041 3570 1133 3650 fuisse
1146 3570 1304 3631 contrarias
1318 3570 1416 3633 ambas
1427 3573 1496 3635 istae
1508 3575 1643 3637 volunta—

915 3671 966 3723 tes.
982 3663 1013 3722 6.
1031 3660 1113 3737 Quod
1124 3660 1258 3744 deinceps
1270 3682 1308 3723 en
1322 3662 1463 3725 Patribus
1469 3667 1640 3732 ostenditur.

916 3754 946 3815 ¹l.
958 3754 1085 3816 Persona
1099 3753 1294 3817 humanitatis
1308 3774 1364 3836 quo
1376 3775 1459 3818 noan
1472 3778 1492 3820 a
1504 3759 1644 3823 Patribus

915 3867 1082 3940 usurpetur.
1098 3861 1128 3919 8.
1156 3854 1307 3920 Orationis
1322 3859 1437 3922 Cirre'sti
1449 3864 1585 3942 quaedam
1601 3867 1644 3926 r'n·

916 3950 1135 4031 terpretationes
1149 3948 1230 4010 baud
1240 3951 1283 4011 itu
1293 3951 1460 4031 motabiles
1470 3956 1644 4036 arentiquis

915 4042 1032 4103 allatoe.
1051 4044 1096 4106 10.
1113 4040 1183 4102 Ideo
1196 4061 1254 4102 non
1268 4060 1323 4102 esse
1331 4045 1641 4109 contrariaruoluota·

913 4143 954 4194 tes
969 4134 1001 4193 in
1011 4132 1067 4194 illa
1081 4133 1214 4195 oratione
1228 4132 1353 4210 Christi,
1366 4135 1501 4213 qnoniam
1511 4135 1643 4201 numana

915 4224 1117 4286 conditionata
1133 4223 1206 4305 fuit.

71 4316 281 4397 obedientiam,
301 4327 418 4401 quanto
436 4337 614 4400 expressum
636 4327 828 4400 praeceptum

70 4406 227 4476 obediendo
247 4413 401 4495 prevenit
413 4411 551 4488 interior,
566 4411 725 4472 voluntate
738 4430 828 4492 supe·
915 4408 941 4470 Ι.
954 4409 1032 4470 Nota
1042 4407 1176 4483 hanuet
1187 4406 1341 4469 werinum
1350 4409 1639 4486 Monoihelctarum,
1667 4420 1812 4518 ³5,3,‘,',}¹,⁰,}¹⁰

71 4501 148 4566 rioris
160 4506 361 4567 intellecta.»
384 4504 512 4565 Prorsm
525 4521 599 4583 ergo
615 4503 755 4564 Patribus
768 4504 828 4564 illis
876 4518 940 4561 non
961 4500 1057 4562 semel
1083 4498 1222 4579 exposita
1247 4500 1457 4579 superioribus
1480 4501 1513 4561 in
1534 4502 1620 4563 libris
1631 4523 1639 4578 ς
1681 4527 1805 4570 nornen..

69 4597 217 4676 metior,
232 4597 290 4678 qui
312 4596 495 4658 mandatum
511 4614 547 4655 ac
560 4601 760 4676 preceptum,
776 4596 827 4656 cui
876 4611 938 4672 qua
965 4592 1094 4654 illudere
1121 4591 1293 4652 Christiano
1311 4592 1448 4666 dogmati
1468 4592 1559 4653 veriti
1579 4610 1641 4654 non
1674 4579 1813 4687 eqqsqqporur

69 4685 101 4746 ad
111 4695 243 4751 mortem
256 4705 357 4768 usqua
371 4687 508 4749 Christus
517 4685 745 4765 obtemperasse
755 4687 827 4748 diei·
876 4691 959 4761 sunt,
975 4689 1011 4744 ut
1023 4684 1100 4744 duas
1118 4682 1231 4744 idcireo
1252 4698 1363 4756 negare
1377 4701 1408 4743 se
1422 4683 1643 4761 profiterentur
1666 4688 1799 4732 serenans.

67 4780 119 4856 terr,
132 4800 196 4843 non
210 4782 315 4860 legem
330 4780 468 4861 aliquam
485 4780 690 4860 praestitutam
702 4798 737 4841 ae
750 4779 827 4841 deti·
876 4777 909 4837 in
922 4777 1041 4838 Christo
1051 4794 1116 4837 esse
1140 4775 1323 4847 uoluntates,
1339 4793 1380 4835 ne
1405 4777 1575 4839 contrarias
1587 4779 1642 4839 ad·

66 4864 153 4933 uitem
168 4873 269 4933 faisse
287 4868 420 4933 voluat:
436 4871 489 4931 sed
504 4878 626 4945 stanter,
641 4870 732 4932 idest
751 4889 826 4932 con-
877 4869 1035 4930 mitterent
1051 4885 1058 4927 t
1075 4865 1165 4946 quasi
1189 4883 1357 4926 numerum
1376 4867 1546 4928 necemario
1569 4888 1645 4931 eon·

65 4963 244 5039 nunonem,
263 4981 300 5024 ae
313 4968 490 5043 promptam
502 4962 580 5042 ejus,
591 4962 674 5042 quod
688 4963 751 5022 Deo
764 4962 828 5043 pla·
877 4956 1029 5034 trarietas,
1041 4963 1074 5020 et
1087 4975 1191 5037 pugna
1213 4963 1403 5035 sequeretur.
1426 4959 1543 5020 Verum
1559 4962 1644 5022 nrdla

65 5054 152 5115 citam
163 5062 306 5128 noverat,
323 5054 526 5119 effectionem.
877 5052 960 5131 cogit
968 5051 1061 5125 ratio,
1073 5049 1227 5110 adversari
1239 5048 1295 5108 sibi
1314 5053 1425 5110 mutuo
1439 5050 1515 5112 duas
1529 5051 1597 5113 illes
1610 5058 1646 5112 ut

98 5142 172 5208 Nam
186 5151 219 5209 et
236 5140 469 5208 conditionatum
493 5138 606 5225 alioqui
627 5148 828 5226 preceptum,
878 5147 1027 5219 naturas,
1056 5140 1098 5201 ita
1125 5140 1282 5200 naturales
1307 5138 1470 5202 ambarum
1498 5142 1643 5211 actiones,

64 5237 264 5300 nihilominus
291 5244 483 5320 praeceptum
509 5243 566 5315 cst,
593 5234 678 5299 velut
706 5234 829 5298 Christo
878 5236 954 5296 darm
968 5232 1006 5296 ab
1021 5229 1179 5295 communi
1193 5228 1311 5312 regala,
1324 5233 1441 5296 honest
1454 5234 1647 5313 aternelege

87 5438 150 5485 tina
161 5441 254 5492 r,8,7.
266 5439 318 5483 -b
333 5439 360 5484 ln
369 5437 399 5492 ll,
411 5437 470 5495 ll,q.
479 5437 601 5492 arr,srt.2.
