3936 6152
506 331 556 391 ΒΕ
575 325 877 401 lNCARNA'l'lONE,
900 326 977 385 LIB.
1000 326 1053 395 XI,
1082 326 1166 386 CAP.
1188 327 1243 386 Xl.
1604 324 1663 383 tar

898 496 1025 569 structa,
1038 492 1076 552 de
1090 491 1208 569 peccati
1230 494 1349 552 consmt
1369 489 1540 565 elementis,
1555 506 1663 569 pecea-

895 584 958 643 trix
978 584 1016 645 de
1037 583 1208 664 peccatorio
1233 601 1327 645 censu
1348 602 1356 643 z
1383 588 1414 643 et
1434 600 1506 662 pars
1516 582 1584 660 jam
1607 580 1666 641 erit

896 676 963 753 ejas
976 675 1165 749 substantiae,
1181 675 1213 736 id
1228 681 1274 737 est
1293 680 1417 749 notha,
1435 692 1530 754 quam
1543 679 1578 734 ut
1590 691 1665 753 pec·

301 773 481 856 CApUT
536 774 611 854 XL
896 766 1059 841 ratricem,
1082 767 1201 829 Christo
1228 768 1438 846 dedignantur
1469 766 1662 827 inducere.»

897 859 985 932 Quod
1003 859 1072 920 ideo
1084 859 1292 921 Tertullianus
1305 859 1391 935 dicit,
1406 864 1441 919 ut
1452 858 1666 937 Appelleianos

896 950 1060 1025 refelleret,
1084 964 1266 1030 asserentes,
1287 972 1302 1009 u
1322 951 1476 1028 Angelum
1497 950 1665 1029 quemdam

896 1042 1035 1104 inclitum
1050 1044 1205 1104 mundam
1225 1044 1310 1104 hurrc
1334 1043 1512 1118 instituisse,
1526 1046 1558 1102 et
1576 1042 1665 1102 insti-

96 1141 132 1205 br
142 1142 247 1205 Cbrr'sti
258 1150 428 1224 ἀναμαρησίᾳ
438 1136 715 1220 rursusapitur,od
730 1153 848 1216 eamque
896 1141 965 1196 tuto
977 1153 1026 1211 eo,
1041 1136 1256 1215 penitentiam
1270 1135 1439 1196 admisisse.
1455 1156 1470 1193 u
1485 1135 1580 1212 Atqui
1593 1133 1666 1195 inde

127 1232 638 1316 notataquoedam.l.lloereticornm
651 1227 847 1311 quorumdam
897 1227 1036 1304 sequitur
1049 1229 1204 1289 mundum
1221 1228 1324 1306 ipsum
1338 1245 1377 1288 ex
1397 1227 1508 1288 delicto
1527 1227 1667 1306 procrea-

126 1326 217 1406 apricio
230 1345 350 1388 carmon
371 1344 482 1386 omnem
505 1324 692 1404 inquinatam
719 1340 775 1382 csse
788 1341 800 1383 .·
815 1324 845 1384 t.
896 1324 966 1379 tum
978 1338 1053 1394 esse,
1073 1341 1089 1378 u
1104 1320 1263 1399 Siquidem
1278 1320 1381 1380 omnis
1393 1320 1574 1399 paenitentia
1596 1337 1667 1379 con-

128 1420 214 1496 Quom
233 1439 252 1479 a
274 1418 436 1480 Platonicis
460 1416 690 1497 reaumaus.
712 1412 848 1475 Christus
896 1411 986 1473 fessio
1000 1419 1045 1474 est
1060 1413 1173 1489 delicti,
1189 1413 1262 1492 quia
1275 1412 1381 1474 locttm
1404 1431 1468 1473 non
1491 1413 1585 1473 habet
1608 1412 1667 1472 nisi

127 1509 343 1572 similitudinem
376 1508 480 1571 babuit
513 1506 612 1569 corais
636 1506 763 1587 peccati,
789 1523 849 1564 non
897 1505 1098 1566 indelicta.»
1117 1507 1216 1579 Quare
1235 1505 1664 1577 «simundusdelictumest,

127 1620 239 1665 carnnn
247 1601 374 1684 peccati.
385 1603 415 1663 l.
426 1601 526 1681 Neque
534 1599 650 1661 vitiosas
658 1597 849 1679 cogitationes
897 1597 993 1658 etiam
1016 1604 1134 1677 partes,
1159 1604 1190 1659 et
1214 1598 1355 1659 membra
1378 1598 1487 1659 mundi
1521 1598 1668 1659 delictum

126 1693 233 1757 tabuit.
248 1696 278 1756 5.
296 1694 367 1769 Ouoe
378 1712 416 1756 eu
429 1691 573 1772 originali
579 1695 703 1768 peccato
715 1696 847 1767 manant,
898 1696 1001 1764 erunt,
1018 1691 1145 1770 perinde
1159 1696 1190 1752 et
1203 1691 1329 1767 coelum,
1340 1690 1522 1767 etcoelestia,
1532 1697 1564 1752 et
1575 1690 1667 1769 quid-

126 1785 196 1868 quod
208 1786 324 1848 nulium
332 1786 394 1866 suit
409 1786 440 1845 in
456 1784 583 1847 Christo.
598 1786 627 1844 a.
642 1780 850 1863 quueecdis-
898 1783 973 1862 quid
999 1783 1071 1843 inde
1099 1792 1293 1863 conceptum,
1318 1784 1536 1864 prolatumque
1559 1789 1615 1855 est,
1637 1788 1669 1843 et

123 1879 273 1961 putatione
298 1878 425 1940 Parrum
444 1884 543 1938 comra
565 1873 777 1936 Monotbeletas
798 1871 850 1936 ad·
899 1875 981 1935 mala
994 1876 1087 1936 arhor
1101 1875 1198 1937 malos
1212 1876 1330 1936 fructus
1350 1877 1421 1936 edat
1439 1894 1562 1937 necesse
1576 1881 1663 1937 esto

125 1971 263 2033 struitur.
281 1973 308 2035 i.
325 1970 458 2033 Maaimi
473 1967 615 2049 martyris
639 1967 717 2027 locta
737 1965 848 2027 cecuti-
899 1968 944 2028 lta
953 1986 1023 2028 caro
1032 1968 1157 2044 Christi,
1166 1968 1308 2047 quamvis
1319 1968 1379 2028 ude
1389 1968 1665 2047 Septentrionibus,

126 2070 182 2125 tar.
193 2066 226 2125 8.
238 2062 390 2126 Probatur
403 2064 523 2142 insuper
532 2078 570 2121 ea
579 2058 745 2140 Augustino
759 2058 848 2119 illum
900 2065 931 2120 ct
943 2058 1095 2137 Nergiliis,
1109 2065 1140 2120 et
1161 2060 1285 2121 Suculis
1304 2061 1495 2121 emendicata
1507 2079 1515 2137 ;
1531 2082 1547 2119 r>
1566 2061 1601 2121 id
1622 2066 1668 2122 est

124 2156 393 2237 perturbationibus
403 2154 541 2218 caruisse.
552 2154 583 2213 9.
599 2151 643 2212 De
654 2150 848 2232 passionibus,
900 2152 938 2213 de
951 2152 1066 2212 eoelesti
1080 2153 1208 2213 materia
1221 2153 1353 2213 formata
1364 2153 1500 2232 ponitur,
1517 2153 1556 2214 de
1578 2171 1669 2233 apec-

124 2257 148 2309 et
157 2248 391 2331 propmsionibus
405 2265 532 2328 quarum
546 2243 593 2304 bre
605 2242 697 2323 fuisse
709 2241 850 2304 dicuntur·
901 2244 1015 2305 catorio
1028 2244 1087 2305 crit
1100 2263 1206 2321 censu,
1221 2243 1353 2324 ideoque
1367 2246 1532 2323 peccatrix.
1549 2267 1564 2304 a

126 2341 154 2401 in
169 2341 299 2411 Cbrs‘sto,
321 2360 380 2402 non
403 2339 478 2401 illoc.
503 2334 685 2415 Hieronymi
702 2334 781 2396 locus
794 2354 849 2396 ca·
942 2338 1029 2398 Hanc
1042 2336 1144 2399 labem
1159 2337 1272 2398 erroris
1286 2338 1422 2398 haeretici
1435 2337 1480 2398 illi
1495 2357 1513 2398 a
1528 2338 1665 2400 Platona.

123 2451 231 2514 masas.
257 2436 307 2495 to.
327 2432 513 2513 Euptr'catur
540 2431 672 2509 apertius
695 2427 850 2489 ambarum
901 2430 964 2490 sive
978 2429 1082 2510 potius
1095 2449 1113 2490 a
1127 2429 1293 2490 Platonicis
1302 2429 1493 2504 didicerunt;
1509 2448 1548 2491 en
1557 2431 1669 2510 quihus

126 2524 251 2587 illarum
276 2523 459 2605 differentia.
484 2525 533 2583 il.
558 2518 662 2580 Leonis
680 2519 767 2594 locus,
794 2539 851 2600 quo
901 2539 995 2599 unua,
1011 2522 1067 2582 etsi
1080 2522 1233 2583 haereticis
1245 2521 1365 2596 iisdem,
1382 2521 1552 2583 Manichaeo
1565 2522 1669 2584 forsan

128 2616 241 2680 Cbrtsti
253 2618 425 2680 illustratur
439 2626 620 2700 ἀναμαρτησῐα.
637 2618 687 2679 ta.
703 2612 852 2690 Quomodo
901 2619 1040 2693 excepto,
1049 2614 1201 2693 posterior
1208 2614 1401 2693 Porphyrius
1411 2614 1500 2690 dixit,
1515 2621 1571 2674 sut
1580 2615 1669 2676 heata

126 2718 251 2773 testatus
263 2711 368 2792 fuerit.
901 2707 939 2767 sit
952 2707 1068 2783 anima,
1085 2724 1195 2786 corpus
1209 2723 1301 2766 omne
1314 2724 1378 2766 esse
1392 2705 1572 2784 fugiendum
1585 2728 1591 2768 :
1606 2730 1621 2765 r>
1634 2713 1669 2767 nt

901 2804 1031 2859 testatur
1045 2798 1237 2876 Augustinus
1248 2795 1271 2857 ⁸.
1288 2798 1323 2857 ln
1337 2816 1399 2876 quo
1409 2798 1576 2859 contradici
1591 2799 1636 2860 illi
1651 2819 1669 2860 a

129 2896 150 2956 l.
172 2897 212 2958 Ut
225 2915 275 2973 ea,
288 2915 359 2977 quae
374 2895 522 2958 hactenus
534 2898 572 2959 de
586 2896 698 2959 Christi
716 2893 852 2958 hominis
904 2890 1031 2951 Platone
1045 2890 1192 2968 magistro
1207 2907 1263 2949 suo
1277 2888 1419 2968 pluribus
1433 2889 1593 2952 ostendit⁸.

93 2989 296 3069 impeccantia,
332 2995 364 3049 et
396 2990 556 3050 sanctitate
581 2989 735 3068 disputata
767 2993 850 3063 sunt,
941 2985 981 3044 ll.
1005 2984 1045 3043 At
1061 2981 1221 3042 Christiani
1242 2980 1378 3059 theologi
1401 3000 1440 3041 ex
1463 2982 1591 3044 adverso
1609 3002 1668 3064 pu·
1694 3012 1840 3059 mma,

92 3077 279 3139 illustrentur
304 3078 414 3157 magis,
439 3084 471 3139 et
495 3078 677 3157 probentur,
702 3074 854 3137 nonnulla
902 3082 1048 3153 girantes,
1069 3092 1141 3135 oum
1164 3092 1256 3135 carne
1280 3073 1476 3151 conjunctam
1498 3078 1669 3137 necessario
1728 3077 1806 3167 '¹⁰¹¹st

91 3171 200 3227 restam
212 3167 273 3228 hoc
288 3167 468 3246 exequenda
482 3168 599 3247 capite;
614 3184 684 3245 quae
702 3165 757 3245 qui
774 3164 854 3243 lege·
903 3174 1019 3248 negant
1031 3186 1096 3230 esse
1120 3167 1237 3248 peccati
1260 3166 1477 3246 corruptelam,
1494 3173 1525 3228 et
1544 3169 1669 3230 vitiosas
1692 3135 1827 3234 umus

93 3257 139 3333 rit,
154 3260 309 3338 ejusmodi
323 3278 388 3321 esse
401 3259 524 3337 sentiet,
540 3259 707 3320 atanahis
722 3255 852 3317 minime
903 3262 970 3322 illas
983 3261 1195 3340 cogitationes,
1212 3278 1282 3339 quoa
1296 3260 1537 3339 ortumcapiunt
1550 3280 1589 3322 ex
1603 3282 1672 3342 pec·
1727 3233 1807 3277 ‘’mu''

93 3352 281 3428 praetermitti
295 3352 477 3430 oportuerit.
904 3361 989 3430 cato,
1018 3360 1049 3415 et
1081 3353 1114 3413 in
1140 3358 1299 3431 peccatum
1325 3353 1510 3431 pertrahunt
1539 3374 1546 3414 :
1575 3374 1670 3433 quam

20 3490 74 3533 m,
129 3445 173 3504 Ex
196 3445 236 3505 iis
268 3444 371 3525 primo
391 3444 474 3506 istud
498 3443 565 3505 loeo
593 3450 742 3524 ponatur,
767 3443 854 3523 cujus
903 3445 1161 3524 concupiscentiam
1181 3443 1362 3504 Christianae
1381 3445 1501 3519 litterae,
1517 3447 1671 3509 etharum

16 3534 75 3633 ξιξ,
94 3537 181 3615 paulo
194 3542 266 3598 ante
280 3536 381 3597 obiter
392 3536 504 3616 inJecta
516 3535 633 3597 mentio
647 3534 717 3611 est¹,
733 3536 855 3596 nullum
905 3537 1086 3600 auctoritate
1096 3535 1166 3596 freti
1182 3536 1328 3596 Catholici
1342 3537 1481 3598 doctores
1493 3541 1670 3602 nominant.

16 3641 74 3690 aaa
94 3629 217 3691 omniuo
233 3646 321 3707 posse
334 3647 399 3689 esse
421 3629 579 3702 delictum,
596 3628 656 3689 nisi
678 3647 715 3690 ex
737 3634 855 3690 antece·
905 3633 988 3692 inter
1023 3647 1101 3708 quos
1134 3628 1270 3689 maxime
1303 3632 1593 3693 commemorandus
1627 3642 1672 3693 est

93 3721 181 3782 dente
195 3721 277 3782 mala
294 3721 491 3800 cogitatione.
506 3721 855 3800 Quamquidemneces-
905 3724 1113 3802 Augustinus,
1142 3721 1197 3800 qui
1229 3721 1268 3781 de
1295 3722 1353 3782 hoc
1380 3727 1500 3783 naturae
1526 3725 1672 3787 humanas

93 3813 171 3875 sario
184 3814 358 3875 redundare
371 3814 405 3874 in
421 3814 559 3875 animam
572 3832 610 3875 ex
626 3814 763 3893 corporis
774 3831 857 3874 com-
905 3815 1015 3876 morbo
1030 3814 1172 3876 omnium
1184 3813 1389 3876 eruditissime
1402 3815 1545 3877 disseruit
1559 3821 1626 3879 tum
1640 3819 1673 3878 in

92 3907 205 3968 mercia
226 3906 344 3980 Ariani,
359 3911 391 3967 et
412 3905 637 3986 Apollinaristae
659 3907 728 3981 rati,
750 3906 857 3966 ambas
906 3908 1062 3988 plerisque
1086 3907 1154 3967 aliis
1167 3905 1265 3981 lihris,
1280 3912 1350 3967 tum
1367 3907 1400 3967 in
1422 3915 1534 3987 quarto
1554 3911 1673 3973 decimo

93 3997 124 4058 in
148 3999 267 4060 Christo
291 3998 469 4059 convenisse
494 3999 676 4077 nentiquam
700 3997 856 4058 existima·
905 3999 941 4060 de
956 3999 1086 4062 Ciuitate
1102 3998 1235 4073 Desunt
1248 3999 1288 4059 ad
1301 4006 1484 4078 presentem
1498 4020 1674 4066 sermonem

92 4097 184 4167 mnt;
200 4092 255 4154 sed
267 4091 316 4152 nel
327 4107 453 4152 carnem
465 4091 616 4152 duntaxat
629 4090 733 4151 anima
746 4108 856 4151 caren-
906 4092 1005 4152 multa
1012 4078 1674 4177 dixitaccommodatetvelutintertiocapite,

92 4189 152 4244 tem
167 4204 176 4244 ε
191 4184 239 4246 rel
250 4184 332 4246 hanc
344 4183 410 4245 sola
424 4202 497 4245 eum
516 4202 608 4245 carne
622 4183 734 4245 mentis
747 4202 856 4262 exper-
906 4184 940 4245 in
956 4202 1018 4263 qno
1032 4189 1141 4245 contra
1154 4183 1325 4244 Platonicos
1343 4184 1544 4263 demonstrat,
1561 4187 1674 4248 ialsrun

92 4281 164 4337 tem.
184 4278 290 4357 Neque
306 4296 381 4339 tero
399 4277 615 4337 tantummodo
626 4275 779 4337 hereticis
792 4274 857 4335 istis
907 4295 983 4351 esse,
1004 4299 1019 4334 u
1033 4293 1158 4337 carnem
1172 4294 1295 4337 causam
1309 4294 1374 4337 esse
1387 4276 1421 4336 in
1432 4277 1521 4338 malis
1535 4279 1675 4340 moribus

92 4385 271 4446 persuasum
294 4369 337 4430 sic
358 4368 437 4443 urit,
457 4367 690 4448 qualiscumque
704 4367 857 4428 consortio
908 4386 1177 4449 quorumcumque
1204 4369 1368 4445 vitiorum,
1397 4387 1434 4430 eo
1461 4369 1546 4449 qnod
1571 4371 1674 4431 anima

92 4461 193 4521 carnis
216 4461 327 4523 foedari
350 4461 481 4534 animos,
497 4467 528 4522 et
547 4460 659 4540 pravis,
682 4479 717 4521 ac
738 4459 858 4521 vitiosis
907 4480 998 4523 carne
1022 4460 1130 4522 affecta
1144 4460 1186 4521 sic
1207 4461 1291 4521 vivit.
1313 4461 1434 4522 Etenim
1457 4479 1673 4540 aggravamur,

91 4553 326 4632 cogitationibus
344 4553 498 4633 implicari
514 4571 522 4613 t
539 4553 592 4613 sed
609 4552 702 4614 etiam
719 4551 857 4612 Valenti·
908 4553 1021 4633 inquit,
1037 4552 1229 4632 corruptibili
1249 4570 1388 4632 corpore,
1405 4558 1436 4614 et
1448 4553 1544 4633 ipsius
1565 4571 1676 4633 aggra-

91 4645 419 4722 manichaeismus,
448 4644 645 4724 Apelleianis‚
669 4643 856 4720 Manichaeis,
908 4643 1675 4726 vationiscausam,nonnaturam,suhstantiamque

92 4753 127 4797 ac
137 4736 289 4799 similibus
299 4737 457 4818 pestibus3
472 4736 585 4816 quibus
594 4736 722 4798 obhanc
732 4753 858 4797 eausam
908 4736 1059 4817 corporis,
1089 4737 1143 4797 sed
1169 4736 1236 4815 ejus
1258 4737 1487 4815 corruptionem
1516 4738 1672 4799 scimus.»

93 4829 218 4907 placuit;
236 4848 386 4891 «carnem
398 4828 510 4890 Christi
519 4835 573 4889 aut
581 4827 701 4888 nullam
716 4828 856 4905 omnino,
909 4830 1009 4903 Quam
1022 4828 1231 4907 corruptelam
1244 4846 1314 4889 cum
1337 4828 1494 4890 Platonica
1509 4831 1674 4907 sententia,

92 4928 146 4981 atrt
158 4940 283 5002 quoquo
297 4922 392 4983 modo
405 4921 510 4993 aliam,
525 4926 639 5001 praeter
652 4920 824 4981 humanam
838 4944 852 4975 s
909 4940 948 4982 rex
961 4938 1058 4999 caque
1072 4920 1233 4999 Virgilius,
1249 4920 1287 4981 de
1301 4920 1369 4999 ipso
1383 4921 1534 5000 proficisci
1547 4940 1675 5004 corpore

91 5013 281 5089 tribuerent
292 5015 337 5075 ait
345 5012 577 5088 Tertullianus';
590 5012 859 5093 nepeccatra'ccaro
908 5017 1031 5086 statuat,
1059 5016 1203 5072 atamen
1223 5011 1323 5088 aliter,
1348 5012 1391 5073 ait
1414 5013 1618 5092 Augustinus,
1643 5033 1676 5077 se

37 5084 48 5111 '
92 5103 333 5185 illiimpatetur.
349 5105 438 5173 Quod
452 5105 536 5167 idem
552 5102 702 5166 testatur⁸
719 5103 768 5165 his
790 5121 859 5164 ver·
908 5102 1090 5165 hahetfides
1108 5109 1222 5164 nostra.
1247 5103 1327 5165 Nam
1349 5108 1506 5185 corruptio
1525 5108 1673 5187 corporis,

91 5194 139 5258 bis
171 5217 180 5256 s
212 5199 331 5261 «Caro
356 5198 452 5279 igitur
479 5196 590 5258 Christi
619 5197 658 5258 de
686 5196 861 5258 caelestibus
908 5214 978 5276 quae
989 5200 1136 5275 aggravat
1149 5195 1299 5274 animam,
1313 5214 1377 5258 non
1391 5200 1507 5277 peceati
1519 5199 1615 5279 primi
1629 5205 1676 5262 est

121 5427 282 5538 :uedtphsatsc
294 5442 370 5487 parag.
382 5431 416 5478 ts.
427 5453 448 5465 -
469 5430 553 5477 tien.
564 5428 704 5476 decantat.
718 5440 765 5485 cap.
780 5440 806 5477 u.
820 5428 872 5474 -8
888 5428 942 5475 thid.
957 5440 1005 5485 cap.
1018 5439 1066 5475 snt.
1084 5449 1108 5463 -
1122 5427 1136 5473 t
1155 5428 1202 5474 Llh.
1212 5428 1277 5473 iiiiii
1301 5429 1328 5476 ds
1342 5431 1405 5477 ctus.
1429 5430 1476 5485 oet,
1498 5443 1546 5488 esp.
1566 5444 1625 5479 sart.
1646 5456 1674 5469 -

173 5522 181 5538 .
218 5504 315 5549 p.sxru.
