<?xml version="1.0" encoding="UTF-8"?>
<!DOCTYPE html PUBLIC "-//W3C//DTD XHTML 1.0 Transitional//EN"
    "http://www.w3.org/TR/xhtml1/DTD/xhtml1-transitional.dtd">
<html xmlns="http://www.w3.org/1999/xhtml" xml:lang="en" lang="en">
 <head>
  <title>
</title>
<meta http-equiv="Content-Type" content="text/html;charset=utf-8" />
  <meta name='ocr-system' content='tesseract 3.04.00' />
  <meta name='ocr-capabilities' content='ocr_page ocr_carea ocr_par ocr_line ocrx_word'/>
</head>
<body>
  <div class='ocr_page' id='page_1' title='image "./dogmatatheologi00zaccgoog/dogmatatheologi00zaccgoog_0187.png"; bbox 0 0 3990 6130; ppageno 0'>
   <div class='ocr_carea' id='block_1_1' title="bbox 309 287 1367 351">
    <p class='ocr_par' dir='ltr' id='par_1_1' title="bbox 309 202 1983 525">
     <span class='ocr_line' id='line_1_1' title="bbox 309 287 1367 351; baseline -0.001 -5"><span class='ocrx_word' id='word_1_1' title='bbox 309 287 368 347; x_wconf 73' lang='lat'><strong>468</strong></span> <span class='ocrx_word' id='word_1_2' title='bbox 804 287 1128 351; x_wconf 79' lang='lat' dir='ltr'><strong>THEOLOGICORUM</strong></span> <span class='ocrx_word' id='word_1_3' title='bbox 1149 287 1367 351; x_wconf 80' lang='lat' dir='ltr'><strong>DOGMATUM</strong></span> 
     </span>
    </p>
   </div>
   <div class='ocr_carea' id='block_1_2' title="bbox 145 451 1989 5214">
    <p class='ocr_par' dir='ltr' id='par_1_2' title="bbox 145 451 1989 5214">
     <span class='ocr_line' id='line_1_2' title="bbox 308 451 1896 533; baseline 0 -21"><span class='ocrx_word' id='word_1_4' title='bbox 308 451 390 512; x_wconf 73' lang='lat' dir='ltr'><strong>istiu</strong></span> <span class='ocrx_word' id='word_1_5' title='bbox 409 451 503 511; x_wconf 90' lang='lat' dir='ltr'><strong>Pater</strong></span> <span class='ocrx_word' id='word_1_6' title='bbox 524 451 733 532; x_wconf 81' lang='lat' dir='ltr'><strong>Hieronymus</strong></span> <span class='ocrx_word' id='word_1_7' title='bbox 753 453 945 515; x_wconf 84' lang='lat' dir='ltr'><strong>Christuma</strong></span> <span class='ocrx_word' id='word_1_8' title='bbox 970 453 1076 514; x_wconf 89' lang='lat' dir='ltr'><strong>condi-</strong></span> <span class='ocrx_word' id='word_1_9' title='bbox 1128 471 1202 533; x_wconf 89' lang='lat' dir='ltr'><strong>ergo</strong></span> <span class='ocrx_word' id='word_1_10' title='bbox 1220 452 1330 515; x_wconf 90' lang='lat' dir='ltr'><strong>hahuit</strong></span> <span class='ocrx_word' id='word_1_11' title='bbox 1351 453 1492 515; x_wconf 80' lang='lat' dir='ltr'><strong>Salvator</strong></span> <span class='ocrx_word' id='word_1_12' title='bbox 1505 459 1610 514; x_wconf 87' lang='lat' dir='ltr'><strong>noster</strong></span> <span class='ocrx_word' id='word_1_13' title='bbox 1628 451 1778 531; x_wconf 77' lang='lat' dir='ltr'><strong>originale</strong></span> <span class='ocrx_word' id='word_1_14' title='bbox 1791 467 1896 531; x_wconf 78' lang='lat' dir='ltr'><strong>pecca</strong></span> 
     </span>
     <span class='ocr_line' id='line_1_3' title="bbox 311 528 1983 626; baseline -0.001 -24"><span class='ocrx_word' id='word_1_15' title='bbox 311 542 418 603; x_wconf 88' lang='lat' dir='ltr'><strong>tiouali</strong></span> <span class='ocrx_word' id='word_1_16' title='bbox 445 548 559 604; x_wconf 78' lang='lat' dir='ltr'><strong>nostrae</strong></span> <span class='ocrx_word' id='word_1_17' title='bbox 577 543 765 606; x_wconf 74' lang='lat' dir='ltr'><strong>necessitatis</strong></span> <span class='ocrx_word' id='word_1_18' title='bbox 788 545 913 606; x_wconf 89' lang='lat' dir='ltr'><strong>servitio</strong></span> <span class='ocrx_word' id='word_1_19' title='bbox 932 562 1079 625; x_wconf 88' lang='lat' dir='ltr'><strong>separans</strong></span> <span class='ocrx_word' id='word_1_20' title='bbox 1128 551 1208 620; x_wconf 90' lang='lat' dir='ltr'><strong>tum,</strong></span> <span class='ocrx_word' id='word_1_21' title='bbox 1237 546 1312 626; x_wconf 89' lang='lat' dir='ltr'><strong>quia</strong></span> <span class='ocrx_word' id='word_1_22' title='bbox 1339 546 1463 607; x_wconf 90' lang='lat' dir='ltr'><strong>nullum</strong></span> <span class='ocrx_word' id='word_1_23' title='bbox 1490 550 1536 605; x_wconf 88' lang='lat' dir='ltr'><strong>est</strong></span> <span class='ocrx_word' id='word_1_24' title='bbox 1572 544 1665 606; x_wconf 84' lang='lat' dir='ltr'><strong>virilis</strong></span> <span class='ocrx_word' id='word_1_25' title='bbox 1686 542 1897 623; x_wconf 77' lang='lat' dir='ltr'><strong>generationis</strong></span> <span class='ocrx_word' id='word_1_26' title='bbox 1982 528 1983 573; x_wconf 66' lang='lat' dir='ltr'><strong>l</strong></span> 
     </span>
     <span class='ocr_line' id='line_1_4' title="bbox 310 632 1898 718; baseline -0.001 -23"><span class='ocrx_word' id='word_1_27' title='bbox 310 634 355 695; x_wconf 91' lang='lat' dir='ltr'><strong>ait</strong></span> <span class='ocrx_word' id='word_1_28' title='bbox 369 636 530 713; x_wconf 81' lang='lat' dir='ltr'><strong>:vExquo</strong></span> <span class='ocrx_word' id='word_1_29' title='bbox 541 635 725 714; x_wconf 89' lang='lat' dir='ltr'><strong>intelligitur</strong></span> <span class='ocrx_word' id='word_1_30' title='bbox 734 654 799 697; x_wconf 94' lang='lat' dir='ltr'><strong>non</strong></span> <span class='ocrx_word' id='word_1_31' title='bbox 807 637 1080 699; x_wconf 88' lang='lat' dir='ltr'><strong>communihnma-</strong></span> <span class='ocrx_word' id='word_1_32' title='bbox 1128 655 1237 718; x_wconf 88' lang='lat' dir='ltr'><strong>passus</strong></span> <span class='ocrx_word' id='word_1_33' title='bbox 1266 638 1440 700; x_wconf 77' lang='lat' dir='ltr'><strong>exordium.</strong></span> <span class='ocrx_word' id='word_1_34' title='bbox 1467 659 1480 697; x_wconf 83' lang='grc' dir='ltr'>ι</span> <span class='ocrx_word' id='word_1_35' title='bbox 1508 638 1582 698; x_wconf 73' lang='lat' dir='ltr'><strong>Haec</strong></span> <span class='ocrx_word' id='word_1_36' title='bbox 1612 640 1659 698; x_wconf 85' lang='lat' dir='ltr'><strong>est</strong></span> <span class='ocrx_word' id='word_1_37' title='bbox 1685 636 1740 697; x_wconf 89' lang='lat' dir='ltr'><strong>illa</strong></span> <span class='ocrx_word' id='word_1_38' title='bbox 1770 632 1898 696; x_wconf 82' lang='lat' dir='ltr'><strong>conditio</strong></span> 
     </span>
     <span class='ocr_line' id='line_1_5' title="bbox 311 726 1241 791; baseline 0.004 -4"><span class='ocrx_word' id='word_1_39' title='bbox 311 744 361 787; x_wconf 80' lang='lat' dir='ltr'><strong>nee</strong></span> <span class='ocrx_word' id='word_1_40' title='bbox 375 726 560 788; x_wconf 89' lang='lat' dir='ltr'><strong>conditionis</strong></span> <span class='ocrx_word' id='word_1_41' title='bbox 570 744 657 789; x_wconf 89' lang='lat' dir='ltr'><strong>more</strong></span> <span class='ocrx_word' id='word_1_42' title='bbox 670 728 827 790; x_wconf 83' lang='lat' dir='ltr'><strong>Christum</strong></span> <span class='ocrx_word' id='word_1_43' title='bbox 841 746 966 790; x_wconf 88' lang='lat' dir='ltr'><strong>servum</strong></span> <span class='ocrx_word' id='word_1_44' title='bbox 979 730 1079 790; x_wconf 89' lang='lat' dir='ltr'><strong>nami-</strong></span> <span class='ocrx_word' id='word_1_45' title='bbox 1130 729 1241 791; x_wconf 73' lang='lat' dir='ltr'><strong>viriles.</strong></span> 
     </span>
     <span class='ocr_line' id='line_1_6' title="bbox 312 756 1984 943; baseline 0.001 -64"><span class='ocrx_word' id='word_1_46' title='bbox 312 818 393 891; x_wconf 88' lang='lat' dir='ltr'><strong>nari,</strong></span> <span class='ocrx_word' id='word_1_47' title='bbox 415 818 468 880; x_wconf 90' lang='lat' dir='ltr'><strong>sed</strong></span> <span class='ocrx_word' id='word_1_48' title='bbox 482 818 584 879; x_wconf 89' lang='lat' dir='ltr'><strong>altiori</strong></span> <span class='ocrx_word' id='word_1_49' title='bbox 605 821 754 900; x_wconf 82' lang='lat' dir='ltr'><strong>mysterio</strong></span> <span class='ocrx_word' id='word_1_50' title='bbox 777 821 889 882; x_wconf 87' lang='lat' dir='ltr'><strong>debera</strong></span> <span class='ocrx_word' id='word_1_51' title='bbox 912 821 1042 900; x_wconf 74' lang='lat' dir='ltr'><strong>intelligi</strong></span> <span class='ocrx_word' id='word_1_52' title='bbox 1061 848 1075 877; x_wconf 84' lang='lat'><strong>»</strong></span> <span class='ocrx_word' id='word_1_53' title='bbox 1170 823 1242 882; x_wconf 89' lang='lat' dir='ltr'><strong>Xll.</strong></span> <span class='ocrx_word' id='word_1_54' title='bbox 1265 822 1414 895; x_wconf 83' lang='lat' dir='ltr'><strong>Quocirca</strong></span> <span class='ocrx_word' id='word_1_55' title='bbox 1436 827 1555 884; x_wconf 90' lang='lat' dir='ltr'><strong>veteres</strong></span> <span class='ocrx_word' id='word_1_56' title='bbox 1580 821 1645 897; x_wconf 90' lang='lat' dir='ltr'><strong>illi,</strong></span> <span class='ocrx_word' id='word_1_57' title='bbox 1660 820 1716 900; x_wconf 92' lang='lat' dir='ltr'><strong>qui</strong></span> <span class='ocrx_word' id='word_1_58' title='bbox 1737 820 1898 882; x_wconf 82' lang='lat' dir='ltr'><strong>Glnistum</strong></span> <span class='ocrx_word' id='word_1_59' title='bbox 1937 756 1984 943; x_wconf 39' lang='grc' dir='ltr'><em>ἒ</em></span> 
     </span>
     <span class='ocr_line' id='line_1_7' title="bbox 313 910 1900 995; baseline 0 -24"><span class='ocrx_word' id='word_1_60' title='bbox 313 910 399 990; x_wconf 82' lang='lat' dir='ltr'><strong>quasi</strong></span> <span class='ocrx_word' id='word_1_61' title='bbox 417 913 578 989; x_wconf 89' lang='lat' dir='ltr'><strong>sequentia</strong></span> <span class='ocrx_word' id='word_1_62' title='bbox 590 911 650 973; x_wconf 92' lang='lat' dir='ltr'><strong>ista</strong></span> <span class='ocrx_word' id='word_1_63' title='bbox 663 912 726 973; x_wconf 88' lang='lat' dir='ltr'><strong>siut</strong></span> <span class='ocrx_word' id='word_1_64' title='bbox 739 913 934 995; x_wconf 78' lang='lat' dir='ltr'><strong>Hieronymi,</strong></span> <span class='ocrx_word' id='word_1_65' title='bbox 950 915 1003 975; x_wconf 86' lang='lat' dir='ltr'><strong>sed</strong></span> <span class='ocrx_word' id='word_1_66' title='bbox 1018 931 1083 975; x_wconf 91' lang='lat' dir='ltr'><strong>non</strong></span> <span class='ocrx_word' id='word_1_67' title='bbox 1131 931 1196 975; x_wconf 89' lang='lat' dir='ltr'><strong>esse</strong></span> <span class='ocrx_word' id='word_1_68' title='bbox 1219 931 1344 975; x_wconf 87' lang='lat' dir='ltr'><strong>servum</strong></span> <span class='ocrx_word' id='word_1_69' title='bbox 1367 913 1510 975; x_wconf 89' lang='lat' dir='ltr'><strong>arbitrati</strong></span> <span class='ocrx_word' id='word_1_70' title='bbox 1533 918 1623 989; x_wconf 88' lang='lat' dir='ltr'><strong>sunt,</strong></span> <span class='ocrx_word' id='word_1_71' title='bbox 1652 912 1809 985; x_wconf 58' lang='lat' dir='ltr'><strong>mutire,</strong></span> <span class='ocrx_word' id='word_1_72' title='bbox 1837 912 1900 971; x_wconf 88' lang='lat' dir='ltr'><strong>sive</strong></span> 
     </span>
     <span class='ocr_line' id='line_1_8' title="bbox 314 1003 1901 1087; baseline 0.002 -25"><span class='ocrx_word' id='word_1_73' title='bbox 314 1008 400 1064; x_wconf 89' lang='lat' dir='ltr'><strong>sunt.</strong></span> <span class='ocrx_word' id='word_1_74' title='bbox 1131 1006 1249 1087; x_wconf 78' lang='lat' dir='ltr'><strong>forma,</strong></span> <span class='ocrx_word' id='word_1_75' title='bbox 1264 1012 1301 1067; x_wconf 87' lang='lat' dir='ltr'><strong>ut</strong></span> <span class='ocrx_word' id='word_1_76' title='bbox 1313 1012 1402 1067; x_wconf 82' lang='lat' dir='ltr'><strong>vorat</strong></span> <span class='ocrx_word' id='word_1_77' title='bbox 1422 1005 1600 1087; x_wconf 78' lang='lat' dir='ltr'><strong>Apostolus,</strong></span> <span class='ocrx_word' id='word_1_78' title='bbox 1612 1005 1765 1066; x_wconf 88' lang='lat' dir='ltr'><strong>rationem</strong></span> <span class='ocrx_word' id='word_1_79' title='bbox 1778 1003 1901 1065; x_wconf 88' lang='lat' dir='ltr'><strong>habue-</strong></span> 
     </span>
     <span class='ocr_line' id='line_1_9' title="bbox 145 1094 1900 1178; baseline -0.002 -20"><span class='ocrx_word' id='word_1_80' title='bbox 145 1109 290 1160; x_wconf 67' lang='lat' dir='ltr'><strong>namnetas</strong></span> <span class='ocrx_word' id='word_1_81' title='bbox 354 1094 414 1154; x_wconf 87' lang='lat' dir='ltr'><strong>XI.</strong></span> <span class='ocrx_word' id='word_1_82' title='bbox 437 1094 539 1172; x_wconf 85' lang='lat' dir='ltr'><strong>Hujus</strong></span> <span class='ocrx_word' id='word_1_83' title='bbox 559 1095 745 1156; x_wconf 86' lang='lat' dir='ltr'><strong>conditionis</strong></span> <span class='ocrx_word' id='word_1_84' title='bbox 766 1096 884 1158; x_wconf 90' lang='lat' dir='ltr'><strong>servilis</strong></span> <span class='ocrx_word' id='word_1_85' title='bbox 906 1097 1084 1159; x_wconf 85' lang='lat' dir='ltr'><strong>meminisse</strong></span> <span class='ocrx_word' id='word_1_86' title='bbox 1132 1103 1218 1171; x_wconf 89' lang='lat' dir='ltr'><strong>runt,</strong></span> <span class='ocrx_word' id='word_1_87' title='bbox 1234 1098 1284 1159; x_wconf 90' lang='lat' dir='ltr'><strong>vel</strong></span> <span class='ocrx_word' id='word_1_88' title='bbox 1296 1115 1408 1178; x_wconf 85' lang='lat' dir='ltr'><strong>operae,</strong></span> <span class='ocrx_word' id='word_1_89' title='bbox 1424 1098 1575 1176; x_wconf 88' lang='lat' dir='ltr'><strong>officiique</strong></span> <span class='ocrx_word' id='word_1_90' title='bbox 1592 1113 1752 1157; x_wconf 91' lang='lat' dir='ltr'><strong>servorum</strong></span> <span class='ocrx_word' id='word_1_91' title='bbox 1768 1094 1900 1175; x_wconf 86' lang='lat' dir='ltr'><strong>proprii.</strong></span> 
     </span>
     <span class='ocr_line' id='line_1_10' title="bbox 146 1169 1985 1265; baseline -0.001 -19"><span class='ocrx_word' id='word_1_92' title='bbox 146 1169 292 1265; x_wconf 56' lang='lat' dir='ltr'><strong>fflffi,</strong></span> <span class='ocrx_word' id='word_1_93' title='bbox 315 1185 451 1246; x_wconf 90' lang='lat' dir='ltr'><strong>Leonem</strong></span> <span class='ocrx_word' id='word_1_94' title='bbox 486 1187 599 1264; x_wconf 82' lang='lat' dir='ltr'><strong>Papam</strong></span> <span class='ocrx_word' id='word_1_95' title='bbox 637 1187 923 1249; x_wconf 87' lang='lat' dir='ltr'><strong>Francofardiensis</strong></span> <span class='ocrx_word' id='word_1_96' title='bbox 962 1189 1085 1249; x_wconf 87' lang='lat' dir='ltr'><strong>concilii</strong></span> <span class='ocrx_word' id='word_1_97' title='bbox 1135 1190 1499 1263; x_wconf 80' lang='lat' dir='ltr'><strong>Quiautemecontrario</strong></span> <span class='ocrx_word' id='word_1_98' title='bbox 1512 1206 1636 1250; x_wconf 88' lang='lat' dir='ltr'><strong>servum</strong></span> <span class='ocrx_word' id='word_1_99' title='bbox 1649 1186 1902 1262; x_wconf 86' lang='lat' dir='ltr'><strong>dicinoluerunl,</strong></span> <span class='ocrx_word' id='word_1_100' title='bbox 1984 1214 1985 1265; x_wconf 61' lang='grc' dir='ltr'>ι</span> 
     </span>
     <span class='ocr_line' id='line_1_11' title="bbox 153 1272 1985 1360; baseline 0.001 -23"><span class='ocrx_word' id='word_1_101' title='bbox 153 1274 292 1330; x_wconf 57' lang='grc' dir='ltr'>θψθῡᾱῑωῐ·</span> <span class='ocrx_word' id='word_1_102' title='bbox 317 1279 425 1338; x_wconf 89' lang='lat' dir='ltr'><strong>Patres</strong></span> <span class='ocrx_word' id='word_1_103' title='bbox 440 1284 583 1339; x_wconf 69' lang='lat' dir='ltr'><strong>assuunt</strong></span> <span class='ocrx_word' id='word_1_104' title='bbox 596 1278 770 1358; x_wconf 89' lang='lat' dir='ltr'><strong>inepistola</strong></span> <span class='ocrx_word' id='word_1_105' title='bbox 783 1280 941 1359; x_wconf 84' lang='lat' dir='ltr'><strong>synodica,</strong></span> <span class='ocrx_word' id='word_1_106' title='bbox 958 1282 1085 1360; x_wconf 83' lang='lat' dir='ltr'><strong>ejusque</strong></span> <span class='ocrx_word' id='word_1_107' title='bbox 1136 1282 1174 1343; x_wconf 92' lang='lat' dir='ltr'><strong>de</strong></span> <span class='ocrx_word' id='word_1_108' title='bbox 1201 1282 1304 1342; x_wconf 88' lang='lat' dir='ltr'><strong>servili</strong></span> <span class='ocrx_word' id='word_1_109' title='bbox 1332 1281 1508 1342; x_wconf 88' lang='lat' dir='ltr'><strong>conditione</strong></span> <span class='ocrx_word' id='word_1_110' title='bbox 1533 1279 1629 1341; x_wconf 86' lang='lat' dir='ltr'><strong>locuti</strong></span> <span class='ocrx_word' id='word_1_111' title='bbox 1656 1285 1745 1353; x_wconf 86' lang='lat' dir='ltr'><strong>sunt,</strong></span> <span class='ocrx_word' id='word_1_112' title='bbox 1771 1296 1846 1357; x_wconf 80' lang='lat' dir='ltr'><strong>quae</strong></span> <span class='ocrx_word' id='word_1_113' title='bbox 1875 1284 1905 1338; x_wconf 90' lang='lat' dir='ltr'><strong>et</strong></span> <span class='ocrx_word' id='word_1_114' title='bbox 1984 1272 1985 1317; x_wconf 34' lang='grc' dir='ltr'><strong>Ὗ</strong></span> 
     </span>
     <span class='ocr_line' id='line_1_12' title="bbox 317 1369 1906 1451; baseline 0 -21"><span class='ocrx_word' id='word_1_115' title='bbox 317 1369 413 1430; x_wconf 90' lang='lat' dir='ltr'><strong>verba</strong></span> <span class='ocrx_word' id='word_1_116' title='bbox 425 1370 469 1429; x_wconf 88' lang='lat' dir='ltr'><strong>ita</strong></span> <span class='ocrx_word' id='word_1_117' title='bbox 493 1369 675 1431; x_wconf 75' lang='lat' dir='ltr'><strong>dascdbunt</strong></span> <span class='ocrx_word' id='word_1_118' title='bbox 699 1389 737 1432; x_wconf 81' lang='lat' dir='ltr'><strong>ex</strong></span> <span class='ocrx_word' id='word_1_119' title='bbox 757 1371 882 1433; x_wconf 90' lang='lat' dir='ltr'><strong>homilia</strong></span> <span class='ocrx_word' id='word_1_120' title='bbox 902 1374 1038 1434; x_wconf 67' lang='lat' dir='ltr'><strong>meranda</strong></span> <span class='ocrx_word' id='word_1_121' title='bbox 1052 1371 1087 1433; x_wconf 82' lang='lat' dir='ltr'><strong>de</strong></span> <span class='ocrx_word' id='word_1_122' title='bbox 1136 1374 1308 1435; x_wconf 86' lang='lat' dir='ltr'><strong>necessaria</strong></span> <span class='ocrx_word' id='word_1_123' title='bbox 1318 1379 1365 1434; x_wconf 92' lang='lat' dir='ltr'><strong>est</strong></span> <span class='ocrx_word' id='word_1_124' title='bbox 1378 1391 1417 1434; x_wconf 81' lang='lat' dir='ltr'><strong>ex</strong></span> <span class='ocrx_word' id='word_1_125' title='bbox 1430 1391 1505 1443; x_wconf 73' lang='lat' dir='ltr'><strong>sese.</strong></span> <span class='ocrx_word' id='word_1_126' title='bbox 1517 1372 1780 1434; x_wconf 86' lang='lat' dir='ltr'><strong>nonvotuntaria:</strong></span> <span class='ocrx_word' id='word_1_127' title='bbox 1793 1375 1906 1451; x_wconf 91' lang='lat' dir='ltr'><strong>etper·</strong></span> 
     </span>
     <span class='ocr_line' id='line_1_13' title="bbox 319 1460 1906 1543; baseline -0.001 -19"><span class='ocrx_word' id='word_1_128' title='bbox 319 1460 490 1524; x_wconf 72' lang='lat' dir='ltr'><strong>Natiuitote</strong></span> <span class='ocrx_word' id='word_1_129' title='bbox 507 1460 642 1524; x_wconf 69' lang='lat' dir='ltr'><strong>Chresti:</strong></span> <span class='ocrx_word' id='word_1_130' title='bbox 662 1463 860 1543; x_wconf 74' lang='lat' dir='ltr'><strong>«assumpta</strong></span> <span class='ocrx_word' id='word_1_131' title='bbox 874 1468 920 1525; x_wconf 87' lang='lat' dir='ltr'><strong>est</strong></span> <span class='ocrx_word' id='word_1_132' title='bbox 933 1465 972 1525; x_wconf 90' lang='lat' dir='ltr'><strong>de</strong></span> <span class='ocrx_word' id='word_1_133' title='bbox 987 1470 1086 1526; x_wconf 87' lang='lat' dir='ltr'><strong>matre</strong></span> <span class='ocrx_word' id='word_1_134' title='bbox 1136 1483 1245 1526; x_wconf 90' lang='lat' dir='ltr'><strong>sonam</strong></span> <span class='ocrx_word' id='word_1_135' title='bbox 1260 1465 1368 1543; x_wconf 90' lang='lat' dir='ltr'><strong>ipsam,</strong></span> <span class='ocrx_word' id='word_1_136' title='bbox 1384 1483 1449 1526; x_wconf 91' lang='lat' dir='ltr'><strong>non</strong></span> <span class='ocrx_word' id='word_1_137' title='bbox 1471 1468 1616 1525; x_wconf 87' lang='lat' dir='ltr'><strong>naturam</strong></span> <span class='ocrx_word' id='word_1_138' title='bbox 1634 1464 1857 1543; x_wconf 89' lang='lat' dir='ltr'><strong>consequitur:</strong></span> <span class='ocrx_word' id='word_1_139' title='bbox 1872 1480 1906 1522; x_wconf 89' lang='lat' dir='ltr'><strong>ac</strong></span> 
     </span>
     <span class='ocr_line' id='line_1_14' title="bbox 320 1553 1906 1636; baseline 0.001 -23"><span class='ocrx_word' id='word_1_140' title='bbox 320 1553 444 1615; x_wconf 84' lang='lat' dir='ltr'><strong>Domini</strong></span> <span class='ocrx_word' id='word_1_141' title='bbox 458 1559 582 1629; x_wconf 85' lang='lat' dir='ltr'><strong>natura,</strong></span> <span class='ocrx_word' id='word_1_142' title='bbox 596 1573 662 1615; x_wconf 91' lang='lat' dir='ltr'><strong>non</strong></span> <span class='ocrx_word' id='word_1_143' title='bbox 680 1555 789 1635; x_wconf 88' lang='lat' dir='ltr'><strong>culpa:</strong></span> <span class='ocrx_word' id='word_1_144' title='bbox 806 1562 909 1617; x_wconf 86' lang='lat' dir='ltr'><strong>ereata</strong></span> <span class='ocrx_word' id='word_1_145' title='bbox 928 1569 974 1617; x_wconf 89' lang='lat' dir='ltr'><strong>est</strong></span> <span class='ocrx_word' id='word_1_146' title='bbox 986 1556 1088 1618; x_wconf 88' lang='lat' dir='ltr'><strong>forme</strong></span> <span class='ocrx_word' id='word_1_147' title='bbox 1137 1557 1271 1636; x_wconf 88' lang='lat' dir='ltr'><strong>denique</strong></span> <span class='ocrx_word' id='word_1_148' title='bbox 1293 1575 1332 1617; x_wconf 82' lang='lat' dir='ltr'><strong>ex</strong></span> <span class='ocrx_word' id='word_1_149' title='bbox 1356 1562 1481 1636; x_wconf 82' lang='lat' dir='ltr'><strong>peceato</strong></span> <span class='ocrx_word' id='word_1_150' title='bbox 1502 1562 1532 1617; x_wconf 92' lang='lat' dir='ltr'><strong>et</strong></span> <span class='ocrx_word' id='word_1_151' title='bbox 1557 1555 1645 1633; x_wconf 90' lang='lat' dir='ltr'><strong>vitio,</strong></span> <span class='ocrx_word' id='word_1_152' title='bbox 1670 1554 1906 1635; x_wconf 87' lang='lat' dir='ltr'><strong>corruptelaque</strong></span> 
     </span>
     <span class='ocr_line' id='line_1_15' title="bbox 320 1645 1986 1729; baseline -0.001 -22"><span class='ocrx_word' id='word_1_153' title='bbox 320 1645 401 1707; x_wconf 89' lang='lat' dir='ltr'><strong>servi</strong></span> <span class='ocrx_word' id='word_1_154' title='bbox 414 1646 479 1706; x_wconf 88' lang='lat' dir='ltr'><strong>sine</strong></span> <span class='ocrx_word' id='word_1_155' title='bbox 502 1647 681 1707; x_wconf 86' lang='lat' dir='ltr'><strong>conditione</strong></span> <span class='ocrx_word' id='word_1_156' title='bbox 695 1647 840 1709; x_wconf 76' lang='lat' dir='ltr'><strong>servili.»</strong></span> <span class='ocrx_word' id='word_1_157' title='bbox 866 1650 983 1709; x_wconf 83' lang='lat' dir='ltr'><strong>Verum</strong></span> <span class='ocrx_word' id='word_1_158' title='bbox 999 1649 1088 1710; x_wconf 89' lang='lat' dir='ltr'><strong>aliter</strong></span> <span class='ocrx_word' id='word_1_159' title='bbox 1136 1649 1341 1710; x_wconf 89' lang='lat' dir='ltr'><strong>istiusoritur.</strong></span> <span class='ocrx_word' id='word_1_160' title='bbox 1353 1650 1460 1729; x_wconf 90' lang='lat' dir='ltr'><strong>Neque</strong></span> <span class='ocrx_word' id='word_1_161' title='bbox 1468 1666 1616 1727; x_wconf 89' lang='lat' dir='ltr'><strong>vero,eur</strong></span> <span class='ocrx_word' id='word_1_162' title='bbox 1623 1648 1662 1708; x_wconf 91' lang='lat' dir='ltr'><strong>ab</strong></span> <span class='ocrx_word' id='word_1_163' title='bbox 1672 1649 1794 1709; x_wconf 87' lang='lat' dir='ltr'><strong>Christo</strong></span> <span class='ocrx_word' id='word_1_164' title='bbox 1805 1664 1908 1724; x_wconf 74' lang='lat' dir='ltr'><strong>seqre</strong></span> <span class='ocrx_word' id='word_1_165' title='bbox 1985 1672 1986 1701; x_wconf 71' lang='grc' dir='ltr'>ι</span> 
     </span>
     <span class='ocr_line' id='line_1_16' title="bbox 321 1737 1986 1820; baseline 0.004 -23"><span class='ocrx_word' id='word_1_166' title='bbox 321 1737 389 1798; x_wconf 73' lang='lat' dir='ltr'><strong>haec</strong></span> <span class='ocrx_word' id='word_1_167' title='bbox 407 1738 554 1817; x_wconf 82' lang='lat' dir='ltr'><strong>legrmtur</strong></span> <span class='ocrx_word' id='word_1_168' title='bbox 577 1739 611 1798; x_wconf 92' lang='lat' dir='ltr'><strong>in</strong></span> <span class='ocrx_word' id='word_1_169' title='bbox 638 1739 771 1818; x_wconf 89' lang='lat' dir='ltr'><strong>vulgatis</strong></span> <span class='ocrx_word' id='word_1_170' title='bbox 793 1741 903 1801; x_wconf 88' lang='lat' dir='ltr'><strong>Leonis</strong></span> <span class='ocrx_word' id='word_1_171' title='bbox 922 1741 1087 1820; x_wconf 88' lang='lat' dir='ltr'><strong>codicibus,</strong></span> <span class='ocrx_word' id='word_1_172' title='bbox 1138 1746 1238 1820; x_wconf 90' lang='lat' dir='ltr'><strong>getur,</strong></span> <span class='ocrx_word' id='word_1_173' title='bbox 1254 1759 1347 1802; x_wconf 88' lang='lat' dir='ltr'><strong>eausa</strong></span> <span class='ocrx_word' id='word_1_174' title='bbox 1368 1747 1415 1802; x_wconf 89' lang='lat' dir='ltr'><strong>est</strong></span> <span class='ocrx_word' id='word_1_175' title='bbox 1437 1742 1548 1801; x_wconf 90' lang='lat' dir='ltr'><strong>idonea</strong></span> <span class='ocrx_word' id='word_1_176' title='bbox 1571 1746 1726 1820; x_wconf 88' lang='lat' dir='ltr'><strong>postrema</strong></span> <span class='ocrx_word' id='word_1_177' title='bbox 1739 1740 1796 1801; x_wconf 87' lang='lat' dir='ltr'><strong>illa</strong></span> <span class='ocrx_word' id='word_1_178' title='bbox 1817 1743 1906 1816; x_wconf 87' lang='lat' dir='ltr'><strong>ratio,</strong></span> <span class='ocrx_word' id='word_1_179' title='bbox 1985 1758 1986 1765; x_wconf 53' lang='lat'>¹</span> 
     </span>
     <span class='ocr_line' id='line_1_17' title="bbox 321 1829 1908 1913; baseline 0.004 -25"><span class='ocrx_word' id='word_1_180' title='bbox 321 1829 377 1908; x_wconf 91' lang='lat' dir='ltr'><strong>qui</strong></span> <span class='ocrx_word' id='word_1_181' title='bbox 404 1829 448 1890; x_wconf 86' lang='lat' dir='ltr'><strong>sic</strong></span> <span class='ocrx_word' id='word_1_182' title='bbox 472 1830 589 1891; x_wconf 78' lang='lat' dir='ltr'><strong>hebent</strong></span> <span class='ocrx_word' id='word_1_183' title='bbox 606 1851 613 1891; x_wconf 92' lang='lat'>:</span> <span class='ocrx_word' id='word_1_184' title='bbox 631 1834 826 1911; x_wconf 76' lang='lat' dir='ltr'><strong>«Assumpta</strong></span> <span class='ocrx_word' id='word_1_185' title='bbox 853 1837 900 1894; x_wconf 88' lang='lat' dir='ltr'><strong>est</strong></span> <span class='ocrx_word' id='word_1_186' title='bbox 927 1834 965 1894; x_wconf 90' lang='lat' dir='ltr'><strong>de</strong></span> <span class='ocrx_word' id='word_1_187' title='bbox 989 1840 1089 1895; x_wconf 87' lang='lat' dir='ltr'><strong>matre</strong></span> <span class='ocrx_word' id='word_1_188' title='bbox 1138 1833 1223 1912; x_wconf 90' lang='lat' dir='ltr'><strong>quod</strong></span> <span class='ocrx_word' id='word_1_189' title='bbox 1237 1833 1369 1893; x_wconf 88' lang='lat' dir='ltr'><strong>servitus</strong></span> <span class='ocrx_word' id='word_1_190' title='bbox 1392 1832 1607 1893; x_wconf 88' lang='lat' dir='ltr'><strong>conditionalis</strong></span> <span class='ocrx_word' id='word_1_191' title='bbox 1627 1850 1664 1892; x_wconf 87' lang='lat' dir='ltr'><strong>ex</strong></span> <span class='ocrx_word' id='word_1_192' title='bbox 1678 1837 1805 1912; x_wconf 88' lang='lat' dir='ltr'><strong>peceato</strong></span> <span class='ocrx_word' id='word_1_193' title='bbox 1830 1835 1908 1913; x_wconf 89' lang='lat' dir='ltr'><strong>cepit</strong></span> 
     </span>
     <span class='ocr_line' id='line_1_18' title="bbox 322 1921 1909 2004; baseline 0.003 -22"><span class='ocrx_word' id='word_1_194' title='bbox 322 1921 457 1985; x_wconf 88' lang='lat' dir='ltr'><strong>hominis</strong></span> <span class='ocrx_word' id='word_1_195' title='bbox 469 1927 583 1983; x_wconf 85' lang='lat' dir='ltr'><strong>natura</strong></span> <span class='ocrx_word' id='word_1_196' title='bbox 593 1941 658 1984; x_wconf 90' lang='lat' dir='ltr'><strong>non</strong></span> <span class='ocrx_word' id='word_1_197' title='bbox 674 1922 783 2003; x_wconf 88' lang='lat' dir='ltr'><strong>culpa¹</strong></span> <span class='ocrx_word' id='word_1_198' title='bbox 802 1930 924 1985; x_wconf 90' lang='lat' dir='ltr'><strong>:creata</strong></span> <span class='ocrx_word' id='word_1_199' title='bbox 932 1933 978 1988; x_wconf 90' lang='lat' dir='ltr'><strong>est</strong></span> <span class='ocrx_word' id='word_1_200' title='bbox 990 1926 1091 1988; x_wconf 86' lang='lat' dir='ltr'><strong>forma</strong></span> <span class='ocrx_word' id='word_1_201' title='bbox 1140 1925 1305 2003; x_wconf 90' lang='lat' dir='ltr'><strong>originem.</strong></span> <span class='ocrx_word' id='word_1_202' title='bbox 1321 1926 1399 1985; x_wconf 86' lang='lat' dir='ltr'><strong>Nam</strong></span> <span class='ocrx_word' id='word_1_203' title='bbox 1420 1929 1537 1984; x_wconf 85' lang='lat' dir='ltr'><strong>etmors</strong></span> <span class='ocrx_word' id='word_1_204' title='bbox 1550 1924 1658 1985; x_wconf 89' lang='lat' dir='ltr'><strong>eadem</strong></span> <span class='ocrx_word' id='word_1_205' title='bbox 1675 1941 1713 1985; x_wconf 86' lang='lat' dir='ltr'><strong>ex</strong></span> <span class='ocrx_word' id='word_1_206' title='bbox 1725 1925 1825 2004; x_wconf 86' lang='lat' dir='ltr'><strong>stirpe</strong></span> <span class='ocrx_word' id='word_1_207' title='bbox 1839 1931 1909 1987; x_wconf 90' lang='lat' dir='ltr'><strong>nata</strong></span> 
     </span>
     <span class='ocr_line' id='line_1_19' title="bbox 323 2013 1908 2098; baseline 0.002 -24"><span class='ocrx_word' id='word_1_208' title='bbox 323 2013 414 2087; x_wconf 88' lang='lat' dir='ltr'><strong>servi,</strong></span> <span class='ocrx_word' id='word_1_209' title='bbox 422 2013 488 2077; x_wconf 89' lang='lat' dir='ltr'><strong>sine</strong></span> <span class='ocrx_word' id='word_1_210' title='bbox 501 2014 678 2077; x_wconf 88' lang='lat' dir='ltr'><strong>conditione</strong></span> <span class='ocrx_word' id='word_1_211' title='bbox 692 2017 807 2077; x_wconf 83' lang='lat' dir='ltr'><strong>virili.»</strong></span> <span class='ocrx_word' id='word_1_212' title='bbox 819 2016 879 2078; x_wconf 90' lang='lat' dir='ltr'><strong>Ubi</strong></span> <span class='ocrx_word' id='word_1_213' title='bbox 890 2018 1023 2079; x_wconf 90' lang='lat' dir='ltr'><strong>conditio</strong></span> <span class='ocrx_word' id='word_1_214' title='bbox 1033 2036 1090 2098; x_wconf 91' lang='lat' dir='ltr'><strong>pro</strong></span> <span class='ocrx_word' id='word_1_215' title='bbox 1141 2016 1174 2076; x_wconf 85' lang='grc' dir='ltr'><strong>ιἰι</strong></span> <span class='ocrx_word' id='word_1_216' title='bbox 1180 2015 1415 2077; x_wconf 81' lang='lat' dir='ltr'><strong>omueshomiaes</strong></span> <span class='ocrx_word' id='word_1_217' title='bbox 1424 2016 1603 2097; x_wconf 82' lang='lat' dir='ltr'><strong>pertransiit</strong></span> <span class='ocrx_word' id='word_1_218' title='bbox 1609 2015 1634 2077; x_wconf 74' lang='lat'><strong>⁸:</strong></span> <span class='ocrx_word' id='word_1_219' title='bbox 1641 2021 1672 2077; x_wconf 86' lang='lat' dir='ltr'><strong>et</strong></span> <span class='ocrx_word' id='word_1_220' title='bbox 1682 2016 1908 2078; x_wconf 83' lang='lat' dir='ltr'><strong>huicsetamen</strong></span> 
     </span>
     <span class='ocr_line' id='line_1_20' title="bbox 323 2106 1987 2188; baseline 0.003 -22"><span class='ocrx_word' id='word_1_221' title='bbox 323 2106 450 2186; x_wconf 86' lang='lat' dir='ltr'><strong>nuptiis,</strong></span> <span class='ocrx_word' id='word_1_222' title='bbox 468 2106 517 2168; x_wconf 89' lang='lat' dir='ltr'><strong>vel</strong></span> <span class='ocrx_word' id='word_1_223' title='bbox 534 2106 666 2187; x_wconf 86' lang='lat' dir='ltr'><strong>nuptiali</strong></span> <span class='ocrx_word' id='word_1_224' title='bbox 684 2110 850 2185; x_wconf 88' lang='lat' dir='ltr'><strong>consortio,</strong></span> <span class='ocrx_word' id='word_1_225' title='bbox 867 2116 898 2171; x_wconf 91' lang='lat' dir='ltr'><strong>et</strong></span> <span class='ocrx_word' id='word_1_226' title='bbox 919 2129 979 2170; x_wconf 91' lang='lat' dir='ltr'><strong>usu</strong></span> <span class='ocrx_word' id='word_1_227' title='bbox 993 2112 1089 2171; x_wconf 91' lang='lat' dir='ltr'><strong>sumi·</strong></span> <span class='ocrx_word' id='word_1_228' title='bbox 1141 2108 1280 2169; x_wconf 79' lang='lat' dir='ltr'><strong>Christus</strong></span> <span class='ocrx_word' id='word_1_229' title='bbox 1292 2113 1401 2188; x_wconf 89' lang='lat' dir='ltr'><strong>sponte</strong></span> <span class='ocrx_word' id='word_1_230' title='bbox 1414 2108 1553 2187; x_wconf 80' lang='lat' dir='ltr'><strong>subjecit.</strong></span> <span class='ocrx_word' id='word_1_231' title='bbox 1577 2110 1684 2188; x_wconf 88' lang='lat' dir='ltr'><strong>ltaque</strong></span> <span class='ocrx_word' id='word_1_232' title='bbox 1705 2126 1780 2169; x_wconf 90' lang='lat' dir='ltr'><strong>vera</strong></span> <span class='ocrx_word' id='word_1_233' title='bbox 1794 2116 1829 2171; x_wconf 90' lang='lat' dir='ltr'><strong>et</strong></span> <span class='ocrx_word' id='word_1_234' title='bbox 1843 2127 1909 2187; x_wconf 87' lang='lat' dir='ltr'><strong>ger-</strong></span> <span class='ocrx_word' id='word_1_235' title='bbox 1986 2136 1987 2147; x_wconf 45' lang='grc' dir='ltr'>ι</span> 
     </span>
     <span class='ocr_line' id='line_1_21' title="bbox 324 2198 1910 2281; baseline 0 -20"><span class='ocrx_word' id='word_1_236' title='bbox 324 2203 387 2261; x_wconf 85' lang='lat' dir='ltr'><strong>tur.</strong></span> <span class='ocrx_word' id='word_1_237' title='bbox 404 2199 469 2259; x_wconf 84' lang='lat' dir='ltr'><strong>Hoc</strong></span> <span class='ocrx_word' id='word_1_238' title='bbox 481 2199 566 2260; x_wconf 90' lang='lat' dir='ltr'><strong>enim</strong></span> <span class='ocrx_word' id='word_1_239' title='bbox 580 2198 757 2262; x_wconf 84' lang='lat' dir='ltr'><strong>conditionis</strong></span> <span class='ocrx_word' id='word_1_240' title='bbox 766 2220 826 2262; x_wconf 84' lang='lat' dir='ltr'><strong>vox</strong></span> <span class='ocrx_word' id='word_1_241' title='bbox 839 2203 920 2263; x_wconf 87' lang='lat' dir='ltr'><strong>inter</strong></span> <span class='ocrx_word' id='word_1_242' title='bbox 930 2201 1091 2281; x_wconf 89' lang='lat' dir='ltr'><strong>aliasigni·</strong></span> <span class='ocrx_word' id='word_1_243' title='bbox 1140 2218 1234 2262; x_wconf 87' lang='lat' dir='ltr'><strong>mana</strong></span> <span class='ocrx_word' id='word_1_244' title='bbox 1247 2200 1326 2261; x_wconf 90' lang='lat' dir='ltr'><strong>ratio</strong></span> <span class='ocrx_word' id='word_1_245' title='bbox 1339 2206 1396 2274; x_wconf 91' lang='lat' dir='ltr'><strong>est,</strong></span> <span class='ocrx_word' id='word_1_246' title='bbox 1420 2199 1504 2279; x_wconf 89' lang='lat' dir='ltr'><strong>quod</strong></span> <span class='ocrx_word' id='word_1_247' title='bbox 1517 2203 1616 2260; x_wconf 72' lang='lat' dir='ltr'><strong>statiis</strong></span> <span class='ocrx_word' id='word_1_248' title='bbox 1629 2199 1681 2260; x_wconf 89' lang='lat' dir='ltr'><strong>ille</strong></span> <span class='ocrx_word' id='word_1_249' title='bbox 1703 2199 1829 2260; x_wconf 86' lang='lat' dir='ltr'><strong>servilis</strong></span> <span class='ocrx_word' id='word_1_250' title='bbox 1841 2218 1910 2261; x_wconf 88' lang='lat' dir='ltr'><strong>eum</strong></span> 
     </span>
     <span class='ocr_line' id='line_1_22' title="bbox 325 2290 1909 2372; baseline 0.002 -21"><span class='ocrx_word' id='word_1_251' title='bbox 325 2291 406 2366; x_wconf 86' lang='lat' dir='ltr'><strong>licat,</strong></span> <span class='ocrx_word' id='word_1_252' title='bbox 426 2294 463 2350; x_wconf 91' lang='lat' dir='ltr'><strong>ut</strong></span> <span class='ocrx_word' id='word_1_253' title='bbox 484 2291 708 2370; x_wconf 87' lang='lat' dir='ltr'><strong>jurisconsulti,</strong></span> <span class='ocrx_word' id='word_1_254' title='bbox 723 2301 754 2354; x_wconf 91' lang='lat' dir='ltr'><strong>et</strong></span> <span class='ocrx_word' id='word_1_255' title='bbox 778 2294 879 2354; x_wconf 92' lang='lat' dir='ltr'><strong>Latini</strong></span> <span class='ocrx_word' id='word_1_256' title='bbox 898 2296 1090 2370; x_wconf 80' lang='lat' dir='ltr'><strong>grammatici</strong></span> <span class='ocrx_word' id='word_1_257' title='bbox 1140 2291 1443 2371; x_wconf 82' lang='lat' dir='ltr'><strong>tiliiproprietate,ae</strong></span> <span class='ocrx_word' id='word_1_258' title='bbox 1451 2291 1583 2352; x_wconf 88' lang='lat' dir='ltr'><strong>naturali</strong></span> <span class='ocrx_word' id='word_1_259' title='bbox 1591 2290 1768 2352; x_wconf 84' lang='lat' dir='ltr'><strong>conditione</strong></span> <span class='ocrx_word' id='word_1_260' title='bbox 1776 2301 1909 2372; x_wconf 89' lang='lat' dir='ltr'><strong>pugnat,</strong></span> 
     </span>
     <span class='ocr_line' id='line_1_23' title="bbox 323 2381 1910 2463; baseline 0.003 -21"><span class='ocrx_word' id='word_1_261' title='bbox 323 2381 483 2445; x_wconf 87' lang='lat' dir='ltr'><strong>adnotant.</strong></span> <span class='ocrx_word' id='word_1_262' title='bbox 1140 2402 1198 2445; x_wconf 88' lang='lat' dir='ltr'><strong>nec</strong></span> <span class='ocrx_word' id='word_1_263' title='bbox 1213 2384 1246 2443; x_wconf 90' lang='lat' dir='ltr'><strong>in</strong></span> <span class='ocrx_word' id='word_1_264' title='bbox 1259 2384 1402 2445; x_wconf 87' lang='lat' dir='ltr'><strong>eamdem</strong></span> <span class='ocrx_word' id='word_1_265' title='bbox 1413 2402 1576 2463; x_wconf 88' lang='lat' dir='ltr'><strong>personam</strong></span> <span class='ocrx_word' id='word_1_266' title='bbox 1589 2384 1689 2445; x_wconf 86' lang='lat' dir='ltr'><strong>cadit:</strong></span> <span class='ocrx_word' id='word_1_267' title='bbox 1704 2385 1910 2463; x_wconf 89' lang='lat' dir='ltr'><strong>quemadmo-</strong></span> 
     </span>
     <span class='ocr_line' id='line_1_24' title="bbox 365 2473 1912 2557; baseline 0.003 -23"><span class='ocrx_word' id='word_1_268' title='bbox 365 2473 483 2535; x_wconf 81' lang='lat' dir='ltr'><strong>Mirum</strong></span> <span class='ocrx_word' id='word_1_269' title='bbox 496 2479 541 2535; x_wconf 88' lang='lat' dir='ltr'><strong>est</strong></span> <span class='ocrx_word' id='word_1_270' title='bbox 554 2478 669 2543; x_wconf 88' lang='lat' dir='ltr'><strong>nutem,</strong></span> <span class='ocrx_word' id='word_1_271' title='bbox 681 2473 839 2534; x_wconf 91' lang='lat' dir='ltr'><strong>eruditum</strong></span> <span class='ocrx_word' id='word_1_272' title='bbox 864 2475 1044 2553; x_wconf 90' lang='lat' dir='ltr'><strong>theologum</strong></span> <span class='ocrx_word' id='word_1_273' title='bbox 1058 2476 1091 2536; x_wconf 94' lang='lat' dir='ltr'><strong>in</strong></span> <span class='ocrx_word' id='word_1_274' title='bbox 1141 2476 1218 2537; x_wconf 89' lang='lat' dir='ltr'><strong>dum</strong></span> <span class='ocrx_word' id='word_1_275' title='bbox 1238 2477 1276 2539; x_wconf 86' lang='lat' dir='ltr'><strong>de</strong></span> <span class='ocrx_word' id='word_1_276' title='bbox 1295 2476 1439 2555; x_wconf 89' lang='lat' dir='ltr'><strong>adoptivo</strong></span> <span class='ocrx_word' id='word_1_277' title='bbox 1452 2475 1517 2536; x_wconf 89' lang='lat' dir='ltr'><strong>filio</strong></span> <span class='ocrx_word' id='word_1_278' title='bbox 1538 2494 1633 2557; x_wconf 89' lang='lat' dir='ltr'><strong>supra</strong></span> <span class='ocrx_word' id='word_1_279' title='bbox 1652 2475 1798 2536; x_wconf 84' lang='lat' dir='ltr'><strong>diximus.</strong></span> <span class='ocrx_word' id='word_1_280' title='bbox 1818 2478 1912 2538; x_wconf 82' lang='lat' dir='ltr'><strong>Reate</strong></span> 
     </span>
     <span class='ocr_line' id='line_1_25' title="bbox 324 2564 1988 2657; baseline 0.001 -29"><span class='ocrx_word' id='word_1_281' title='bbox 324 2566 466 2628; x_wconf 86' lang='lat' dir='ltr'><strong>animum</strong></span> <span class='ocrx_word' id='word_1_282' title='bbox 479 2564 1091 2646; x_wconf 82' lang='lat' dir='ltr'><strong>inducerepotuisse’,itaeoncipiendum</strong></span> <span class='ocrx_word' id='word_1_283' title='bbox 1142 2568 1228 2629; x_wconf 92' lang='lat' dir='ltr'><strong>enim</strong></span> <span class='ocrx_word' id='word_1_284' title='bbox 1256 2574 1426 2647; x_wconf 86' lang='lat' dir='ltr'><strong>utrumque</strong></span> <span class='ocrx_word' id='word_1_285' title='bbox 1451 2568 1605 2647; x_wconf 83' lang='lat' dir='ltr'><strong>copulavit</strong></span> <span class='ocrx_word' id='word_1_286' title='bbox 1630 2567 1914 2630; x_wconf 85' lang='lat' dir='ltr'><strong>Franooiordiensis</strong></span> <span class='ocrx_word' id='word_1_287' title='bbox 1987 2590 1988 2657; x_wconf 64' lang='grc' dir='ltr'>ι</span> 
     </span>
     <span class='ocr_line' id='line_1_26' title="bbox 324 2656 1914 2740; baseline 0.002 -22"><span class='ocrx_word' id='word_1_288' title='bbox 324 2657 415 2719; x_wconf 89' lang='lat' dir='ltr'><strong>illum</strong></span> <span class='ocrx_word' id='word_1_289' title='bbox 439 2675 504 2718; x_wconf 87' lang='lat' dir='ltr'><strong>esse</strong></span> <span class='ocrx_word' id='word_1_290' title='bbox 523 2656 639 2718; x_wconf 89' lang='lat' dir='ltr'><strong>Leonis</strong></span> <span class='ocrx_word' id='word_1_291' title='bbox 664 2657 788 2733; x_wconf 89' lang='lat' dir='ltr'><strong>locum;</strong></span> <span class='ocrx_word' id='word_1_292' title='bbox 804 2659 961 2740; x_wconf 71' lang='lat' dir='ltr'><strong>resumpta</strong></span> <span class='ocrx_word' id='word_1_293' title='bbox 984 2666 1027 2720; x_wconf 82' lang='lat' dir='ltr'><strong>est</strong></span> <span class='ocrx_word' id='word_1_294' title='bbox 1055 2659 1092 2721; x_wconf 88' lang='lat' dir='ltr'><strong>de</strong></span> <span class='ocrx_word' id='word_1_295' title='bbox 1143 2660 1306 2738; x_wconf 75' lang='lat' dir='ltr'><strong>synodica,</strong></span> <span class='ocrx_word' id='word_1_296' title='bbox 1322 2666 1353 2720; x_wconf 91' lang='lat' dir='ltr'><strong>et</strong></span> <span class='ocrx_word' id='word_1_297' title='bbox 1368 2664 1404 2720; x_wconf 92' lang='lat' dir='ltr'><strong>ut</strong></span> <span class='ocrx_word' id='word_1_298' title='bbox 1419 2660 1453 2719; x_wconf 92' lang='lat' dir='ltr'><strong>iu</strong></span> <span class='ocrx_word' id='word_1_299' title='bbox 1471 2659 1607 2720; x_wconf 87' lang='lat' dir='ltr'><strong>naturali</strong></span> <span class='ocrx_word' id='word_1_300' title='bbox 1620 2660 1684 2720; x_wconf 86' lang='lat' dir='ltr'><strong>iilia</strong></span> <span class='ocrx_word' id='word_1_301' title='bbox 1697 2660 1796 2721; x_wconf 89' lang='lat' dir='ltr'><strong>inesse</strong></span> <span class='ocrx_word' id='word_1_302' title='bbox 1820 2679 1914 2739; x_wconf 89' lang='lat' dir='ltr'><strong>nega-</strong></span> 
     </span>
     <span class='ocr_line' id='line_1_27' title="bbox 324 2749 1914 2833; baseline 0.001 -22"><span class='ocrx_word' id='word_1_303' title='bbox 324 2755 420 2811; x_wconf 85' lang='lat' dir='ltr'><strong>matre</strong></span> <span class='ocrx_word' id='word_1_304' title='bbox 428 2751 558 2812; x_wconf 80' lang='lat' dir='ltr'><strong>dominis</strong></span> <span class='ocrx_word' id='word_1_305' title='bbox 569 2749 691 2810; x_wconf 79' lang='lat' dir='ltr'><strong>Domini</strong></span> <span class='ocrx_word' id='word_1_306' title='bbox 697 2755 829 2824; x_wconf 84' lang='lat' dir='ltr'><strong>neturu,·</strong></span> <span class='ocrx_word' id='word_1_307' title='bbox 836 2757 1000 2831; x_wconf 90' lang='lat' dir='ltr'><strong>propterea</strong></span> <span class='ocrx_word' id='word_1_308' title='bbox 1009 2753 1092 2831; x_wconf 92' lang='lat' dir='ltr'><strong>quod</strong></span> <span class='ocrx_word' id='word_1_309' title='bbox 1142 2751 1262 2812; x_wconf 85' lang='lat' dir='ltr'><strong>tionem</strong></span> <span class='ocrx_word' id='word_1_310' title='bbox 1276 2751 1409 2830; x_wconf 82' lang='lat' dir='ltr'><strong>adoptivi</strong></span> <span class='ocrx_word' id='word_1_311' title='bbox 1418 2771 1427 2826; x_wconf 89' lang='lat'>;</span> <span class='ocrx_word' id='word_1_312' title='bbox 1443 2752 1485 2811; x_wconf 89' lang='lat' dir='ltr'><strong>sie</strong></span> <span class='ocrx_word' id='word_1_313' title='bbox 1495 2751 1530 2812; x_wconf 92' lang='lat' dir='ltr'><strong>in</strong></span> <span class='ocrx_word' id='word_1_314' title='bbox 1540 2752 1735 2826; x_wconf 87' lang='lat' dir='ltr'><strong>servo,liberi</strong></span> <span class='ocrx_word' id='word_1_315' title='bbox 1742 2758 1773 2811; x_wconf 92' lang='lat' dir='ltr'><strong>et</strong></span> <span class='ocrx_word' id='word_1_316' title='bbox 1782 2754 1914 2833; x_wconf 88' lang='lat' dir='ltr'><strong>ingenui</strong></span> 
     </span>
     <span class='ocr_line' id='line_1_28' title="bbox 325 2839 1913 2923; baseline 0.001 -20"><span class='ocrx_word' id='word_1_317' title='bbox 325 2842 611 2905; x_wconf 81' lang='lat' dir='ltr'><strong>Franeolordienses</strong></span> <span class='ocrx_word' id='word_1_318' title='bbox 622 2839 767 2902; x_wconf 85' lang='lat' dir='ltr'><strong>Patresde</strong></span> <span class='ocrx_word' id='word_1_319' title='bbox 776 2851 870 2903; x_wconf 83' lang='lat' dir='ltr'><strong>matre</strong></span> <span class='ocrx_word' id='word_1_320' title='bbox 877 2842 1002 2904; x_wconf 77' lang='lat' dir='ltr'><strong>Domini</strong></span> <span class='ocrx_word' id='word_1_321' title='bbox 1010 2846 1094 2923; x_wconf 85' lang='lat' dir='ltr'><strong>lege-</strong></span> <span class='ocrx_word' id='word_1_322' title='bbox 1144 2842 1336 2917; x_wconf 78' lang='lat' dir='ltr'><strong>significavit.</strong></span> <span class='ocrx_word' id='word_1_323' title='bbox 1356 2865 1372 2902; x_wconf 83' lang='grc' dir='ltr'><strong>ιι</strong></span> <span class='ocrx_word' id='word_1_324' title='bbox 1386 2844 1465 2917; x_wconf 86' lang='lat' dir='ltr'><strong>Quid</strong></span> <span class='ocrx_word' id='word_1_325' title='bbox 1479 2849 1523 2904; x_wconf 91' lang='lat' dir='ltr'><strong>est</strong></span> <span class='ocrx_word' id='word_1_326' title='bbox 1539 2843 1635 2919; x_wconf 89' lang='lat' dir='ltr'><strong>uliud,</strong></span> <span class='ocrx_word' id='word_1_327' title='bbox 1650 2842 1782 2923; x_wconf 81' lang='lat' dir='ltr'><strong>inquit⁸,</strong></span> <span class='ocrx_word' id='word_1_328' title='bbox 1798 2846 1913 2920; x_wconf 87' lang='lat' dir='ltr'><strong>dicere,</strong></span> 
     </span>
     <span class='ocr_line' id='line_1_29' title="bbox 324 2933 1916 3016; baseline 0.001 -20"><span class='ocrx_word' id='word_1_329' title='bbox 324 2934 410 2996; x_wconf 81' lang='lat' dir='ltr'><strong>rint:</strong></span> <span class='ocrx_word' id='word_1_330' title='bbox 427 2933 825 3015; x_wconf 86' lang='lat' dir='ltr'><strong>quodnecesseputatillos</strong></span> <span class='ocrx_word' id='word_1_331' title='bbox 840 2934 1094 3016; x_wconf 77' lang='lat' dir='ltr'><strong>z&#39;aaliqcoeodiee</strong></span> <span class='ocrx_word' id='word_1_332' title='bbox 1144 2936 1286 2996; x_wconf 90' lang='lat' dir='ltr'><strong>eamdem</strong></span> <span class='ocrx_word' id='word_1_333' title='bbox 1307 2934 1463 3013; x_wconf 90' lang='lat' dir='ltr'><strong>virginem</strong></span> <span class='ocrx_word' id='word_1_334' title='bbox 1490 2935 1680 3015; x_wconf 88' lang='lat' dir='ltr'><strong>adoptivum,</strong></span> <span class='ocrx_word' id='word_1_335' title='bbox 1711 2936 1760 2995; x_wconf 92' lang='lat' dir='ltr'><strong>vel</strong></span> <span class='ocrx_word' id='word_1_336' title='bbox 1787 2954 1916 2998; x_wconf 87' lang='lat' dir='ltr'><strong>servum</strong></span> 
     </span>
     <span class='ocr_line' id='line_1_30' title="bbox 321 3026 1917 3108; baseline 0 -21"><span class='ocrx_word' id='word_1_337' title='bbox 321 3026 449 3108; x_wconf 79' lang='lat' dir='ltr'><strong>probato</strong></span> <span class='ocrx_word' id='word_1_338' title='bbox 468 3027 628 3106; x_wconf 86' lang='lat' dir='ltr'><strong>reperisse.</strong></span> <span class='ocrx_word' id='word_1_339' title='bbox 647 3026 801 3099; x_wconf 86' lang='lat' dir='ltr'><strong>Quoniam</strong></span> <span class='ocrx_word' id='word_1_340' title='bbox 821 3045 895 3087; x_wconf 85' lang='lat' dir='ltr'><strong>vero</strong></span> <span class='ocrx_word' id='word_1_341' title='bbox 908 3028 942 3086; x_wconf 90' lang='lat' dir='ltr'><strong>in</strong></span> <span class='ocrx_word' id='word_1_342' title='bbox 961 3028 1094 3107; x_wconf 87' lang='lat' dir='ltr'><strong>vulgatis</strong></span> <span class='ocrx_word' id='word_1_343' title='bbox 1145 3027 1298 3103; x_wconf 84' lang='lat' dir='ltr'><strong>genuisse,</strong></span> <span class='ocrx_word' id='word_1_344' title='bbox 1316 3026 1376 3087; x_wconf 91' lang='lat' dir='ltr'><strong>nisi</strong></span> <span class='ocrx_word' id='word_1_345' title='bbox 1390 3045 1515 3105; x_wconf 87' lang='lat' dir='ltr'><strong>negare,</strong></span> <span class='ocrx_word' id='word_1_346' title='bbox 1530 3028 1630 3088; x_wconf 87' lang='lat' dir='ltr'><strong>Deum</strong></span> <span class='ocrx_word' id='word_1_347' title='bbox 1642 3026 1728 3087; x_wconf 92' lang='lat' dir='ltr'><strong>illam</strong></span> <span class='ocrx_word' id='word_1_348' title='bbox 1746 3029 1917 3107; x_wconf 81' lang='lat' dir='ltr'><strong>genuisset</strong></span> 
     </span>
     <span class='ocr_line' id='line_1_31' title="bbox 324 3115 1915 3200; baseline 0.001 -21"><span class='ocrx_word' id='word_1_349' title='bbox 324 3117 413 3179; x_wconf 90' lang='lat' dir='ltr'><strong>libris</strong></span> <span class='ocrx_word' id='word_1_350' title='bbox 425 3117 611 3179; x_wconf 87' lang='lat' dir='ltr'><strong>vocabulum</strong></span> <span class='ocrx_word' id='word_1_351' title='bbox 625 3117 707 3178; x_wconf 88' lang='lat' dir='ltr'><strong>ineat</strong></span> <span class='ocrx_word' id='word_1_352' title='bbox 720 3115 857 3193; x_wconf 80' lang='lat' dir='ltr'><strong>leminis,</strong></span> <span class='ocrx_word' id='word_1_353' title='bbox 866 3118 978 3179; x_wconf 86' lang='lat' dir='ltr'><strong>ideirco</strong></span> <span class='ocrx_word' id='word_1_354' title='bbox 992 3121 1094 3182; x_wconf 89' lang='lat' dir='ltr'><strong>duose</strong></span> <span class='ocrx_word' id='word_1_355' title='bbox 1147 3119 1180 3179; x_wconf 91' lang='lat' dir='ltr'><strong>Si</strong></span> <span class='ocrx_word' id='word_1_356' title='bbox 1194 3121 1279 3179; x_wconf 90' lang='lat' dir='ltr'><strong>Deus</strong></span> <span class='ocrx_word' id='word_1_357' title='bbox 1291 3125 1457 3198; x_wconf 88' lang='lat' dir='ltr'><strong>generatus</strong></span> <span class='ocrx_word' id='word_1_358' title='bbox 1467 3124 1729 3199; x_wconf 88' lang='lat' dir='ltr'><strong>est,nequaquam</strong></span> <span class='ocrx_word' id='word_1_359' title='bbox 1739 3121 1915 3200; x_wconf 90' lang='lat' dir='ltr'><strong>adoptivus,</strong></span> 
     </span>
     <span class='ocr_line' id='line_1_32' title="bbox 326 3208 1915 3291; baseline 0.001 -20"><span class='ocrx_word' id='word_1_360' title='bbox 326 3210 380 3271; x_wconf 90' lang='lat' dir='ltr'><strong>illa</strong></span> <span class='ocrx_word' id='word_1_361' title='bbox 389 3210 583 3289; x_wconf 84' lang='lat' dir='ltr'><strong>conjunxisse</strong></span> <span class='ocrx_word' id='word_1_362' title='bbox 595 3208 723 3268; x_wconf 92' lang='lat' dir='ltr'><strong>nomina</strong></span> <span class='ocrx_word' id='word_1_363' title='bbox 737 3208 911 3287; x_wconf 88' lang='lat' dir='ltr'><strong>profitetur.</strong></span> <span class='ocrx_word' id='word_1_364' title='bbox 936 3210 996 3271; x_wconf 88' lang='lat' dir='ltr'><strong>Sed</strong></span> <span class='ocrx_word' id='word_1_365' title='bbox 1017 3211 1096 3272; x_wconf 84' lang='lat' dir='ltr'><strong>nihil</strong></span> <span class='ocrx_word' id='word_1_366' title='bbox 1147 3211 1201 3273; x_wconf 91' lang='lat' dir='ltr'><strong>sed</strong></span> <span class='ocrx_word' id='word_1_367' title='bbox 1215 3211 1298 3271; x_wconf 89' lang='lat' dir='ltr'><strong>filius</strong></span> <span class='ocrx_word' id='word_1_368' title='bbox 1315 3231 1321 3271; x_wconf 95' lang='lat'><strong>:</strong></span> <span class='ocrx_word' id='word_1_369' title='bbox 1338 3211 1413 3290; x_wconf 91' lang='lat' dir='ltr'><strong>quia</strong></span> <span class='ocrx_word' id='word_1_370' title='bbox 1435 3211 1496 3270; x_wconf 87' lang='lat' dir='ltr'><strong>alia</strong></span> <span class='ocrx_word' id='word_1_371' title='bbox 1508 3228 1639 3288; x_wconf 89' lang='lat' dir='ltr'><strong>persona</strong></span> <span class='ocrx_word' id='word_1_372' title='bbox 1652 3216 1698 3271; x_wconf 90' lang='lat' dir='ltr'><strong>est</strong></span> <span class='ocrx_word' id='word_1_373' title='bbox 1710 3213 1834 3291; x_wconf 88' lang='lat' dir='ltr'><strong>proprii</strong></span> <span class='ocrx_word' id='word_1_374' title='bbox 1848 3212 1915 3285; x_wconf 86' lang='lat' dir='ltr'><strong>lilii,</strong></span> 
     </span>
     <span class='ocr_line' id='line_1_33' title="bbox 326 3300 1989 3382; baseline 0 -17"><span class='ocrx_word' id='word_1_375' title='bbox 326 3302 523 3365; x_wconf 75' lang='lat' dir='ltr'><strong>necassetuit.</strong></span> <span class='ocrx_word' id='word_1_376' title='bbox 535 3302 613 3361; x_wconf 92' lang='lat' dir='ltr'><strong>Nam</strong></span> <span class='ocrx_word' id='word_1_377' title='bbox 621 3300 789 3379; x_wconf 84' lang='lat' dir='ltr'><strong>saepissime</strong></span> <span class='ocrx_word' id='word_1_378' title='bbox 797 3305 984 3362; x_wconf 86' lang='lat' dir='ltr'><strong>veteresnon</strong></span> <span class='ocrx_word' id='word_1_379' title='bbox 994 3302 1096 3364; x_wconf 90' lang='lat' dir='ltr'><strong>solum</strong></span> <span class='ocrx_word' id='word_1_380' title='bbox 1146 3303 1206 3366; x_wconf 88' lang='lat' dir='ltr'><strong>alia</strong></span> <span class='ocrx_word' id='word_1_381' title='bbox 1220 3303 1357 3382; x_wconf 90' lang='lat' dir='ltr'><strong>adoptivi</strong></span> <span class='ocrx_word' id='word_1_382' title='bbox 1373 3302 1439 3375; x_wconf 88' lang='lat' dir='ltr'><strong>filii,</strong></span> <span class='ocrx_word' id='word_1_383' title='bbox 1456 3301 1506 3362; x_wconf 91' lang='lat' dir='ltr'><strong>vel</strong></span> <span class='ocrx_word' id='word_1_384' title='bbox 1529 3302 1621 3369; x_wconf 89' lang='lat' dir='ltr'><strong>servi.</strong></span> <span class='ocrx_word' id='word_1_385' title='bbox 1643 3303 1680 3362; x_wconf 88' lang='lat' dir='ltr'><strong>Et</strong></span> <span class='ocrx_word' id='word_1_386' title='bbox 1690 3304 1805 3363; x_wconf 89' lang='lat' dir='ltr'><strong>scimus</strong></span> <span class='ocrx_word' id='word_1_387' title='bbox 1820 3322 1916 3365; x_wconf 88' lang='lat' dir='ltr'><strong>unam</strong></span> <span class='ocrx_word' id='word_1_388' title='bbox 1988 3312 1989 3343; x_wconf 49' lang='grc' dir='ltr'>ι</span> 
     </span>
     <span class='ocr_line' id='line_1_34' title="bbox 327 3388 1919 3475; baseline 0 -18"><span class='ocrx_word' id='word_1_389' title='bbox 327 3398 361 3457; x_wconf 94' lang='lat' dir='ltr'><strong>in</strong></span> <span class='ocrx_word' id='word_1_390' title='bbox 374 3396 507 3458; x_wconf 91' lang='lat' dir='ltr'><strong>aliorum</strong></span> <span class='ocrx_word' id='word_1_391' title='bbox 522 3395 654 3453; x_wconf 83' lang='lat' dir='ltr'><strong>Petrum</strong></span> <span class='ocrx_word' id='word_1_392' title='bbox 675 3388 805 3453; x_wconf 89' lang='lat' dir='ltr'><strong>citandis</strong></span> <span class='ocrx_word' id='word_1_393' title='bbox 823 3393 1008 3454; x_wconf 85' lang='lat' dir='ltr'><strong>testimoniis</strong></span> <span class='ocrx_word' id='word_1_394' title='bbox 1029 3395 1094 3475; x_wconf 89' lang='lat' dir='ltr'><strong>ple·</strong></span> <span class='ocrx_word' id='word_1_395' title='bbox 1147 3413 1212 3457; x_wconf 90' lang='lat' dir='ltr'><strong>esse</strong></span> <span class='ocrx_word' id='word_1_396' title='bbox 1225 3411 1391 3475; x_wconf 89' lang='lat' dir='ltr'><strong>personam</strong></span> <span class='ocrx_word' id='word_1_397' title='bbox 1405 3394 1439 3454; x_wconf 91' lang='lat' dir='ltr'><strong>in</strong></span> <span class='ocrx_word' id='word_1_398' title='bbox 1456 3393 1578 3454; x_wconf 89' lang='lat' dir='ltr'><strong>Christo</strong></span> <span class='ocrx_word' id='word_1_399' title='bbox 1599 3396 1678 3467; x_wconf 88' lang='lat' dir='ltr'><strong>Deo,</strong></span> <span class='ocrx_word' id='word_1_400' title='bbox 1693 3395 1748 3455; x_wconf 84' lang='lat' dir='ltr'><strong>llei</strong></span> <span class='ocrx_word' id='word_1_401' title='bbox 1770 3400 1802 3456; x_wconf 90' lang='lat' dir='ltr'><strong>et</strong></span> <span class='ocrx_word' id='word_1_402' title='bbox 1818 3396 1919 3457; x_wconf 91' lang='lat' dir='ltr'><strong>homi-</strong></span> 
     </span>
     <span class='ocr_line' id='line_1_35' title="bbox 325 3484 1245 3568; baseline -0.007 -17"><span class='ocrx_word' id='word_1_403' title='bbox 325 3507 422 3568; x_wconf 87' lang='lat' dir='ltr'><strong>raque</strong></span> <span class='ocrx_word' id='word_1_404' title='bbox 436 3489 628 3549; x_wconf 87' lang='lat' dir='ltr'><strong>commutant</strong></span> <span class='ocrx_word' id='word_1_405' title='bbox 645 3504 652 3545; x_wconf 75' lang='grc' dir='ltr'>ι</span> <span class='ocrx_word' id='word_1_406' title='bbox 670 3484 704 3544; x_wconf 92' lang='lat' dir='ltr'><strong>iu</strong></span> <span class='ocrx_word' id='word_1_407' title='bbox 714 3502 840 3545; x_wconf 89' lang='lat' dir='ltr'><strong>sensum</strong></span> <span class='ocrx_word' id='word_1_408' title='bbox 855 3485 958 3562; x_wconf 90' lang='lat' dir='ltr'><strong>potius</strong></span> <span class='ocrx_word' id='word_1_409' title='bbox 971 3485 1094 3565; x_wconf 86' lang='lat' dir='ltr'><strong>intenti,</strong></span> <span class='ocrx_word' id='word_1_410' title='bbox 1147 3489 1206 3549; x_wconf 89' lang='lat' dir='ltr'><strong>nis.</strong></span> <span class='ocrx_word' id='word_1_411' title='bbox 1229 3507 1245 3545; x_wconf 80' lang='lat' dir='ltr'><strong>a</strong></span> 
     </span>
     <span class='ocr_line' id='line_1_36' title="bbox 326 3576 1918 3662; baseline -0.003 -20"><span class='ocrx_word' id='word_1_412' title='bbox 326 3598 421 3662; x_wconf 88' lang='lat' dir='ltr'><strong>quam</strong></span> <span class='ocrx_word' id='word_1_413' title='bbox 450 3579 483 3638; x_wconf 88' lang='lat' dir='ltr'><strong>in</strong></span> <span class='ocrx_word' id='word_1_414' title='bbox 516 3577 667 3638; x_wconf 88' lang='lat' dir='ltr'><strong>vocabula</strong></span> <span class='ocrx_word' id='word_1_415' title='bbox 699 3577 765 3653; x_wconf 89' lang='lat' dir='ltr'><strong>ipsa</strong></span> <span class='ocrx_word' id='word_1_416' title='bbox 782 3594 916 3638; x_wconf 90' lang='lat' dir='ltr'><strong>:verum</strong></span> <span class='ocrx_word' id='word_1_417' title='bbox 941 3578 1035 3638; x_wconf 88' lang='lat' dir='ltr'><strong>etiam</strong></span> <span class='ocrx_word' id='word_1_418' title='bbox 1061 3581 1093 3639; x_wconf 90' lang='lat' dir='ltr'><strong>in</strong></span> <span class='ocrx_word' id='word_1_419' title='bbox 1187 3579 1321 3657; x_wconf 68' lang='lat' dir='ltr'><strong>adjuvat</strong></span> <span class='ocrx_word' id='word_1_420' title='bbox 1333 3584 1472 3637; x_wconf 89' lang='lat' dir='ltr'><strong>nostram</strong></span> <span class='ocrx_word' id='word_1_421' title='bbox 1486 3577 1573 3637; x_wconf 90' lang='lat' dir='ltr'><strong>illam</strong></span> <span class='ocrx_word' id='word_1_422' title='bbox 1585 3576 1624 3637; x_wconf 92' lang='lat' dir='ltr'><strong>de</strong></span> <span class='ocrx_word' id='word_1_423' title='bbox 1641 3577 1755 3657; x_wconf 88' lang='lat' dir='ltr'><strong>duplici</strong></span> <span class='ocrx_word' id='word_1_424' title='bbox 1769 3579 1918 3639; x_wconf 84' lang='lat' dir='ltr'><strong>servitute</strong></span> 
     </span>
     <span class='ocr_line' id='line_1_37' title="bbox 327 3668 1918 3750; baseline -0.001 -18"><span class='ocrx_word' id='word_1_425' title='bbox 327 3672 496 3750; x_wconf 76' lang='lat' dir='ltr'><strong>Scripturas</strong></span> <span class='ocrx_word' id='word_1_426' title='bbox 510 3686 603 3729; x_wconf 80' lang='lat' dir='ltr'><strong>saorra</strong></span> <span class='ocrx_word' id='word_1_427' title='bbox 625 3668 800 3728; x_wconf 86' lang='lat' dir='ltr'><strong>locisidem</strong></span> <span class='ocrx_word' id='word_1_428' title='bbox 821 3669 879 3729; x_wconf 92' lang='lat' dir='ltr'><strong>sibi</strong></span> <span class='ocrx_word' id='word_1_429' title='bbox 898 3671 1093 3748; x_wconf 89' lang='lat' dir='ltr'><strong>permittunt.</strong></span> <span class='ocrx_word' id='word_1_430' title='bbox 1147 3672 1334 3732; x_wconf 87' lang='lat' dir='ltr'><strong>sententiam</strong></span> <span class='ocrx_word' id='word_1_431' title='bbox 1365 3670 1495 3731; x_wconf 81' lang='lat' dir='ltr'><strong>loannis</strong></span> <span class='ocrx_word' id='word_1_432' title='bbox 1523 3670 1703 3730; x_wconf 83' lang='lat' dir='ltr'><strong>Damasceni</strong></span> <span class='ocrx_word' id='word_1_433' title='bbox 1735 3668 1829 3730; x_wconf 86' lang='lat' dir='ltr'><strong>loeus</strong></span> <span class='ocrx_word' id='word_1_434' title='bbox 1856 3670 1918 3747; x_wconf 88' lang='lat' dir='ltr'><strong>ille,</strong></span> 
     </span>
     <span class='ocr_line' id='line_1_38' title="bbox 328 3759 1919 3843; baseline -0.001 -19"><span class='ocrx_word' id='word_1_435' title='bbox 328 3764 421 3841; x_wconf 84' lang='lat' dir='ltr'><strong>Cujus</strong></span> <span class='ocrx_word' id='word_1_436' title='bbox 434 3761 480 3821; x_wconf 88' lang='lat' dir='ltr'><strong>rei</strong></span> <span class='ocrx_word' id='word_1_437' title='bbox 493 3762 671 3831; x_wconf 86' lang='lat' dir='ltr'><strong>innumera,</strong></span> <span class='ocrx_word' id='word_1_438' title='bbox 688 3763 718 3819; x_wconf 92' lang='lat' dir='ltr'><strong>et</strong></span> <span class='ocrx_word' id='word_1_439' title='bbox 727 3759 818 3819; x_wconf 90' lang='lat' dir='ltr'><strong>ohvia</strong></span> <span class='ocrx_word' id='word_1_440' title='bbox 826 3761 938 3839; x_wconf 92' lang='lat' dir='ltr'><strong>passim</strong></span> <span class='ocrx_word' id='word_1_441' title='bbox 953 3762 1096 3842; x_wconf 83' lang='lat' dir='ltr'><strong>exemplu</strong></span> <span class='ocrx_word' id='word_1_442' title='bbox 1148 3781 1242 3843; x_wconf 89' lang='lat' dir='ltr'><strong>quern</strong></span> <span class='ocrx_word' id='word_1_443' title='bbox 1271 3761 1413 3842; x_wconf 90' lang='lat' dir='ltr'><strong>superius</strong></span> <span class='ocrx_word' id='word_1_444' title='bbox 1437 3759 1656 3838; x_wconf 83' lang='lat' dir='ltr'><strong>adduximus⁸,</strong></span> <span class='ocrx_word' id='word_1_445' title='bbox 1673 3761 1706 3821; x_wconf 93' lang='lat' dir='ltr'><strong>in</strong></span> <span class='ocrx_word' id='word_1_446' title='bbox 1725 3778 1789 3839; x_wconf 91' lang='lat' dir='ltr'><strong>quo</strong></span> <span class='ocrx_word' id='word_1_447' title='bbox 1808 3765 1919 3823; x_wconf 85' lang='lat' dir='ltr'><strong>asserit</strong></span> 
     </span>
     <span class='ocr_line' id='line_1_39' title="bbox 328 3850 1919 3933; baseline 0 -18"><span class='ocrx_word' id='word_1_448' title='bbox 328 3857 508 3933; x_wconf 86' lang='lat' dir='ltr'><strong>suppetunt.</strong></span> <span class='ocrx_word' id='word_1_449' title='bbox 544 3850 718 3924; x_wconf 82' lang='lat' dir='ltr'><strong>Quinetiam</strong></span> <span class='ocrx_word' id='word_1_450' title='bbox 753 3852 895 3913; x_wconf 86' lang='lat' dir='ltr'><strong>canonici</strong></span> <span class='ocrx_word' id='word_1_451' title='bbox 935 3854 1096 3932; x_wconf 77' lang='lat' dir='ltr'><strong>scriptores</strong></span> <span class='ocrx_word' id='word_1_452' title='bbox 1148 3860 1293 3916; x_wconf 89' lang='lat' dir='ltr'><strong>naturam</strong></span> <span class='ocrx_word' id='word_1_453' title='bbox 1312 3854 1449 3914; x_wconf 90' lang='lat' dir='ltr'><strong>hominis</strong></span> <span class='ocrx_word' id='word_1_454' title='bbox 1472 3852 1506 3912; x_wconf 88' lang='lat' dir='ltr'><strong>in</strong></span> <span class='ocrx_word' id='word_1_455' title='bbox 1531 3853 1664 3928; x_wconf 86' lang='lat' dir='ltr'><strong>Christo,</strong></span> <span class='ocrx_word' id='word_1_456' title='bbox 1688 3853 1715 3913; x_wconf 91' lang='lat' dir='ltr'><strong>si</strong></span> <span class='ocrx_word' id='word_1_457' title='bbox 1740 3852 1877 3929; x_wconf 88' lang='lat' dir='ltr'><strong>ratione,</strong></span> <span class='ocrx_word' id='word_1_458' title='bbox 1890 3861 1919 3915; x_wconf 89' lang='lat' dir='ltr'><strong>et</strong></span> 
     </span>
     <span class='ocr_line' id='line_1_40' title="bbox 329 3941 1919 4025; baseline 0 -19"><span class='ocrx_word' id='word_1_459' title='bbox 329 3946 468 4022; x_wconf 90' lang='lat' dir='ltr'><strong>idipsum</strong></span> <span class='ocrx_word' id='word_1_460' title='bbox 476 3943 582 4003; x_wconf 86' lang='lat' dir='ltr'><strong>fecisse</strong></span> <span class='ocrx_word' id='word_1_461' title='bbox 595 3941 743 4003; x_wconf 86' lang='lat' dir='ltr'><strong>dicuntur</strong></span> <span class='ocrx_word' id='word_1_462' title='bbox 752 3950 877 4004; x_wconf 87' lang='lat' dir='ltr'><strong>auctore</strong></span> <span class='ocrx_word' id='word_1_463' title='bbox 888 3944 1095 4025; x_wconf 73' lang='lat' dir='ltr'><strong>hieronymo:</strong></span> <span class='ocrx_word' id='word_1_464' title='bbox 1147 3946 1351 4025; x_wconf 87' lang='lat' dir='ltr'><strong>intelligentia</strong></span> <span class='ocrx_word' id='word_1_465' title='bbox 1377 3945 1573 4023; x_wconf 88' lang='lat' dir='ltr'><strong>disjungatur</strong></span> <span class='ocrx_word' id='word_1_466' title='bbox 1599 3962 1618 4003; x_wconf 91' lang='lat' dir='ltr'><strong>a</strong></span> <span class='ocrx_word' id='word_1_467' title='bbox 1644 3944 1763 4019; x_wconf 84' lang='lat' dir='ltr'><strong>Verbo,</strong></span> <span class='ocrx_word' id='word_1_468' title='bbox 1788 3945 1919 4025; x_wconf 86' lang='lat' dir='ltr'><strong>ejusque</strong></span> 
     </span>
     <span class='ocr_line' id='line_1_41' title="bbox 330 4032 1919 4119; baseline 0 -21"><span class='ocrx_word' id='word_1_469' title='bbox 330 4038 385 4119; x_wconf 90' lang='lat' dir='ltr'><strong>qui</strong></span> <span class='ocrx_word' id='word_1_470' title='bbox 399 4038 441 4097; x_wconf 86' lang='lat' dir='ltr'><strong>sic</strong></span> <span class='ocrx_word' id='word_1_471' title='bbox 455 4032 579 4096; x_wconf 78' lang='lat' dir='ltr'><strong>scribit³</strong></span> <span class='ocrx_word' id='word_1_472' title='bbox 598 4054 605 4094; x_wconf 90' lang='lat'>:</span> <span class='ocrx_word' id='word_1_473' title='bbox 624 4035 688 4095; x_wconf 82' lang='lat' dir='ltr'><strong>clu</strong></span> <span class='ocrx_word' id='word_1_474' title='bbox 702 4034 807 4095; x_wconf 88' lang='lat' dir='ltr'><strong>multis</strong></span> <span class='ocrx_word' id='word_1_475' title='bbox 821 4036 1014 4110; x_wconf 87' lang='lat' dir='ltr'><strong>testimoniis,</strong></span> <span class='ocrx_word' id='word_1_476' title='bbox 1027 4055 1098 4115; x_wconf 82' lang='lat' dir='ltr'><strong>quas</strong></span> <span class='ocrx_word' id='word_1_477' title='bbox 1147 4056 1279 4119; x_wconf 86' lang='lat' dir='ltr'><strong>persona</strong></span> <span class='ocrx_word' id='word_1_478' title='bbox 1298 4036 1420 4111; x_wconf 87' lang='lat' dir='ltr'><strong>divina,</strong></span> <span class='ocrx_word' id='word_1_479' title='bbox 1437 4052 1558 4095; x_wconf 89' lang='lat' dir='ltr'><strong>servam</strong></span> <span class='ocrx_word' id='word_1_480' title='bbox 1576 4039 1607 4096; x_wconf 87' lang='lat' dir='ltr'><strong>et</strong></span> <span class='ocrx_word' id='word_1_481' title='bbox 1619 4035 1818 4114; x_wconf 88' lang='lat' dir='ltr'><strong>ignorantem</strong></span> <span class='ocrx_word' id='word_1_482' title='bbox 1838 4055 1919 4113; x_wconf 79' lang='lat' dir='ltr'><strong>esse3</strong></span> 
     </span>
     <span class='ocr_line' id='line_1_42' title="bbox 330 4126 1916 4208; baseline -0.001 -17"><span class='ocrx_word' id='word_1_483' title='bbox 330 4128 548 4208; x_wconf 77' lang='lat' dir='ltr'><strong>Evangelistae,</strong></span> <span class='ocrx_word' id='word_1_484' title='bbox 563 4126 613 4187; x_wconf 91' lang='lat' dir='ltr'><strong>vel</strong></span> <span class='ocrx_word' id='word_1_485' title='bbox 626 4126 765 4205; x_wconf 83' lang='lat' dir='ltr'><strong>Apostoli</strong></span> <span class='ocrx_word' id='word_1_486' title='bbox 787 4127 826 4187; x_wconf 89' lang='lat' dir='ltr'><strong>de</strong></span> <span class='ocrx_word' id='word_1_487' title='bbox 845 4126 931 4187; x_wconf 87' lang='lat' dir='ltr'><strong>libris</strong></span> <span class='ocrx_word' id='word_1_488' title='bbox 944 4128 1100 4189; x_wconf 80' lang='lat' dir='ltr'><strong>veteribus</strong></span> <span class='ocrx_word' id='word_1_489' title='bbox 1148 4131 1196 4189; x_wconf 90' lang='lat' dir='ltr'><strong>sin</strong></span> <span class='ocrx_word' id='word_1_490' title='bbox 1207 4135 1243 4190; x_wconf 92' lang='lat' dir='ltr'><strong>ut</strong></span> <span class='ocrx_word' id='word_1_491' title='bbox 1256 4134 1302 4189; x_wconf 89' lang='lat' dir='ltr'><strong>est</strong></span> <span class='ocrx_word' id='word_1_492' title='bbox 1314 4128 1407 4188; x_wconf 87' lang='lat' dir='ltr'><strong>modo</strong></span> <span class='ocrx_word' id='word_1_493' title='bbox 1419 4143 1491 4188; x_wconf 87' lang='lat' dir='ltr'><strong>eum</strong></span> <span class='ocrx_word' id='word_1_494' title='bbox 1505 4126 1558 4186; x_wconf 94' lang='lat' dir='ltr'><strong>illo</strong></span> <span class='ocrx_word' id='word_1_495' title='bbox 1568 4127 1676 4206; x_wconf 84' lang='lat' dir='ltr'><strong>juncta</strong></span> <span class='ocrx_word' id='word_1_496' title='bbox 1690 4127 1916 4203; x_wconf 84' lang='lat' dir='ltr'><strong>consideretur,</strong></span> 
     </span>
     <span class='ocr_line' id='line_1_43' title="bbox 331 4218 1920 4300; baseline -0.002 -16"><span class='ocrx_word' id='word_1_497' title='bbox 331 4218 727 4300; x_wconf 86' lang='lat' dir='ltr'><strong>assumpserunt,ouriosius</strong></span> <span class='ocrx_word' id='word_1_498' title='bbox 735 4219 960 4279; x_wconf 88' lang='lat' dir='ltr'><strong>attendendum</strong></span> <span class='ocrx_word' id='word_1_499' title='bbox 971 4225 1027 4296; x_wconf 91' lang='lat' dir='ltr'><strong>est,</strong></span> <span class='ocrx_word' id='word_1_500' title='bbox 1035 4238 1099 4280; x_wconf 87' lang='lat' dir='ltr'><strong>non</strong></span> <span class='ocrx_word' id='word_1_501' title='bbox 1148 4221 1208 4282; x_wconf 89' lang='lat' dir='ltr'><strong>hoc</strong></span> <span class='ocrx_word' id='word_1_502' title='bbox 1230 4230 1276 4281; x_wconf 86' lang='lat' dir='ltr'><strong>est</strong></span> <span class='ocrx_word' id='word_1_503' title='bbox 1295 4220 1416 4280; x_wconf 89' lang='lat' dir='ltr'><strong>ratione</strong></span> <span class='ocrx_word' id='word_1_504' title='bbox 1437 4236 1590 4298; x_wconf 79' lang='lat' dir='ltr'><strong>personae,</strong></span> <span class='ocrx_word' id='word_1_505' title='bbox 1605 4236 1671 4278; x_wconf 91' lang='lat' dir='ltr'><strong>non</strong></span> <span class='ocrx_word' id='word_1_506' title='bbox 1696 4235 1761 4280; x_wconf 89' lang='lat' dir='ltr'><strong>esse</strong></span> <span class='ocrx_word' id='word_1_507' title='bbox 1784 4236 1920 4281; x_wconf 87' lang='lat' dir='ltr'><strong>servam.</strong></span> 
     </span>
     <span class='ocr_line' id='line_1_44' title="bbox 332 4310 1922 4391; baseline -0.003 -14"><span class='ocrx_word' id='word_1_508' title='bbox 332 4333 395 4388; x_wconf 86' lang='lat' dir='ltr'><strong>eos,</strong></span> <span class='ocrx_word' id='word_1_509' title='bbox 410 4312 578 4374; x_wconf 89' lang='lat' dir='ltr'><strong>verborum</strong></span> <span class='ocrx_word' id='word_1_510' title='bbox 592 4310 733 4371; x_wconf 87' lang='lat' dir='ltr'><strong>ordinem</strong></span> <span class='ocrx_word' id='word_1_511' title='bbox 742 4316 862 4371; x_wconf 86' lang='lat' dir='ltr'><strong>secutos</strong></span> <span class='ocrx_word' id='word_1_512' title='bbox 873 4328 950 4383; x_wconf 90' lang='lat' dir='ltr'><strong>esse,</strong></span> <span class='ocrx_word' id='word_1_513' title='bbox 967 4313 1021 4372; x_wconf 88' lang='lat' dir='ltr'><strong>sed</strong></span> <span class='ocrx_word' id='word_1_514' title='bbox 1029 4330 1099 4372; x_wconf 91' lang='lat' dir='ltr'><strong>sen·</strong></span> <span class='ocrx_word' id='word_1_515' title='bbox 1150 4312 1237 4386; x_wconf 80' lang='lat' dir='ltr'><strong>Quod</strong></span> <span class='ocrx_word' id='word_1_516' title='bbox 1264 4311 1318 4391; x_wconf 89' lang='lat' dir='ltr'><strong>qui</strong></span> <span class='ocrx_word' id='word_1_517' title='bbox 1345 4310 1429 4384; x_wconf 88' lang='lat' dir='ltr'><strong>dicit,</strong></span> <span class='ocrx_word' id='word_1_518' title='bbox 1459 4310 1609 4371; x_wconf 89' lang='lat' dir='ltr'><strong>nimirum</strong></span> <span class='ocrx_word' id='word_1_519' title='bbox 1634 4311 1754 4370; x_wconf 88' lang='lat' dir='ltr'><strong>ratione</strong></span> <span class='ocrx_word' id='word_1_520' title='bbox 1777 4313 1922 4372; x_wconf 77' lang='lat' dir='ltr'><strong>essentiae</strong></span> 
     </span>
     <span class='ocr_line' id='line_1_45' title="bbox 332 4398 1924 4481; baseline -0.003 -12"><span class='ocrx_word' id='word_1_521' title='bbox 332 4424 445 4469; x_wconf 78' lang='lat' dir='ltr'><strong>sarm.»</strong></span> <span class='ocrx_word' id='word_1_522' title='bbox 470 4405 513 4465; x_wconf 82' lang='lat' dir='ltr'><strong>Ae</strong></span> <span class='ocrx_word' id='word_1_523' title='bbox 531 4402 600 4463; x_wconf 89' lang='lat' dir='ltr'><strong>fieri</strong></span> <span class='ocrx_word' id='word_1_524' title='bbox 626 4406 737 4481; x_wconf 89' lang='lat' dir='ltr'><strong>potest,</strong></span> <span class='ocrx_word' id='word_1_525' title='bbox 759 4408 795 4462; x_wconf 88' lang='lat' dir='ltr'><strong>ut</strong></span> <span class='ocrx_word' id='word_1_526' title='bbox 821 4419 878 4481; x_wconf 92' lang='lat' dir='ltr'><strong>per</strong></span> <span class='ocrx_word' id='word_1_527' title='bbox 905 4402 1102 4464; x_wconf 87' lang='lat' dir='ltr'><strong>librariorum</strong></span> <span class='ocrx_word' id='word_1_528' title='bbox 1150 4421 1274 4465; x_wconf 77' lang='lat' dir='ltr'><strong>servum</strong></span> <span class='ocrx_word' id='word_1_529' title='bbox 1289 4420 1352 4463; x_wconf 86' lang='lat' dir='ltr'><strong>esse</strong></span> <span class='ocrx_word' id='word_1_530' title='bbox 1367 4401 1523 4462; x_wconf 82' lang='lat' dir='ltr'><strong>Christum</strong></span> <span class='ocrx_word' id='word_1_531' title='bbox 1537 4419 1601 4461; x_wconf 88' lang='lat' dir='ltr'><strong>non</strong></span> <span class='ocrx_word' id='word_1_532' title='bbox 1613 4398 1744 4462; x_wconf 86' lang='lat' dir='ltr'><strong>dubitat.</strong></span> <span class='ocrx_word' id='word_1_533' title='bbox 1757 4401 1924 4481; x_wconf 85' lang='lat' dir='ltr'><strong>Siquidem</strong></span> 
     </span>
     <span class='ocr_line' id='line_1_46' title="bbox 334 4492 1922 4574; baseline -0.004 -13"><span class='ocrx_word' id='word_1_534' title='bbox 334 4514 471 4562; x_wconf 89' lang='lat' dir='ltr'><strong>errorem</strong></span> <span class='ocrx_word' id='word_1_535' title='bbox 486 4494 606 4558; x_wconf 75' lang='lat' dir='ltr'><strong>lloou&#39;m⁸</strong></span> <span class='ocrx_word' id='word_1_536' title='bbox 617 4512 752 4572; x_wconf 85' lang='lat' dir='ltr'><strong>vox,pro</strong></span> <span class='ocrx_word' id='word_1_537' title='bbox 764 4492 890 4555; x_wconf 68' lang='lat' dir='ltr'><strong>lammis</strong></span> <span class='ocrx_word' id='word_1_538' title='bbox 900 4495 1056 4574; x_wconf 88' lang='lat' dir='ltr'><strong>irrepserit</strong></span> <span class='ocrx_word' id='word_1_539' title='bbox 1068 4497 1102 4556; x_wconf 90' lang='lat' dir='ltr'><strong>iu</strong></span> <span class='ocrx_word' id='word_1_540' title='bbox 1150 4495 1283 4557; x_wconf 89' lang='lat' dir='ltr'><strong>essentia</strong></span> <span class='ocrx_word' id='word_1_541' title='bbox 1297 4501 1344 4555; x_wconf 92' lang='lat' dir='ltr'><strong>est</strong></span> <span class='ocrx_word' id='word_1_542' title='bbox 1359 4493 1399 4566; x_wconf 91' lang='lat' dir='ltr'><strong>id,</strong></span> <span class='ocrx_word' id='word_1_543' title='bbox 1421 4492 1564 4572; x_wconf 85' lang='lat' dir='ltr'><strong>quodrei</strong></span> <span class='ocrx_word' id='word_1_544' title='bbox 1581 4492 1669 4555; x_wconf 87' lang='lat' dir='ltr'><strong>abre</strong></span> <span class='ocrx_word' id='word_1_545' title='bbox 1691 4493 1830 4571; x_wconf 87' lang='lat' dir='ltr'><strong>qualibet</strong></span> <span class='ocrx_word' id='word_1_546' title='bbox 1849 4495 1922 4569; x_wconf 86' lang='lat' dir='ltr'><strong>alia,</strong></span> 
     </span>
     <span class='ocr_line' id='line_1_47' title="bbox 334 4583 1925 4667; baseline -0.004 -13"><span class='ocrx_word' id='word_1_547' title='bbox 334 4586 844 4664; x_wconf 84' lang='lat' dir='ltr'><strong>Franeoiordiensemsyuodiesm.</strong></span> <span class='ocrx_word' id='word_1_548' title='bbox 857 4588 950 4648; x_wconf 88' lang='lat' dir='ltr'><strong>Porro</strong></span> <span class='ocrx_word' id='word_1_549' title='bbox 964 4587 990 4647; x_wconf 90' lang='lat' dir='ltr'><strong>si</strong></span> <span class='ocrx_word' id='word_1_550' title='bbox 1003 4587 1104 4649; x_wconf 82' lang='lat' dir='ltr'><strong>eondi—</strong></span> <span class='ocrx_word' id='word_1_551' title='bbox 1151 4606 1222 4667; x_wconf 74' lang='lat' dir='ltr'><strong>quaa</strong></span> <span class='ocrx_word' id='word_1_552' title='bbox 1247 4605 1312 4647; x_wconf 90' lang='lat' dir='ltr'><strong>non</strong></span> <span class='ocrx_word' id='word_1_553' title='bbox 1339 4590 1385 4645; x_wconf 91' lang='lat' dir='ltr'><strong>est</strong></span> <span class='ocrx_word' id='word_1_554' title='bbox 1402 4583 1478 4663; x_wconf 83' lang='lat' dir='ltr'><strong>ipsa.</strong></span> <span class='ocrx_word' id='word_1_555' title='bbox 1502 4584 1638 4663; x_wconf 79' lang='lat' dir='ltr'><strong>praerisae</strong></span> <span class='ocrx_word' id='word_1_556' title='bbox 1664 4587 1817 4647; x_wconf 85' lang='lat' dir='ltr'><strong>convenit.</strong></span> <span class='ocrx_word' id='word_1_557' title='bbox 1841 4587 1925 4647; x_wconf 88' lang='lat' dir='ltr'><strong>Tum</strong></span> 
     </span>
     <span class='ocr_line' id='line_1_48' title="bbox 337 4676 1924 4759; baseline -0.004 -15"><span class='ocrx_word' id='word_1_558' title='bbox 337 4686 441 4744; x_wconf 69' lang='lat' dir='ltr'><strong>turrem</strong></span> <span class='ocrx_word' id='word_1_559' title='bbox 460 4679 594 4742; x_wconf 81' lang='lat' dir='ltr'><strong>sarcilem</strong></span> <span class='ocrx_word' id='word_1_560' title='bbox 616 4678 734 4740; x_wconf 88' lang='lat' dir='ltr'><strong>ibidem</strong></span> <span class='ocrx_word' id='word_1_561' title='bbox 760 4678 856 4758; x_wconf 90' lang='lat' dir='ltr'><strong>legas,</strong></span> <span class='ocrx_word' id='word_1_562' title='bbox 877 4678 977 4738; x_wconf 88' lang='lat' dir='ltr'><strong>multo</strong></span> <span class='ocrx_word' id='word_1_563' title='bbox 1001 4679 1103 4758; x_wconf 89' lang='lat' dir='ltr'><strong>aptior</strong></span> <span class='ocrx_word' id='word_1_564' title='bbox 1152 4680 1236 4759; x_wconf 85' lang='lat' dir='ltr'><strong>quod</strong></span> <span class='ocrx_word' id='word_1_565' title='bbox 1262 4677 1375 4756; x_wconf 85' lang='lat' dir='ltr'><strong>adjicit,</strong></span> <span class='ocrx_word' id='word_1_566' title='bbox 1406 4676 1586 4736; x_wconf 86' lang='lat' dir='ltr'><strong>servitutem</strong></span> <span class='ocrx_word' id='word_1_567' title='bbox 1611 4676 1802 4754; x_wconf 85' lang='lat' dir='ltr'><strong>hujusmodi,</strong></span> <span class='ocrx_word' id='word_1_568' title='bbox 1826 4697 1924 4757; x_wconf 85' lang='lat' dir='ltr'><strong>qrram</strong></span> 
     </span>
     <span class='ocr_line' id='line_1_49' title="bbox 337 4767 1943 4850; baseline -0.006 -13"><span class='ocrx_word' id='word_1_569' title='bbox 337 4776 396 4837; x_wconf 91' lang='lat' dir='ltr'><strong>erit</strong></span> <span class='ocrx_word' id='word_1_570' title='bbox 408 4773 612 4846; x_wconf 65' lang='lat' dir='ltr'><strong>sententiavit</strong></span> <span class='ocrx_word' id='word_1_571' title='bbox 619 4771 657 4831; x_wconf 91' lang='lat' dir='ltr'><strong>de</strong></span> <span class='ocrx_word' id='word_1_572' title='bbox 671 4771 790 4850; x_wconf 86' lang='lat' dir='ltr'><strong>peceati</strong></span> <span class='ocrx_word' id='word_1_573' title='bbox 801 4770 947 4831; x_wconf 86' lang='lat' dir='ltr'><strong>servitute</strong></span> <span class='ocrx_word' id='word_1_574' title='bbox 959 4771 1105 4849; x_wconf 89' lang='lat' dir='ltr'><strong>loquatur</strong></span> <span class='ocrx_word' id='word_1_575' title='bbox 1154 4771 1289 4845; x_wconf 86' lang='lat' dir='ltr'><strong>Christo,</strong></span> <span class='ocrx_word' id='word_1_576' title='bbox 1311 4770 1437 4847; x_wconf 86' lang='lat' dir='ltr'><strong>ejusque</strong></span> <span class='ocrx_word' id='word_1_577' title='bbox 1463 4772 1583 4828; x_wconf 78' lang='lat' dir='ltr'><strong>naturae</strong></span> <span class='ocrx_word' id='word_1_578' title='bbox 1603 4767 1750 4829; x_wconf 81' lang='lat' dir='ltr'><strong>humanae</strong></span> <span class='ocrx_word' id='word_1_579' title='bbox 1776 4769 1943 4844; x_wconf 68' lang='lat' dir='ltr'><strong>detrahit„</strong></span> 
     </span>
     <span class='ocr_line' id='line_1_50' title="bbox 337 4860 1923 4943; baseline -0.006 -13"><span class='ocrx_word' id='word_1_580' title='bbox 337 4870 413 4939; x_wconf 91' lang='lat' dir='ltr'><strong>Leo,</strong></span> <span class='ocrx_word' id='word_1_581' title='bbox 429 4866 490 4926; x_wconf 89' lang='lat' dir='ltr'><strong>sive</strong></span> <span class='ocrx_word' id='word_1_582' title='bbox 503 4864 542 4923; x_wconf 92' lang='lat' dir='ltr'><strong>de</strong></span> <span class='ocrx_word' id='word_1_583' title='bbox 550 4862 722 4943; x_wconf 81' lang='lat' dir='ltr'><strong>eulpa,sine</strong></span> <span class='ocrx_word' id='word_1_584' title='bbox 731 4881 794 4941; x_wconf 88' lang='lat' dir='ltr'><strong>qua</strong></span> <span class='ocrx_word' id='word_1_585' title='bbox 802 4863 897 4923; x_wconf 92' lang='lat' dir='ltr'><strong>solam</strong></span> <span class='ocrx_word' id='word_1_586' title='bbox 913 4869 1105 4942; x_wconf 88' lang='lat' dir='ltr'><strong>assumptam</strong></span> <span class='ocrx_word' id='word_1_587' title='bbox 1154 4881 1218 4924; x_wconf 92' lang='lat' dir='ltr'><strong>non</strong></span> <span class='ocrx_word' id='word_1_588' title='bbox 1232 4863 1407 4932; x_wconf 85' lang='lat' dir='ltr'><strong>essentiam,</strong></span> <span class='ocrx_word' id='word_1_589' title='bbox 1422 4860 1475 4920; x_wconf 90' lang='lat' dir='ltr'><strong>sed</strong></span> <span class='ocrx_word' id='word_1_590' title='bbox 1491 4876 1654 4937; x_wconf 87' lang='lat' dir='ltr'><strong>personam</strong></span> <span class='ocrx_word' id='word_1_591' title='bbox 1665 4861 1814 4939; x_wconf 85' lang='lat' dir='ltr'><strong>consequi</strong></span> <span class='ocrx_word' id='word_1_592' title='bbox 1830 4879 1923 4941; x_wconf 86' lang='lat' dir='ltr'><strong>:pro-</strong></span> 
     </span>
     <span class='ocr_line' id='line_1_51' title="bbox 338 4950 1925 5034; baseline -0.007 -12"><span class='ocrx_word' id='word_1_593' title='bbox 338 4978 404 5021; x_wconf 88' lang='lat' dir='ltr'><strong>esse</strong></span> <span class='ocrx_word' id='word_1_594' title='bbox 430 4963 575 5018; x_wconf 87' lang='lat' dir='ltr'><strong>naturam</strong></span> <span class='ocrx_word' id='word_1_595' title='bbox 598 4955 739 5034; x_wconf 84' lang='lat' dir='ltr'><strong>proxime</strong></span> <span class='ocrx_word' id='word_1_596' title='bbox 758 4960 830 5016; x_wconf 87' lang='lat' dir='ltr'><strong>ante</strong></span> <span class='ocrx_word' id='word_1_597' title='bbox 854 4955 943 5015; x_wconf 86' lang='lat' dir='ltr'><strong>dixit.</strong></span> <span class='ocrx_word' id='word_1_598' title='bbox 967 4956 1105 5028; x_wconf 85' lang='lat' dir='ltr'><strong>Quocum</strong></span> <span class='ocrx_word' id='word_1_599' title='bbox 1154 4955 1232 5016; x_wconf 82' lang='lat' dir='ltr'><strong>fecto</strong></span> <span class='ocrx_word' id='word_1_600' title='bbox 1246 4955 1425 5014; x_wconf 86' lang='lat' dir='ltr'><strong>servitutem</strong></span> <span class='ocrx_word' id='word_1_601' title='bbox 1440 4951 1525 5011; x_wconf 89' lang='lat' dir='ltr'><strong>illam</strong></span> <span class='ocrx_word' id='word_1_602' title='bbox 1538 4950 1701 5029; x_wconf 80' lang='lat' dir='ltr'><strong>posteriori</strong></span> <span class='ocrx_word' id='word_1_603' title='bbox 1714 4951 1925 5032; x_wconf 88' lang='lat' dir='ltr'><strong>modosurnp-</strong></span> 
     </span>
     <span class='ocr_line' id='line_1_52' title="bbox 338 5042 1927 5125; baseline -0.007 -12"><span class='ocrx_word' id='word_1_604' title='bbox 338 5045 568 5113; x_wconf 88' lang='lat' dir='ltr'><strong>convenitillud</strong></span> <span class='ocrx_word' id='word_1_605' title='bbox 581 5045 789 5107; x_wconf 86' lang='lat' dir='ltr'><strong>Eusebiifalso</strong></span> <span class='ocrx_word' id='word_1_606' title='bbox 803 5046 1014 5125; x_wconf 90' lang='lat' dir='ltr'><strong>cognominati</strong></span> <span class='ocrx_word' id='word_1_607' title='bbox 1024 5047 1108 5107; x_wconf 72' lang='lat' dir='ltr'><strong>limi-</strong></span> <span class='ocrx_word' id='word_1_608' title='bbox 1154 5051 1220 5106; x_wconf 89' lang='lat' dir='ltr'><strong>tam</strong></span> <span class='ocrx_word' id='word_1_609' title='bbox 1238 5045 1365 5119; x_wconf 87' lang='lat' dir='ltr'><strong>indicat,</strong></span> <span class='ocrx_word' id='word_1_610' title='bbox 1391 5060 1462 5122; x_wconf 90' lang='lat' dir='ltr'><strong>quae</strong></span> <span class='ocrx_word' id='word_1_611' title='bbox 1485 5047 1604 5102; x_wconf 81' lang='lat' dir='ltr'><strong>naturae</strong></span> <span class='ocrx_word' id='word_1_612' title='bbox 1627 5047 1674 5102; x_wconf 89' lang='lat' dir='ltr'><strong>est</strong></span> <span class='ocrx_word' id='word_1_613' title='bbox 1694 5042 1876 5118; x_wconf 89' lang='lat' dir='ltr'><strong>adventitia,</strong></span> <span class='ocrx_word' id='word_1_614' title='bbox 1896 5048 1927 5103; x_wconf 90' lang='lat' dir='ltr'><strong>et</strong></span> 
     </span>
     <span class='ocr_line' id='line_1_53' title="bbox 339 5133 1928 5214; baseline -0.007 -10"><span class='ocrx_word' id='word_1_615' title='bbox 339 5143 405 5205; x_wconf 90' lang='lat' dir='ltr'><strong>seni</strong></span> <span class='ocrx_word' id='word_1_616' title='bbox 424 5142 458 5202; x_wconf 90' lang='lat' dir='ltr'><strong>in</strong></span> <span class='ocrx_word' id='word_1_617' title='bbox 473 5136 603 5200; x_wconf 90' lang='lat' dir='ltr'><strong>homilia</strong></span> <span class='ocrx_word' id='word_1_618' title='bbox 616 5142 701 5199; x_wconf 82' lang='lat' dir='ltr'><strong>sexta</strong></span> <span class='ocrx_word' id='word_1_619' title='bbox 711 5135 747 5198; x_wconf 83' lang='lat' dir='ltr'><strong>de</strong></span> <span class='ocrx_word' id='word_1_620' title='bbox 759 5136 902 5198; x_wconf 78' lang='lat' dir='ltr'><strong>Praelata</strong></span> <span class='ocrx_word' id='word_1_621' title='bbox 919 5157 926 5198; x_wconf 86' lang='lat'>:</span> <span class='ocrx_word' id='word_1_622' title='bbox 949 5160 964 5196; x_wconf 86' lang='grc' dir='ltr'><strong>ιι</strong></span> <span class='ocrx_word' id='word_1_623' title='bbox 979 5136 1110 5199; x_wconf 72' lang='lat' dir='ltr'><strong>Nullum·</strong></span> <span class='ocrx_word' id='word_1_624' title='bbox 1155 5137 1301 5213; x_wconf 87' lang='lat' dir='ltr'><strong>libertati,</strong></span> <span class='ocrx_word' id='word_1_625' title='bbox 1317 5133 1565 5214; x_wconf 85' lang='lat' dir='ltr'><strong>ingenuitatique</strong></span> <span class='ocrx_word' id='word_1_626' title='bbox 1582 5139 1746 5213; x_wconf 86' lang='lat' dir='ltr'><strong>repugnat.</strong></span> <span class='ocrx_word' id='word_1_627' title='bbox 1763 5134 1846 5195; x_wconf 89' lang='lat' dir='ltr'><strong>Nihil</strong></span> <span class='ocrx_word' id='word_1_628' title='bbox 1860 5140 1928 5195; x_wconf 88' lang='lat' dir='ltr'><strong>erat</strong></span> 
     </span>
    </p>
   </div>
   <div class='ocr_carea' id='block_1_3' title="bbox 342 5367 1927 5491">
    <p class='ocr_par' dir='ltr' id='par_1_3' title="bbox 342 5367 1927 5491">
     <span class='ocr_line' id='line_1_54' title="bbox 369 5367 1927 5427; baseline -0.004 -5"><span class='ocrx_word' id='word_1_629' title='bbox 369 5379 379 5422; x_wconf 92' lang='lat' dir='ltr'><strong>t</strong></span> <span class='ocrx_word' id='word_1_630' title='bbox 393 5378 435 5421; x_wconf 80' lang='lat' dir='ltr'><strong>tao</strong></span> <span class='ocrx_word' id='word_1_631' title='bbox 448 5377 516 5421; x_wconf 81' lang='lat' dir='ltr'><strong>Seru.</strong></span> <span class='ocrx_word' id='word_1_632' title='bbox 527 5382 543 5417; x_wconf 94' lang='grc' dir='ltr'><strong>ιι</strong></span> <span class='ocrx_word' id='word_1_633' title='bbox 552 5372 579 5417; x_wconf 81' lang='lat' dir='ltr'><strong>de</strong></span> <span class='ocrx_word' id='word_1_634' title='bbox 604 5369 674 5417; x_wconf 76' lang='lat' dir='ltr'><strong>Natta</strong></span> <span class='ocrx_word' id='word_1_635' title='bbox 687 5380 707 5416; x_wconf 83' lang='lat' dir='ltr'><strong>a.</strong></span> <span class='ocrx_word' id='word_1_636' title='bbox 720 5382 754 5415; x_wconf 87' lang='grc' dir='ltr'>ιιι.</span> <span class='ocrx_word' id='word_1_637' title='bbox 768 5371 820 5415; x_wconf 73' lang='lat'><strong>-2</strong></span> <span class='ocrx_word' id='word_1_638' title='bbox 832 5371 883 5415; x_wconf 79' lang='lat' dir='ltr'><strong>var.</strong></span> <span class='ocrx_word' id='word_1_639' title='bbox 895 5372 917 5416; x_wconf 87' lang='lat' dir='ltr'><strong>to</strong></span> <span class='ocrx_word' id='word_1_640' title='bbox 931 5371 961 5415; x_wconf 90' lang='lat' dir='ltr'><strong>ltl</strong></span> <span class='ocrx_word' id='word_1_641' title='bbox 976 5371 1024 5415; x_wconf 81' lang='lat' dir='ltr'><strong>Par.</strong></span> <span class='ocrx_word' id='word_1_642' title='bbox 1033 5372 1096 5416; x_wconf 79' lang='lat' dir='ltr'><strong>Toni.</strong></span> <span class='ocrx_word' id='word_1_643' title='bbox 1107 5370 1116 5414; x_wconf 95' lang='lat'>1</span> <span class='ocrx_word' id='word_1_644' title='bbox 1128 5370 1185 5427; x_wconf 81' lang='lat' dir='ltr'><strong>dtap.</strong></span> <span class='ocrx_word' id='word_1_645' title='bbox 1197 5380 1255 5415; x_wconf 78' lang='lat' dir='ltr'><strong>un.</strong></span> <span class='ocrx_word' id='word_1_646' title='bbox 1267 5381 1316 5426; x_wconf 84' lang='lat' dir='ltr'><strong>erp.</strong></span> <span class='ocrx_word' id='word_1_647' title='bbox 1326 5381 1358 5416; x_wconf 86' lang='lat' dir='ltr'><strong>vr.</strong></span> <span class='ocrx_word' id='word_1_648' title='bbox 1372 5392 1398 5406; x_wconf 91' lang='lat'>-</span> <span class='ocrx_word' id='word_1_649' title='bbox 1410 5368 1522 5413; x_wconf 72' lang='lat' dir='ltr'><strong>anteon.</strong></span> <span class='ocrx_word' id='word_1_650' title='bbox 1534 5368 1558 5411; x_wconf 87' lang='lat' dir='ltr'><strong>ia</strong></span> <span class='ocrx_word' id='word_1_651' title='bbox 1573 5368 1615 5411; x_wconf 79' lang='lat' dir='ltr'><strong>tra.</strong></span> <span class='ocrx_word' id='word_1_652' title='bbox 1628 5377 1677 5423; x_wconf 84' lang='lat' dir='ltr'><strong>cap.</strong></span> <span class='ocrx_word' id='word_1_653' title='bbox 1687 5376 1726 5422; x_wconf 87' lang='lat' dir='ltr'><strong>vu,</strong></span> <span class='ocrx_word' id='word_1_654' title='bbox 1741 5367 1777 5420; x_wconf 79' lang='lat'><strong>¹⁴,</strong></span> <span class='ocrx_word' id='word_1_655' title='bbox 1794 5370 1837 5416; x_wconf 86' lang='lat' dir='ltr'><strong>eol.</strong></span> <span class='ocrx_word' id='word_1_656' title='bbox 1846 5369 1882 5415; x_wconf 69' lang='grc' dir='ltr'><strong>ω.</strong></span> <span class='ocrx_word' id='word_1_657' title='bbox 1899 5391 1927 5402; x_wconf 90' lang='grc'><strong>-</strong></span> 
     </span>
     <span class='ocr_line' id='line_1_55' title="bbox 342 5432 1294 5491; baseline -0.011 -6"><span class='ocrx_word' id='word_1_658' title='bbox 342 5441 356 5485; x_wconf 84' lang='lat' dir='ltr'><strong>l</strong></span> <span class='ocrx_word' id='word_1_659' title='bbox 369 5442 429 5484; x_wconf 83' lang='lat' dir='ltr'><strong>llam.</strong></span> <span class='ocrx_word' id='word_1_660' title='bbox 437 5449 458 5491; x_wconf 80' lang='lat' dir='ltr'><strong>v,</strong></span> <span class='ocrx_word' id='word_1_661' title='bbox 470 5437 503 5481; x_wconf 76' lang='lat' dir='ltr'><strong>tt.</strong></span> <span class='ocrx_word' id='word_1_662' title='bbox 515 5435 562 5478; x_wconf 80' lang='lat' dir='ltr'><strong>-t</strong></span> <span class='ocrx_word' id='word_1_663' title='bbox 574 5434 652 5479; x_wconf 76' lang='lat' dir='ltr'><strong>Franc.</strong></span> <span class='ocrx_word' id='word_1_664' title='bbox 672 5433 736 5489; x_wconf 83' lang='lat' dir='ltr'><strong>aptat.</strong></span> <span class='ocrx_word' id='word_1_665' title='bbox 747 5433 799 5490; x_wconf 74' lang='lat' dir='ltr'><strong>Syn.</strong></span> <span class='ocrx_word' id='word_1_666' title='bbox 813 5434 865 5478; x_wconf 80' lang='lat' dir='ltr'><strong>&#39;lou</strong></span> <span class='ocrx_word' id='word_1_667' title='bbox 877 5433 904 5477; x_wconf 93' lang='lat' dir='ltr'><strong>v1</strong></span> <span class='ocrx_word' id='word_1_668' title='bbox 918 5433 1003 5478; x_wconf 81' lang='lat' dir='ltr'><strong>Gonett.</strong></span> <span class='ocrx_word' id='word_1_669' title='bbox 1014 5433 1064 5479; x_wconf 75' lang='lat' dir='ltr'><strong>--o</strong></span> <span class='ocrx_word' id='word_1_670' title='bbox 1074 5434 1126 5488; x_wconf 86' lang='lat' dir='ltr'><strong>Cap.</strong></span> <span class='ocrx_word' id='word_1_671' title='bbox 1133 5444 1173 5485; x_wconf 88' lang='grc' dir='ltr'>ιιι,</span> <span class='ocrx_word' id='word_1_672' title='bbox 1182 5443 1258 5488; x_wconf 84' lang='lat' dir='ltr'><strong>parag.</strong></span> <span class='ocrx_word' id='word_1_673' title='bbox 1273 5432 1294 5476; x_wconf 87' lang='lat' dir='ltr'><strong>a.</strong></span> 
     </span>
    </p>
   </div>
   <div class='ocr_carea' id='block_1_4' title="bbox 0 0 2038 6130">
    <p class='ocr_par' dir='ltr' id='par_1_4' title="bbox 0 0 2038 6130">
     <span class='ocr_line' id='line_1_56' title="bbox 0 0 2038 6130; baseline 0 0"><span class='ocrx_word' id='word_1_674' title='bbox 0 0 2038 6130; x_wconf 95' lang='lat' dir='ltr'><strong> </strong></span> 
     </span>
    </p>
   </div>
  </div>
 </body>
</html>
