3936 6146
318 318 377 378 368
835 317 1162 379 t‘usotroctcouutt
1184 318 1405 382 DOGMATUM

357 483 515 560 Quocirca,
528 485 658 564 «utique
671 483 886 559 vulnerabile¹,
899 491 991 565 atque
999 503 1083 547 mor·
1136 504 1206 548 cum
1220 489 1341 549 Joanue
1354 487 1491 567 quodam
1504 487 1668 561 monacho,
1684 505 1721 549 ac
1738 487 1886 568 Ρνιιιινοιὶιι

316 576 378 637 tale
392 596 503 658 corpus
513 578 779 653 habuitChristus,
791 600 806 635 a
824 578 908 658 quod
922 577 1085 640 Manichaei
1135 579 1235 641 acrius
1248 580 1419 654 contendit,
1433 599 1471 641 eo
1484 580 1673 661 disputando
1686 579 1789 663 lapsus
1800 587 1850 657 est,
1859 587 1888 641 ut

318 669 486 747 negabant,
500 673 692 733 utadversus
715 671 828 731 horum
847 671 1085 749 antesignanum
1136 672 1249 734 Christi
1269 691 1405 745 carnem,
1431 673 1505 753 quia
1523 674 1589 734 siue
1612 678 1736 752 peccato
1759 679 1888 754 concepta

319 760 463 822 Faustum
478 765 521 824 ait
531 765 732 844 Augustinus.
745 761 974 841 ldemqucalihi
983 762 1082 837 docet,
1135 765 1246 840 luerat,
1272 765 1366 826 nullis
1393 765 1511 845 peceati
1538 767 1638 845 poeuis
1662 765 1846 840 obstrictam,
1864 773 1889 827 ct

316 851 471 916 etiamad
494 862 683 919 senectutem
709 856 803 917 tuisse
826 863 1005 926 venturum,
1024 854 1086 915 nisi
1135 856 1303 935 obligatam
1326 858 1421 919 tuisse
1438 857 1616 919 detenderet
1637 877 1644 917 :
1667 858 1806 938 adeoque
1824 857 1889 918 nihil

315 963 400 1005 mors
418 952 492 1009 ante
512 949 590 1010 illud
604 954 792 1029 occupasset.
809 973 823 1001 ι
838 947 899 1008 Sed
913 947 985 1025 quia
998 946 1033 1006 in
1046 963 1083 1007 eo
1134 949 1317 1010 naturaliter
1331 952 1394 1030 pati
1412 950 1547 1030 potuisse
1564 969 1571 1010 ι
1586 969 1623 1012 ac
1643 955 1764 1011 tantam
1783 951 1842 1011 rim
1858 968 1889 1012 cx

314 1045 380 1098 crat
393 1039 564 1103 similitudo
579 1042 690 1116 carnis,
700 1039 827 1121 inquit²,
840 1039 967 1120 pcccati,
984 1046 1084 1101 muta·
1134 1041 1317 1103 admirandu
1330 1044 1379 1103 sui
1392 1044 1591 1122 generatione
1604 1044 1746 1113 traxisse,
1761 1056 1797 1104 ut
1812 1062 1890 1124 supra

314 1129 415 1193 tiones
425 1139 551 1195 aetatum
566 1135 683 1214 perpeti
696 1132 806 1209 voluit,
821 1132 940 1212 abipsa
956 1149 1084 1192 exorsus
1134 1134 1271 1213 patiendi
1285 1133 1496 1197 conditionem
1509 1142 1624 1213 evecta,
1645 1135 1798 1216 quidquid
1810 1137 1888 1197 nibil·

314 1220 446 1285 iniautia
462 1245 469 1285 t
484 1232 520 1287 ut
532 1227 571 1287 ad
584 1232 718 1287 mortem
732 1225 875 1287 videatur
887 1225 981 1286 etiam
995 1242 1084 1285 senc·
1135 1227 1259 1287 ominus
1272 1228 1446 1290 voluntarie
1458 1247 1547 1308 passa
1559 1235 1616 1305 cst,
1630 1247 1697 1290 nou
1710 1230 1887 1305 naturaliter,

312 1314 425 1376 scendo
441 1317 493 1379 illa
507 1337 577 1380 earo
591 1319 755 1399 pervenire
767 1318 912 1398 potuisse,
925 1316 983 1377 nisi
992 1317 1082 1395 juve·
1133 1316 1187 1378 scd
1200 1317 1447 1379 extraordinaria
1459 1319 1595 1397 quadam
1606 1318 1686 1398 lege,
1703 1337 1740 1379 ac
1753 1319 1834 1380 velut
1843 1338 1889 1400 per

312 1407 479 1470 rristnisset
492 1410 618 1473 occisus.
637 1413 711 1486 Quae
724 1417 828 1472 tamen
844 1428 928 1471 mors
942 1410 976 1470 in
991 1427 1083 1471 carue
1134 1409 1321 1471 miraculum
1355 1411 1395 1471 sit
1429 1417 1566 1490 experta.
1602 1410 1682 1473 Huic
1719 1411 1888 1472 reclamabat

312 1502 427 1578 peccati
460 1502 679 1565 inobedientia
712 1504 816 1566 debita
848 1503 1011 1577 redditum
1048 1503 1082 1562 iu
1133 1502 1271 1563 loannes
1297 1501 1494 1583 Propositus,
1519 1509 1550 1565 et
1572 1503 1730 1564 Christum
1752 1503 1888 1565 assato

310 1593 512 1656 similitudine
532 1602 637 1657 autem
651 1597 754 1658 carnis
767 1595 883 1676 peccati
896 1594 1080 1657 obedieutiae
1135 1594 1314 1656 necessitate
1320 1596 1447 1675 quidem
1456 1595 1602 1669 naturali,
1614 1596 1666 1656 sed
1677 1602 1788 1675 sponte
1799 1602 1886 1658 tamea

310 1686 469 1747 voluntate
495 1695 638 1768 suscepta
663 1694 717 1750 est.
741 1710 756 1747 a
776 1690 815 1748 Et
836 1689 895 1749 hoo
920 1704 1083 1767 nrrnquam
1133 1687 1239 1754 ascita,
1261 1694 1292 1749 et
1310 1688 1485 1750 voluntaria
1512 1689 1617 1750 omnia
1641 1689 1812 1769 pertulisse.
1839 1691 1887 1751 Le

309 1777 430 1839 Adamo
457 1780 653 1856 contigisset,
669 1781 695 1841 si
720 1781 753 1842 in
769 1800 816 1850 eo,
832 1779 865 1841 iu
879 1797 942 1859 quo
963 1786 1082 1841 creatus
1134 1786 1252 1858 guntur
1264 1780 1404 1859 epistolae
1428 1781 1593 1844 amborum
1615 1787 1733 1843 mutuae
1753 1784 1786 1843 in
1805 1781 1887 1862 operi

310 1876 366 1945 cst,
377 1871 562 1936 innocentiae
575 1880 655 1935 statu
668 1875 903 1954 perstitisset3ut
913 1875 995 1938 idem
1010 1873 1083 1936 alibi
1134 1871 1204 1949 bus,
1222 1873 1266 1933 uti
1281 1873 1428 1947 diximus,
1446 1874 1593 1954 Philippi,
1606 1881 1679 1936 ante
1692 1892 1792 1936 annos
1806 1880 1889 1936 must

309 1964 434 2026 tradit⁸.
1134 1965 1245 2041 viginti
1266 1966 1360 2027 Duaei
1383 1964 1487 2043 editis;
1513 1985 1551 2029 ex
1573 1967 1687 2046 quihus
1710 1986 1805 2048 pauca
1821 1985 1888 2029 com

1135 2057 1390 2133 memorabimus,
1410 2077 1482 2139 qnae
1509 2059 1549 2120 ad
1576 2060 1780 2139 questionem
1804 2061 1888 2140 ipsam

1134 2151 1259 2230 proprie
1273 2157 1422 2232 spectant,
1438 2151 1541 2212 dilatis
1563 2152 1609 2226 iis,
1638 2170 1710 2233 quae
1734 2153 1773 2213 ad
1793 2151 1887 2213 llilarii

1134 2244 1885 2323 postpaulotractandumlocumillumreseruntur.

1134 2335 1295 2415 Philippus
1308 2335 1431 2416 itaque‘
1448 2337 1571 2398 atilium
1586 2337 1675 2398 illum
1689 2338 1832 2411 hominis,
1844 2337 1886 2417 qui

1133 2427 1176 2489 sie
1187 2448 1206 2489 a
1217 2429 1319 2490 Verbo
1333 2430 1389 2490 Dei
1406 2436 1453 2491 est
1474 2435 1644 2510 susceptus,
1661 2430 1700 2491 de
1717 2430 1831 2510 Spiritu
1852 2434 1888 2490 est

534 2304 714 2387 CAPUT
770 2307 847 2389 ΙΙΙ.

1134 2527 1318 2600 conceptus,
1342 2522 1401 2582 etsi
1422 2522 1540 2584 coeteris
1560 2522 1742 2584 hominibus
1757 2524 1888 2585 humane
1965 2566 1966 2597 ,

309 2623 354 2685 De
372 2627 569 2686 controversia
588 2622 716 2704 quadam
734 2620 876 2702 Pttttppt
895 2620 1031 2698 Aetatis,
1055 2629 1082 2681 et

347 2715 466 2778 loannis
494 2714 665 2799 eujusdam,
690 2721 792 2775 atrum
818 2720 924 2775 natura
953 2713 1083 2775 humana

351 2809 469 2871 Christi
479 2809 602 2891 infirma
613 2807 719 2890 faerit,
731 2814 759 2868 et
771 2806 1080 2887 nctrrralr'tcrsamem,

347 2902 440 2976 sitim,
457 2901 596 2978 dotorem,
611 2909 638 2962 et
648 2899 680 2961 id
692 2918 782 2981 penus
801 2898 867 2960 alic
879 2917 1014 2979 perpessa
1032 2898 1080 2967 sit,

349 2997 378 3055 l.
405 2993 549 3076 Philippi
571 3012 680 3075 repono
702 2991 802 3073 opinio
826 2985 1021 3073 proponitur.
1048 2993 1076 3052 3.

347 3087 469 3149 Joonur's
482 3085 642 3148 contraria.
668 3088 699 3145 Ι.
719 3082 858 3145 Hcoatdt
877 3082 1030 3164 cujusdam
1047 3082 1082 3144 dc

350 3187 475 3261 utroque
497 3178 659 3253 sementim
683 3177 727 3238 ita
750 3174 900 3237 naturales
916 3175 1082 3256 subrepas

349 3272 443 3334 sicces
456 3271 539 3348 iilos,
554 3280 587 3333 at
600 3290 657 3331 aon
673 3274 788 3351 preater
802 3268 981 3329 voluntatem
999 3267 1081 3329 obre-

348 3373 460 3447 percnt.
483 3366 512 3426 5.
540 3363 640 3425 Fuisse
664 3360 869 3442 infirmitatem
897 3360 929 3421 in
951 3362 1083 3422 hamana

1134 2613 1315 2676 substantiae
1352 2614 1482 2676 veritate
1520 2614 1735 2687 consimilem,
1769 2613 1888 2677 naturali
1964 2622 1966 2655 r

1133 2710 1240 2766 tamen
1253 2706 1388 2786 quadam
1410 2708 1524 2768 virtirtc
1543 2707 1635 2785 louge
1658 2707 1833 2768 dissimilem
1844 2725 1887 2768 cx·

1134 2798 1244 2860 stitisse
1267 2803 1356 2879 putat
1379 2819 1386 2860 :
1407 2804 1443 2860 ut
1468 2799 1547 2860 siout
1571 2799 1605 2859 in
1632 2799 1831 2878 conceptione
1851 2797 1889 2859 uil

1134 2890 1261 2969 pertulit
1270 2891 1461 2953 conumium
1472 2891 1692 2960 sanctitati,sic
1705 2891 1888 2972 postmodum
1965 2890 1966 2927 i

1135 2981 1168 3042 in
1182 2984 1299 3059 anima,
1314 2985 1363 3046 vel
1377 3003 1505 3065 corpore
1526 2984 1569 3045 nil
1590 2984 1734 3047 sufferret
1752 3003 1816 3045 suae
1831 3002 1890 3046 eou-

1134 3076 1266 3136 trarium
1280 3076 1444 3139 voluntati.

1175 3168 1226 3258 ΙΙ..
1243 3170 1342 3243 Quare
1356 3188 1421 3231 nou
1435 3169 1480 3231 illi
1493 3169 1669 3232 naturalem
1677 3169 1887 3243 infirmitatem,

1135 3266 1166 3321 et
1178 3264 1409 3341 perpessionem
1429 3262 1522 3325 fnisse
1542 3269 1657 3340 censet,
1671 3264 1719 3325 uti
1738 3263 1825 3324 nohis
1841 3266 1888 3333 et,

1965 2935 1967 2972 l

1135 3354 1190 3432 qui
1202 3354 1279 3432 baec,
1294 3357 1387 3417 etiam
1401 3355 1503 3428 inviti,
1516 3374 1552 3436 ac
1564 3355 1762 3433 reluctantes,
1773 3356 1890 3417 tolerare
1964 3346 1965 3413 3

352 3457 468 3522 Ctrtstt
480 3456 657 3518 substantia.
674 3456 704 3516 6.
726 3452 825 3514 Boetii
843 3452 923 3514 locus
942 3452 1080 3535 insignis,

350 3570 407 3632 quo
426 3549 580 3632 proposita
598 3546 708 3628 questio
727 3543 891 3618 deciditur,
909 3563 945 3607 cc
964 3544 998 3605 de
1025 3545 1081 3605 tri·

349 3642 425 3723 plici
438 3643 553 3704 Artemi
565 3647 656 3702 stata.
678 3643 707 3699 Ι.
732 3636 882 3700 Christum
898 3655 998 3698 reuera
1009 3656 1081 3718 pos·

350 3734 443 3796 nores
467 3732 744 3795 illustracione.
778 3728 952 3790 Excelleati
983 3736 1081 3791 tamea

350 3825 446 3900 modo,
462 3832 497 3887 ut
510 3844 551 3887 erc
561 3824 739 3887 votumctem
752 3840 809 3883 oon
822 3820 1028 3884 antecederent.

1134 3559 1253 3614 sumus,
1265 3542 1333 3621 J'am
1359 3541 1543 3603 naturaliter
1566 3542 1689 3609 timore,
1715 3546 1746 3602 ct
1769 3540 1887 3607 tristitia

1134 3633 1226 3704 fame,
1241 3641 1273 3695 et
1284 3634 1344 3705 siti,
1358 3634 1460 3695 calore
1472 3649 1504 3696 et
1515 3634 1639 3711 frigore,
1655 3633 1784 3711 tlagcllis
1796 3639 1826 3695 et
1835 3630 1889 3691 nil

1135 3727 1262 3788 acubus
1280 3727 1449 3806 allligimur
1472 3747 1480 3786 :
1503 3727 1547 3788 ita
1565 3734 1601 3788 ut
1619 3726 1687 3787 haec
1707 3723 1890 3787 incommoda

1134 3447 1286 3524 cogimur.
1327 3451 1432 3510 riam
1466 3467 1539 3528 ergo
1571 3448 1757 3510 naturaliter
1789 3445 1890 3509 infirmi
1964 3420 1965 3511 Ι

1134 3837 1193 3880 nec
1206 3818 1360 3899 possimus
1369 3818 1670 3899 penitusremoverc,
1681 3837 1739 3880 nec
1752 3817 1889 3898 possimus
1963 3860 1964 3865 η

1134 3930 1206 3972 cum
1220 3912 1398 3988 acciderint,
1413 3931 1479 3972 non
1498 3912 1641 3973 dolere.»
1659 3911 1813 3973 Christum
1827 3926 1888 3970 uero
1963 3896 1964 3911 ³

154 4057 275 4121 arpennos
352 4016 376 4075 Ι.
401 4012 576 4119 Superioris
599 4010 707 4116 capitis
729 4009 897 4114 disputatio
916 4027 981 4070 non
995 4009 1083 4114 igno·
1138 4012 1287 4066 «naturae
1311 4011 1398 4111 tanta
1419 4005 1557 4111 potentia
1585 4003 1753 4108 praeditum
1775 4003 1814 4063 ab
1832 4001 1888 4081 ipso

165 4111 262 4207 rraiippr
311 4107 382 4168 brhs
395 4107 701 4168 mihrcontrovcrsiae
714 4120 896 4163 memoriam
908 4106 1080 4178 renovavit,
1133 4103 1284 4178 conceptu
1307 4098 1401 4159 fuisse
1423 4097 1509 4173 dicit,
1525 4102 1560 4158 ut
1580 4101 1680 4176 posset
1704 4103 1816 4163 entare
1829 4110 1889 4154 mo·

149 4165 277 4262 ωΙΙΙΙΙιΙ-
311 4218 382 4280 qtae
396 4198 495 4260 sancti
516 4196 665 4259 Bernarffi
677 4201 827 4276 tempore,
844 4196 925 4255 inter
942 4194 1081 4255 cruditos
1133 4191 1227 4253 lestiae
1242 4210 1348 4269 paenas
1361 4190 1560 4264 nocumentis,
1574 4196 1631 4251 etc.
1648 4186 1890 4266 Passioncaigitur

140 4271 182 4325 '¹⁸'
195 4278 272 4316 aarum
312 4292 463 4372 quosdam
487 4290 610 4370 agitata,
638 4294 669 4350 et
694 4288 817 4369 scriptis
847 4287 973 4361 tradita,
1001 4288 1082 4348 inter
1133 4303 1221 4348 suam
1234 4284 1370 4345 inillum
1383 4302 1448 4344 non
1467 4287 1638 4363 potuerunt
1655 4288 1888 4342 uatruamexcr·
1962 4316 1963 4353 3

153 4325 287 4371 naturaiiter

136 4379 287 4484 Qffifflffl
311 4384 448 4465 Philippi
461 4382 590 4444 abbatis
612 4382 708 4444 Bone
727 4380 800 4460 Spei
817 4398 856 4442 ex
872 4380 981 4441 ordine
1000 4381 1083 4440 Prae·
1133 4396 1219 4451 cere,
1249 4378 1325 4438 dum
1350 4376 1416 4455 ejus
1440 4375 1594 4436 voluntati
1622 4374 1702 4435 nihil
1735 4371 1890 4454 potuenmt
1962 4358 1963 4391 Ι

152 4485 212 4530 trau
230 4491 271 4531 ce.
311 4475 564 4551 monstratensis,
600 4492 694 4555 opera
727 4474 851 4552 legitur.
888 4475 942 4533 Est
976 4478 1080 4534 autem
1133 4470 1323 4534 contrarium
1338 4470 1504 4530 admovere
1533 4488 1541 4529 ι
1569 4474 1600 4529 et
1626 4485 1698 4528 cum
1727 4466 1777 4527 ille
1790 4476 1889 4526 cuncta

140 4540 285 4597 ww*
311 4577 417 4632 exorta
442 4569 496 4629 illa
522 4568 653 4647 quaestio
679 4584 718 4628 ex
750 4565 861 4626 Hilarii
888 4564 1000 4626 celebri
1026 4565 1080 4625 illo
1132 4565 1291 4626 videretur
1311 4562 1504 4623 occurrentia
1525 4559 1690 4636 sustinere,
1710 4551 1890 4620 tamcuniliil

310 4661 389 4737 loco,
404 4660 438 4721 in
458 4679 520 4741 quo
542 4658 654 4721 Christi
676 4675 801 4719 carnem
820 4657 943 4717 nullum
965 4656 1080 4734 cepisse
1132 4656 1246 4718 borum
1261 4653 1506 4717 adversusillum
1520 4650 1621 4732 potuit
1633 4649 1890 4713 obtinere'l'sutae

311 4771 437 4816 sensum
465 4751 582 4815 doloris
613 4768 652 4813 ex
674 4749 857 4811 vulneribus
894 4750 1083 4811 existimasse
1132 4750 1248 4829 quippe
1258 4747 1360 4809 lucrat
1371 4745 1534 4818 firmitatis,
1548 4749 1584 4804 ut
1596 4743 1715 4824 privari
1726 4760 1788 4804 non
1798 4739 1889 4821 pamel
1961 4760 1962 4839 j

310 4846 444 4907 videtur.
461 4845 504 4906 De
521 4862 582 4924 quo
592 4842 774 4924 paulopost.
785 4841 976 4920 Huncigitur
989 4860 1083 4903 excu·
1128 4843 1200 4922 jure
1212 4841 1336 4920 proprio
1347 4837 1532 4912 voluntatis3
1554 4855 1613 4899 uec
1633 4836 1802 4917 primatum
1814 4831 1845 4892 in
1856 4846 1888 4890 ec

309 4954 377 4999 sare
395 4936 628 5016 interpretando
646 4935 723 4996 dum
746 4934 849 4995 studet
866 4934 1037 5014 Philippus,
1053 4939 1085 4995 ct
1133 4932 1283 4995 naturalis
1309 4937 1414 4993 nostra
1436 4929 1612 5004 infirmitas,
1628 4928 1683 4990 scd
1700 4926 1747 4988 vel
1773 4923 1888 4986 infirma

310 5170 362 5214 τον,
374 5150 445 5222 πεΙνᾳ
458 5151 486 5204 st
501 5168 575 5222 φημι,
588 5151 692 5205 καὶτῶν
708 5151 790 5204 ἄλλων
807 5156 914 5220 φυσικῶν
927 5149 1080 5217 &becelinus
1129 5151 1342 5221 προανεφώνησεν·
1356 5148 1395 5202 δτι
1406 5144 1450 5200 ota
1464 5144 1645 5218 ΙγνιαιαλεΙψεις
1658 5142 1701 5211 τὴν
1714 5142 1792 5214 illi*
1805 5158 1849 5212 pou
1857 5133 1886 5195 tit

308 5235 392 5288 παθῶν
408 5232 492 5308 ἐσμὸς,
502 5232 712 5306 ὣςάπιδεῐξαμεν,
728 5234 784 5288 οὔτε
794 5233 842 5306 μὴν
856 5238 887 5307 τῇ
902 5233 964 5311 perd
977 5234 1081 5287 θάνατον
1129 5233 1200 5304 ᾅδην,
1210 5230 1267 5285 οὐδὲ
1278 5233 1364 5294 δώσεις
1377 5231 1419 5284 τδν
1434 5231 1503 5285 ὅσιόν
1517 5250 1562 5285 σον
1573 5227 1631 5282 beto
1641 5226 1779 5299 διαφθοράν.

309 5324 360 5373 τῶν
374 5319 498 5392 σωμάτων
512 5318 640 5390 διαφθορᾷ,
655 5320 685 5385 ἢν
702 5317 778 5371 hade
792 5317 806 5371 δ
819 5318 947 5390 θεοπάτωρ
962 5318 1081 5391 μελῳδῶν

335 5513 347 5560 t
361 5515 566 5574 araxitanus
578 5517 653 5563 faust.
667 5526 716 5572 cap.
730 5515 797 5561 u.-2
810 5515 868 5571 lug.
881 5515 909 5569 ll,
923 5516 951 5562 aa
963 5517 1153 5571 Peucinorum.
1166 5511 1264 5559 niu-6
1272 5510 1305 5557 tt.
1319 5510 1359 5557 tlh.
1371 5508 1421 5555 utu
1434 5508 1534 5557 διθίνίι.
1546 5519 1596 5565 esp.
1608 5502 1835 5560 adnitimur·
1843 5507 1860 5537 Ι·
