3990 6130
301 283 359 344 180
808 280 1133 348 russuuuutuuuuu
1157 281 1375 345 DOGMATUM

299 444 413 508 uolitet
425 448 560 510 incubis:
572 456 686 529 quantu
697 450 930 530 magiscamcm
940 448 1065 512 Domini
1156 449 1244 509 Idem
1262 447 1396 528 cyrillus
1409 445 1489 508 libro
1510 443 1629 506 decimo
1643 438 1679 503 de
1699 437 1872 503 tunsione

298 539 372 599 Jesu
386 542 538 621 templum
553 543 607 603 llei
622 543 775 619 dixerim3
793 543 848 623 qui
862 561 983 623 semper
997 542 1066 622 ple·
1115 540 1265 620 signifieat
1278 561 1284 600 ι
1296 540 1407 614 «Vide,
1421 537 1533 618 inquit,
1548 542 1696 616 tanquam
1709 534 1744 594 in
1756 532 1873 607 umbra,

299 649 359 691 nus
371 633 486 711 Spiritu
500 639 605 695 sancto
618 634 743 714 legitur,
762 642 851 698 reto
1116 633 1267 711 elfiguru,
1282 632 1420 693 Verbum
1428 629 1507 691 illud
1517 631 1627 705 Deum,
1641 627 1777 689 eteDeo
1792 625 1874 684 Patre
1969 690 1970 703 ρ

125 717 275 816 Ρτρριριιιιιιι

182 772 249 815 ristru

164 825 230 868 sono
299 819 367 875 tum
376 822 501 897 propter
509 819 565 880 Der
573 820 783 899 praesentiam
792 819 1065 895 athabitutiunem,
1116 833 1220 894 aurea,
1240 817 1464 895 etincurrupta
1481 832 1552 875 arra
1571 812 1674 884 fuisse,
1700 810 1761 871 hoc
1783 806 1853 869 cst'
1845 825 1875 868 ιιι

145 877 253 974 qupn
299 907 397 987 quiin
410 910 476 990 ipso
490 929 545 990 per
555 929 586 972 se
596 912 714 987 incolit,
728 919 759 974 et
768 931 851 973 unus
866 918 912 973 est
926 928 998 972 eum
1010 928 1064 971 er:

298 1006 367 1061 tum
381 1001 421 1062 ob
435 1004 641 1079 sanctitatem,
661 1010 692 1066 et
712 1003 751 1065 ab
772 1004 859 1065 omni
876 1004 946 1065 labe
964 1002 1066 1083 puris-

298 1093 408 1153 simam
432 1093 641 1156 innocentiam
665 1115 673 1157 :
701 1102 771 1157 tum
796 1099 836 1158 ob
864 1095 1066 1172 sucrificium,

1116 926 1153 969 eo
1173 908 1300 988 templo,
1327 908 1411 988 quod
1432 925 1472 968 ex
1491 904 1621 984 Virgine
1642 907 1802 983 sumptum
1822 905 1872 962 est.

1116 1000 1334 1081 incorruptum
1347 1000 1432 1061 enim
1452 1005 1509 1072 est,
1529 1006 1561 1060 et
1581 996 1750 1078 pretiosum
1767 991 1875 1055 Christi

1116 1111 1238 1172 corpus.
1255 1096 1357 1172 Atque
1376 1092 1427 1152 hic
1448 1096 1572 1153 tantum
1591 1107 1655 1150 non
1671 1085 1876 1149 occultabatur

1969 638 1970 687 l

339 724 520 804 Templum
511 731 615 806 itaque
631 728 684 788 fret
696 727 835 788 Christus
848 727 943 790 homo
955 725 1067 788 dicitur
1115 725 1287 785 secundum
1314 737 1461 785 naturam
1487 722 1643 796 existens,
1672 725 1821 797 tanquam
1846 715 1874 775 iu

299 1185 383 1263 quod
400 1187 554 1265 expiando
567 1187 707 1249 humano
721 1190 838 1266 generi,
861 1194 892 1249 et
907 1186 1067 1249 abolendis
1116 1185 1162 1247 uti
1195 1185 1370 1246 velamento
1406 1184 1564 1263 quodam,
1600 1179 1725 1261 wando
1756 1194 1876 1239 caruem
1969 1212 1970 1257 t

298 1278 409 1338 muudi
422 1280 517 1339 totius
530 1280 647 1342 delictis
660 1281 694 1341 in
713 1282 776 1356 illo,
794 1299 830 1342 ac
849 1299 905 1361 per
919 1280 1007 1341 illum
1021 1284 1068 1340 est
1115 1277 1232 1357 accepit
1241 1276 1263 1339 ⁶.
1280 1297 1295 1333 u
1318 1278 1358 1337 Et
1369 1276 1402 1335 in
1416 1276 1580 1336 undecimo
1594 1273 1674 1334 libro
1687 1276 1720 1332 ιἰι
1727 1270 1874 1345 lausiaca,

299 1370 449 1430 oblatum.
466 1372 530 1432 Hoc
544 1373 629 1433 enim
644 1373 769 1453 proprie
782 1373 816 1434 in
830 1372 946 1452 templo
959 1372 1013 1446 fit;
1036 1377 1067 1432 et

299 1461 339 1522 ad
362 1461 446 1523 hunc
465 1481 559 1525 usum
588 1465 798 1539 sacrificandi,
823 1473 854 1525 et
878 1460 1067 1543 propitiandi

298 1553 449 1630 numinis,
465 1555 608 1635 religiosa
622 1557 674 1617 illa
688 1557 756 1618 loca
770 1562 947 1618 consecratu
960 1561 1045 1616 sunt.

340 1646 391 1707 lV.
415 1648 462 1708 dd
487 1648 680 1709 sanctitatem
709 1649 804 1711 refert
827 1648 1066 1728 appeliationem

299 1739 408 1818 templi
427 1740 676 1819 chrysostomus,
697 1742 781 1820 quod
801 1760 858 1821 per
876 1740 988 1801 Christi
1002 1739 1067 1799 bu·

299 1829 512 1893 munitateme
530 1833 608 1894 coelo
627 1834 783 1910 arcessita,
803 1833 1002 1912 derivataque
1022 1836 1068 1893 est

299 1920 334 1981 in
356 1927 452 1984 terras
472 1923 602 1985 coelestis
626 1925 698 1985 vita
714 1924 830 2000 forma.
849 1946 865 1982 ιι
885 1924 966 1984 Illud
979 1941 1064 1998 vero,

299 2013 411 2092 inquit,
439 2033 662 2092 asseveramus,
692 2018 790 2078 Deum
817 2016 955 2077 Verbum
982 2021 1066 2096 post·

299 2123 393 2185 quam
406 2108 557 2187 templum
571 2108 629 2169 sihi
642 2109 702 2189 ipsi
715 2114 858 2170 sanetum
870 2107 996 2170 molitus
1010 2113 1066 2184 est,

299 2217 355 2277 per
378 2199 454 2259 illud
477 2200 511 2260 in
534 2201 632 2263 vitam
656 2206 806 2275 nostram,
834 2201 917 2281 quod
939 2201 973 2261 in
991 2201 1068 2262 coelo

299 2289 411 2366 inerat,
436 2292 561 2352 vivendi
582 2311 680 2371 genus
704 2293 890 2355 invexisse⁰.
912 2314 927 2351 ο
949 2293 1015 2353 lmo
1038 2301 1070 2353 et

300 2382 422 2443 eoeleste
438 2383 472 2443 in
486 2402 522 2443 eo
539 2402 671 2463 reguum
686 2386 861 2461 constituit;
877 2390 913 2445 ut
927 2385 1070 2464 deinceps

300 2472 383 2533 idem
405 2474 439 2533 in
456 2480 583 2536 caeteros
602 2476 746 2537 homines
764 2476 856 2537 decus
877 2477 1067 2553 transferret,

300 2570 337 2624 ut
350 2565 432 2626 intra
445 2584 476 2628 se
491 2566 545 2628 Dei
559 2586 694 2647 reguum
708 2569 869 2630 haberent.
887 2569 973 2629 Philo
988 2573 1069 2630 certe

301 2657 486 2737 Carpathius
501 2658 532 2718 iu
545 2657 671 2722 Cantica
683 2659 893 2722 canticorum:
911 2682 923 2719 ι
939 2663 1069 2741 Promp-

300 2749 437 2810 tuarium
451 2751 543 2830 regis,
558 2750 669 2831 inquit,
687 2759 732 2813 est
745 2753 800 2813 uhi
813 2754 961 2830 thesauri,
977 2758 1008 2813 et
1020 2770 1070 2815 res

300 2858 408 2903 omnes
421 2843 562 2922 pretiosa
574 2851 782 2924 reponuntur.
795 2846 854 2907 Sed
864 2845 924 2907 hoc
938 2846 1070 2907 coelestis

299 2935 381 3015 regis
406 2935 483 2997 illud
507 2936 645 3014 primum
662 2937 852 3016 apertissime
880 2939 1071 2999 demonstrat

300 3046 424 3106 corpus,
454 3028 487 3088 in
516 3047 578 3108 quo
605 3029 664 3089 sibi
678 3030 872 3091 domicilium
885 3030 1068 3095 fabricarit:

301 3117 411 3179 deinde
426 3125 457 3180 et
470 3120 620 3181 coelorum
635 3138 777 3199 regnum.
796 3142 810 3178 u

341 3210 496 3289 Repertus
510 3211 663 3291 quoque¹,
683 3234 698 3271 ιι
711 3214 843 3292 Spiritus
864 3218 999 3291 sanetus,
1015 3214 1069 3293 ait,

301 3301 432 3364 domurn
459 3302 549 3369 istam
579 3322 643 3365 non
676 3304 887 3367 manufactam
917 3307 1071 3386 templum

300 3393 454 3457 Dominici
467 3396 604 3477 rumoris
624 3397 781 3477 sapienter
797 3417 853 3478 per
870 3400 1071 3479 semetipsum

300 3488 473 3564 edificavit,
497 3490 641 3552 decenter
666 3492 839 3568 exornavit,
867 3491 1010 3569 gloriose,
1034 3511 1071 3553 ac

299 3579 428 3642 feliciter
436 3582 598 3644 dedicavit.
612 3583 796 3658 AEdificavit,
808 3583 948 3663 inquam,
960 3584 994 3644 in
1004 3584 1072 3664 ipsa

300 3671 395 3732 Verbi
415 3674 638 3749 incarnatione,
663 3674 826 3735 exornavit
848 3674 881 3734 in
900 3675 982 3735 illius
1005 3675 1071 3736 vari

301 3762 436 3826 huminis
448 3765 692 3826 manifestatione
705 3786 713 3841 3
725 3766 875 3826 dedicavit
885 3767 919 3826 in
931 3767 1070 3844 ejusdem

301 3861 494 3917 sacrosancta
512 3856 755 3918 resurreetione:
777 3884 790 3911 n
816 3863 847 3918 et
866 3875 958 3918 mox:
983 3879 999 3916 ιι
1020 3859 1071 3921 Sic

302 3967 413 4028 corpus
429 3949 540 4009 Christi
558 3950 728 4009 seeundum
747 3949 939 4027 singularem
957 3949 1070 4012 nativi-

300 4047 407 4116 tatem,
424 4046 455 4103 et
467 4041 698 4102 immunitatem
720 4061 738 4102 a
758 4048 882 4121 peccato
896 4041 956 4102 fuit
974 4042 1070 4103 aedifi·

300 4139 426 4195 catum:
445 4140 516 4213 post
528 4134 784 4196 resurrectionem
802 4153 876 4196 vero
897 4135 1070 4196 secundum

300 4224 590 4307 impassibilitatem,
608 4231 639 4287 et
655 4227 933 4305 immortalitatem,
954 4232 1071 4289 aeterna

299 4317 400 4397 gloria
413 4325 520 4380 manet
533 4319 721 4381 dedicatum.
737 4340 753 4379 ν

336 4537 357 4580 α
376 4524 476 4580 Cunrs.
492 4521 566 4594 apud
582 4521 789 4579 'liicodoretum
804 4523 869 4580 dial.
887 4523 908 4580 l.
933 4522 1029 4579 Ἐκεῖνο
1043 4523 1070 4579 st

299 4624 389 4680 φαμεν,
402 4608 440 4662 ὅτι
453 4606 512 4660 rubr
527 4607 596 4679 ἅγιον
611 4605 691 4679 ἑαυτῷ
704 4607 910 4670 κατασκευάσαςὸ
924 4608 977 4669 θεὸς
984 4609 1069 4680 λόγος,

300 4691 333 4742 δι’
350 4689 440 4744 ἐκείνου
454 4690 498 4758 τὴν
521 4688 547 4744 ἔτι
565 4696 614 4745 τῶν
637 4689 747 4763 οὐρανῶν
769 4691 896 4745 πολιτείαν
915 4689 949 4753 εἰς
962 4690 1003 4745 τὸν
1018 4691 1070 4762 βίον

302 4771 415 4846 εἰσήγαγε
428 4772 470 4827 τιν
484 4773 611 4847 ἡμέτερον.

337 4855 354 4911 b
373 4857 482 4912 Gratus.
501 4854 621 4928 ’Ἂθριιδὴ
634 4851 687 4919 οὖν,
699 4856 732 4919 ὡς
747 4855 908 4919 ἐνοιιαῖςιιαι
917 4854 1070 4929 αἰνίγμασιν,

300 4939 338 4992 ὅτι
352 4938 405 5001 θεὸς
421 4941 468 5004 ὢν,
482 4939 523 4992 καὶ
538 4937 630 4994 ἔιθεου
642 4941 732 5013 πατρὸς
745 4940 807 4995 κατὰ
820 4941 890 5012 φύσιν
909 4939 923 4993 b
938 4940 1052 5012 λ’όγος,
1038 4962 1072 5005 ως

300 5019 325 5076 ἰν
339 5025 429 5095 χρυσῇ,
443 5040 475 5075 ιια
473 5020 604 5094 ιάαήπτῳ
624 5023 710 5095 γέγονε
729 5024 837 5096 ιιιῡωτῳ,
862 5028 898 5095 τῷ
913 5021 1070 5096 ἔιπαρθένου

299 5111 362 5177 ναῷ.
373 5103 499 5172 ”soum
517 5104 618 5177 γὰρκαὶ
632 5106 711 5178 τίμιον
730 5107 759 5161 rb
772 5113 847 5179 σῶμα
863 5107 901 5180 Χρ
903 5111 980 5161 turoi.
995 5108 1070 5179 μόνον

299 5186 357 5261 oripi
367 5188 394 5243 bl
407 5186 447 5241 sul
456 5185 596 5260 ἐκρύπτετο,
612 5189 719 5262 καθάπερ
734 5187 758 5243 ἔν
772 5188 838 5252 τάξει
851 5127 1071 5263 καταπετάσματος

299 5269 344 5340 rhu
357 5272 437 5344 σάρια
449 5271 543 5328 tutha

327 5449 338 5494 f
351 5447 400 5493 bib.
413 5447 493 5495 utute
504 5447 579 5505 pluri!⁸
592 5450 615 5496 S.
628 5446 690 5496 litut.
698 5461 717 5496 u.
729 5459 753 5501 ιι,
766 5449 819 5497 Vlla
829 5450 928 5506 siusium
940 5451 955 5498 l.
964 5449 983 5498 ll
994 5451 1020 5497 iu
1032 5453 1096 5499 lucu.

1120 1389 1133 1426 ι
1150 1370 1231 1448 Ipse,
1241 1368 1353 1449 inquit,
1363 1368 1488 1449 proprio
1502 1367 1613 1449 spiritu
1624 1382 1717 1427 suum
1732 1362 1877 1444 templum

1116 1461 1337 1522 sanctificans&
1355 1482 1370 1520 ν

1156 1554 1195 1614 V
1218 1555 1308 1615 Nunc
1322 1572 1359 1616 ex
1374 1554 1439 1615 istis
1458 1550 1716 1634 appellationibus
1729 1552 1877 1628 quantum
1896 1553 1963 1599 n

1117 1645 1157 1706 ad
1175 1645 1394 1707 illustrandum
1409 1645 1633 1707 lncamatiunis
1654 1646 1878 1704 sacramentum
1916 1610 1958 1725 ies

1117 1738 1269 1799 commodi
1285 1738 1436 1819 capiatur,
1458 1738 1610 1818 explicare
1624 1734 1707 1796 volo
1733 1733 1796 1795 Sed
1812 1736 1878 1793 aute

1117 1848 1179 1891 uox
1192 1848 1228 1891 eo
1242 1839 1384 1911 spectans
1403 1849 1468 1892 una
1485 1830 1668 1892 declaranda
1686 1831 1741 1902 est,
1763 1842 1836 1904 quae
1850 1824 1880 1884 in

1118 1923 1224 1984 Graeco
1248 1924 1381 1985 loannis
1401 1922 1569 2000 Evangelio
1591 1921 1720 1998 legitur:
1741 1917 1798 1979 ubi
1817 1922 1880 1997 past

1117 2014 1170 2075 illa
1182 2013 1296 2076 rerba:
1313 2014 1358 2077 Et
1373 2012 1496 2076 Verbum
1506 2032 1576 2075 curo
1588 2013 1700 2094 suctum
1714 2018 1767 2086 est,
1780 2009 1881 2071 statim

1117 2106 1251 2184 suajus.
1281 2105 1502 2169 acturusve
1533 2105 1565 2166 a
1595 2104 1687 2165 nora.
1713 2105 1818 2165 uraeoe
1843 2110 1879 2164 a

1118 2205 1288 2274 ἔσιήνωαενὲν
1302 2205 1372 2279 ἡμῖν.
1402 2198 1545 2260 Verbum
1565 2208 1681 2273 σκηνοῦν,
1710 2213 1729 2256 u
1758 2193 1881 2255 nomine
1969 2256 1970 2277 ρ

1118 2299 1194 2369 σκηνὴ
1213 2291 1387 2365 deducitur,
1412 2290 1496 2371 quod
1515 2288 1674 2352 tentorium
1697 2293 1729 2349 et
1749 2286 1881 2348 tubanu-
1969 2282 1970 2323 ³

1118 2384 1215 2445 culum
1231 2383 1403 2463 significat3
1420 2383 1508 2462 quasi
1522 2380 1746 2461 temporarium
1760 2377 1881 2459 aliquod
1969 2370 1970 2403 ¹

1119 2476 1322 2538 domicilium.
1336 2475 1398 2537 Nec
1411 2480 1518 2536 tamen
1531 2473 1721 2555 primitivam
1734 2472 1881 2533 benenu-
1969 2476 1970 2531 3

1118 2568 1235 2630 tionem
1247 2573 1408 2629 conservat
1416 2568 1651 2645 verbumque,
1662 2570 1699 2626 ut
1708 2566 1748 2626 sit
1757 2565 1880 2639 tenua,
1969 2558 1970 2643 }

1118 2660 1178 2722 hoc
1191 2665 1237 2722 est
1251 2658 1467 2721 tebauueulum
1481 2658 1631 2721 collocare.
1651 2657 1711 2719 Sed
1731 2658 1883 2720 interdum
1969 2672 1970 2747 ρ

1119 2752 1300 2833 simpliciter
1312 2758 1359 2813 est
1371 2750 1518 2828 habiture,
1542 2751 1687 2831 idemque
1702 2750 1785 2829 quod
1799 2756 1882 2826 uteru,
1969 2776 1970 2817 1

1118 2844 1168 2906 rel
1181 2854 1314 2907 κατοικεῖν.
1329 2845 1409 2905 Hinc
1420 2851 1538 2924 σκήνωμα
1552 2842 1723 2921 Hesychius
1737 2842 1885 2922 interpre·
1969 2862 1970 2927 j

1118 2942 1203 2998 tatur
1230 2935 1332 3013 cedem,
1357 2955 1392 2998 ue
1414 2935 1541 3010 dunum,
1564 2941 1595 2998 et
1617 2935 1721 3008 locum,
1745 2953 1781 2996 sc
1801 2946 1885 3009 οιῆνος
1969 2930 1970 2957 ¹

1119 3031 1213 3091 etiam
1237 3046 1342 3109 corpus
1354 3027 1380 3090 f.
1393 3030 1444 3091 Sic
1456 3029 1539 3109 apud
1566 3027 1726 3089 Stobaeum
1746 3043 1885 3089 sermone
1969 3066 1970 3095 ι

1118 3122 1233 3201 primo,
1264 3121 1473 3196 Democritus;
1501 3142 1517 3178 ιι
1541 3120 1757 3193 Tabernaculi,
1784 3119 1816 3180 id
1842 3123 1887 3180 est

1120 3214 1257 3294 corporis
1278 3213 1375 3275 robur
1396 3215 1463 3275 sine
1486 3214 1606 3275 ratione
1630 3213 1769 3274 animam
1789 3210 1885 3271 nihilo
1969 3218 1970 3299 ρ

1120 3307 1281 3368 meliorem
1292 3306 1397 3367 tacite.
1413 3327 1429 3364 n
1447 3306 1535 3386 Saepe
1550 3311 1657 3368 autem
1676 3305 1708 3366 in
1724 3303 1886 3385 Scripturis
1969 3304 1970 3333 l

1120 3413 1246 3477 ο-ιηνῶοαι
1263 3417 1424 3476 perennem
1442 3397 1655 3460 dubitationem
1675 3397 1840 3477 exprimit:
1856 3401 1886 3457 ct
1969 3440 1970 3449 ,

1120 3490 1886 3572 σκηνὴ,ιιοιιιίιιιίιιιιιριιιραιιιιιιιιιριιοιιιιιιιιιιιιιιι
1969 3516 1970 3531 ι

1120 3585 1180 3646 hoc
1201 3584 1381 3663 exemplum
1405 3584 1607 3646 demonstrat.
1631 3581 1818 3664 Apocalypsis
1839 3599 1887 3642 ca·

1119 3678 1183 3757 pite
1196 3693 1258 3754 ιιι,
1273 3677 1312 3738 dc
1326 3676 1454 3750 coelesti,
1471 3682 1502 3738 ct
1520 3677 1709 3756 sempiterna
1725 3673 1885 3736 beatorum

1120 3770 1292 3846 mansione,
1307 3787 1401 3848 quarn
1413 3769 1570 3830 civitatem
1580 3766 1773 3830 Hierusalem
1786 3773 1885 3841 vorat,
1969 3840 1970 3847 ρ

1119 3860 1163 3921 ita
1174 3861 1281 3922 scribit
1297 3861 1482 3942 Apostolus:
1500 3860 1531 3923 E
1531 3880 1578 3923 cce
1596 3859 1815 3923 retentaculum
1830 3856 1887 3919 Dei

1119 3972 1184 4014 curn
1203 3952 1376 4028 homiuibus,
1392 3962 1419 4014 et
1436 3952 1587 4015 Ιιαιίιιιῠιι
1598 3972 1664 4015 cum
1678 3950 1745 4014 eut.
1764 3951 1823 4013 Sed
1839 3950 1885 4012 vi·

1120 4045 1232 4106 delicet
1246 4044 1349 4106 allusit
1362 4044 1401 4106 ad
1414 4045 1582 4107 Mosaicum
1594 4044 1837 4119 tabernaculum,
1853 4041 1887 4102 in

1119 4156 1182 4216 quo
1203 4143 1412 4199 commoratus
1433 4144 1480 4199 est
1502 4139 1600 4200 Deus:
1622 4138 1720 4199 donec
1738 4135 1887 4215 templum

1119 4229 1166 4290 illi
1188 4229 1391 4292 constitutum
1416 4236 1473 4307 est,
1491 4231 1580 4311 quasi
1592 4234 1779 4311 perpetuum
1792 4224 1888 4290 domi-
1969 4218 1970 4233 ¹

1121 4321 1238 4383 cilium.
1248 4316 1331 4384 Sunt
1340 4329 1457 4401 autem,
1469 4321 1524 4403 qui
1538 4323 1681 4385 eamdem
1689 4319 1887 4383 habitationis

1156 4540 1171 4582 c
1189 4527 1300 4583 Crustu.
1321 4524 1370 4582 lib.
1387 4524 1411 4582 ll
1425 4527 1551 4582 tuloutt.
1572 4522 1647 4589 Αὐτὸς
1659 4529 1696 4598 τῷ
1711 4521 1887 4598 hiemem

1119 4608 1161 4663 abr
1176 4607 1266 4663 almior
1277 4609 1384 4682 ἁγιάζων
1399 4611 1468 4664 ναόν.

1155 4692 1176 4750 d
1195 4695 1313 4749 Hssrcu.
1333 4694 1466 4767 Σκήνωρα,
1480 4690 1584 4766 sirapti,
1601 4686 1679 4758 οἶκος,
1690 4693 1773 4757 τόπος,
1789 4690 1888 4758 silisi-

1119 4795 1170 4918 ”⁰582
1186 4797 1309 4918 btbbbcu.
1328 4860 1434 4930 Σιιήνεος
1449 4859 1518 4933 lupi<
1530 4860 1586 4914 ἄνευ
1598 4852 1720 4933 λογισμοῦ
1728 4858 1808 4933 ψυχὴν
1817 4855 1886 4911 oute

1119 4962 1143 4998 τι
1157 4943 1350 5018 &petendique

1156 5026 1281 5101 sApoe
1297 5028 1354 5093 xxi,
1370 5028 1397 5086 3.
1421 5024 1521 5096 'liubi
1541 5023 1617 5095 σκηνὴ
1632 5018 1676 5081 τοῦ
1691 5023 1885 5099 usurpaturus

1120 5110 1264 5185 ἀνθρώπων,
1277 5110 1318 5165 καὶ
1331 5110 1514 5184 expressuri
1528 5109 1620 5165 citur.
