3956 6158
288 468 348 530 otu
799 460 1124 534 rsuotoulcoaun
1148 468 1378 533 DOGMATUM.

290 637 452 700 timetione
480 639 622 718 praeditas
648 640 752 719 tuisse,
784 645 913 721 propter
946 638 1059 699 dirinae
1111 629 1866 719 promefaoto‚q110daddamjam,etproretecto,

291 732 508 793 cumbumana
520 739 643 795 naturae
658 734 921 813 conjunctionem,
937 737 968 793 et
988 749 1059 811 per·
1112 735 1143 790 et
1156 749 1213 810 pro
1225 731 1336 793 refecto
1349 731 1408 792 hoe
1424 728 1537 791 modo?
1549 730 1612 790 Neo
1625 728 1710 788 euim
1723 723 1868 787 amaus

291 841 375 885 sonae
386 824 481 886 Verbi
491 825 524 885 in
534 825 685 887 ambabus
693 824 886 887 subsistentis
896 825 1060 885 unitatem.
1112 824 1243 885 retectus
1259 843 1353 904 quam
1372 825 1479 885 factus.
1508 822 1669 902 Siquidem
1692 837 1759 880 non
1783 817 1869 879 solum

294 917 382 981 Quod
422 941 436 969 e
460 917 532 977 ticet
554 917 639 977 atiud
664 917 703 978 sit
728 922 856 993 creator,
883 922 919 977 ut
947 916 990 976 ait
1027 916 1061 976 S.
1113 917 1150 978 de
1172 936 1233 995 me,
1255 917 1308 979 sed
1330 919 1367 979 de
1395 916 1483 978 omui
1504 933 1640 997 quoque,
1665 911 1749 993 quod
1770 910 1871 972 iactum

292 1007 381 1082 Leo¹,
410 1008 493 1069 aliud
508 1014 660 1084 creatura,
677 1010 762 1070 aliud
784 1010 880 1070 deitas
903 1007 1063 1069 inviolabi·
1113 1012 1169 1085 est,
1189 1010 1338 1089 scriptum
1363 1016 1429 1070 est.
1456 1008 1554 1085 Dixit,
1583 1012 1611 1069 et
1637 1007 1721 1087 sacta
1740 1011 1815 1065 snut.
1840 1003 1871 1064 tt

292 1101 340 1173 tis,
371 1100 455 1160 aliud
483 1110 553 1161 caro
576 1099 746 1181 passibilis:
778 1101 811 1161 in
839 1118 936 1161 unam
957 1104 1065 1161 tamen
1114 1103 1314 1181 veroquime
1328 1107 1464 1175 tautum,
1481 1107 1512 1164 et
1532 1100 1628 1162 semel
1646 1097 1777 1159 dicendo
1799 1096 1869 1170 tecit,
1961 1168 1962 1171 Ἴ

293 1208 458 1274 personam
497 1199 660 1254 concurrat
697 1194 866 1273 proprietas
902 1194 1065 1274 utriusque
1115 1192 1150 1254 in
1176 1194 1343 1255 reficiendo
1373 1196 1512 1275 proiecto
1540 1199 1571 1254 et
1605 1192 1684 1253 dixit
1716 1189 1871 1263 multari

295 1285 496 1346 substantias:
512 1288 547 1345 ut
561 1287 626 1346 sive
640 1286 673 1346 in
692 1285 934 1361 infirmitatibus,
951 1287 1014 1346 siva
1032 1284 1066 1346 iu
1116 1288 1208 1363 gessit
1237 1288 1327 1365 mira,
1347 1289 1378 1348 et
1405 1284 1532 1369 pertulit
1554 1286 1652 1346 dura:
1679 1301 1738 1344 uec
1761 1286 1871 1342 tautum

295 1376 472 1452 virtutibus,
489 1377 626 1454 ejusdem
654 1378 693 1438 sit
714 1377 914 1454 contumelia,
934 1377 1022 1456 cujus
1036 1378 1067 1438 et
1116 1380 1204 1448 dura,
1228 1379 1280 1441 sed
1299 1384 1331 1441 et
1354 1379 1491 1456 indigna,
1517 1400 1533 1437 o
1557 1379 1635 1438 Vide
1658 1383 1689 1438 et
1710 1374 1872 1455 Rupertum

297 1470 405 1549 gioria,
429 1475 484 1530 etc.
513 1471 623 1531 Omnia
651 1470 745 1546 enim,
767 1489 837 1550 quae
860 1471 914 1531 Dei
937 1477 1021 1544 sunt,
1037 1474 1067 1530 et
1116 1472 1196 1532 libro
1224 1473 1316 1533 tertio
1343 1471 1377 1533 de
1406 1471 1518 1533 diuinis
1531 1468 1657 1552 officiis,
1693 1468 1790 1547 capite
1815 1484 1870 1527 m.

297 1561 523 1641 quaebomints,
547 1562 641 1622 simul
655 1564 686 1623 et
698 1563 853 1638 divinitas,
869 1566 899 1623 el
921 1563 1068 1623 humani·
1118 1565 1213 1624 Porro
1235 1562 1273 1625 ad
1298 1564 1466 1626 creandum
1482 1565 1537 1637 vis,
1563 1569 1595 1624 et
1612 1560 1752 1641 potentia
1769 1558 1872 1619 bitiuita

298 1660 345 1714 tas
370 1655 546 1733 explerit.»
570 1654 683 1716 Eodem
704 1662 852 1734 praeterea
871 1654 1068 1716 referendum
1119 1650 1304 1736 requiritur3
1325 1657 1441 1737 quoda
1456 1656 1489 1717 S.
1507 1654 1873 1717 'l'homademoustratum

299 1751 354 1821 est,
371 1748 455 1825 quod
469 1748 502 1807 iu
515 1747 635 1808 decimo
650 1749 823 1826 praesertim
838 1746 916 1807 libro
928 1750 1070 1808 accurate
1120 1756 1166 1809 est
1176 1746 1198 1810 ⁸.
1230 1749 1326 1825 Igitur
1340 1754 1372 1811 et
1392 1751 1432 1811 ad
1443 1748 1674 1823 redimendum,
1690 1747 1754 1807 sire
1766 1762 1872 1826 prorue·

299 1838 512 1915 disseruimus,
541 1840 579 1900 de
605 1838 753 1900 humanae
776 1846 895 1900 naturae
908 1838 1071 1900 excellenti
1120 1842 1250 1903 rendam
1262 1843 1523 1922 redemptionem,
1539 1841 1662 1901 infinita
1675 1840 1776 1899 virtus
1786 1856 1874 1899 nuos

300 1932 333 1990 in
355 1931 474 1993 Christo
497 1931 695 2007 conditionc3
721 1952 783 2011 qua
807 1933 840 1993 in
864 1932 962 1993 Deum
986 1934 1073 1993 velut
1122 1935 1203 1994 saria
1227 1934 1296 1995 fuit.
1324 1936 1403 1995 Hinc
1425 1932 1607 1994 Ambrosius
1639 1932 1675 1992 in
1708 1931 1773 2004 iilo,
1799 1947 1875 2009 quem

301 2023 445 2103 absorpta
464 2024 539 2084 citra
564 2025 779 2085 confusionem
801 2024 909 2099 ullam,
937 2044 972 2085 ac
989 2022 1073 2084 deifi-
1121 2027 1214 2106 paulo
1228 2032 1301 2087 aute
1315 2026 1487 2102 citavimus,
1511 2026 1592 2100 loco,
1604 2024 1699 2086 unius
1711 2029 1743 2086 et
1754 2020 1877 2101 ejusdem

302 2121 369 2176 eata
386 2121 442 2191 est,
464 2121 502 2175 ut
527 2116 625 2176 sancti
649 2118 758 2179 Patres
785 2118 967 2196 loquuntur.
995 2116 1074 2177 Hinc
1123 2119 1256 2179 auctoris
1281 2120 1451 2198 utrumque
1474 2137 1540 2179 esse
1567 2118 1675 2179 docet:
1710 2138 1724 2173 ιι
1747 2116 1876 2177 Distinoto
1961 2168 1962 2175 ,

303 2209 387 2270 euim
400 2209 499 2268 oritur
512 2208 633 2270 infinita
649 2210 846 2285 meritorum,
867 2214 897 2270 et
916 2209 1074 2269 actionum
1123 2212 1207 2285 licet,
1231 2213 1325 2272 unius
1345 2216 1451 2272 tamen
1469 2211 1603 2271 auctoris
1612 2210 1762 2272 beneficia
1775 2212 1874 2280 sunto

304 2301 447 2361 omnium
462 2301 542 2360 itlius
557 2302 717 2362 aestimatio
732 2314 739 2360 e
756 2302 906 2381 quoniam
918 2300 976 2361 Dei
987 2296 1075 2362 verbi
1126 2302 1245 2384 inquit:
1271 2323 1329 2366 nee
1356 2300 1603 2383 qualiscumque,
1636 2302 1689 2364 sed
1731 2298 1876 2371 Altiaia&

305 2394 436 2474 propria
450 2400 535 2469 sunt;
559 2394 606 2454 uti
621 2402 651 2455 et
673 2410 743 2454 earo
761 2392 838 2474 ipsa,
855 2395 887 2455 id
904 2399 949 2454 est
963 2401 1076 2454 natura
1124 2401 1161 2458 ut
1177 2396 1293 2459 ibidem
1306 2392 1450 2459 declarat.
1475 2398 1657 2475 Quanquam
1671 2394 1754 2456 inter
1770 2400 1879 2454 uuum·

304 2486 452 2562 hominis,
474 2490 504 2546 et
523 2486 675 2566 quidquid
691 2487 719 2547 ei
742 2487 882 2559 insitum,
907 2487 956 2547 ret
982 2486 1020 2546 ab
1040 2504 1076 2547 ea
1125 2508 1186 2570 qne
1207 2488 1371 2552 infinitatis
1385 2507 1483 2568 genus
1503 2490 1650 2564 interest,
1667 2487 1750 2567 quod
1762 2486 1880 2547 altarum

305 2578 479 2659 prefectum
506 2583 562 2648 est,
589 2580 772 2640 incensum
799 2577 967 2641 divinitatis
994 2580 1077 2639 tron—
1126 2583 1267 2646 naturale
1281 2588 1338 2660 est,
1354 2587 1396 2660 et,
1420 2588 1456 2643 ut
1474 2586 1597 2659 vocant,
1617 2581 1799 2663 physicum:
1817 2577 1879 2639 atta

307 2670 368 2731 siit.
1129 2695 1210 2754 rum,
1225 2674 1324 2737 moral
1341 2722 1348 2737 .

346 2764 417 2824 Vll.
441 2764 562 2824 Rursus
576 2762 660 2823 aliud
678 2769 724 2823 est
736 2763 938 2843 antiquorum
952 2762 1076 2842 dogma,

308 2872 347 2918 ex
368 2872 430 2935 quo
459 2855 568 2916 eadem
591 2855 815 2935 redemptionis
828 2855 965 2916 infinitas
979 2860 1080 2916 osten-

309 2948 403 3009 ditur.
420 2948 501 3008 Cum
510 2948 595 3008 enim
605 2948 759 3009 rationem
773 2948 949 3027 inquirunt,
970 2962 1026 3008 our
1040 2946 1079 3008 ad

308 3041 507 3102 liberandum
533 3056 632 3117 genus
644 3040 820 3101 humanum
834 3040 887 3101 Dei
904 3040 1006 3100 filium
1029 3041 1079 3100 iu-

310 3134 431 3193 carnari
445 3133 559 3211 potius,
575 3146 670 3211 quum
687 3146 854 3212 personam
876 3132 969 3193 aliam
984 3150 1082 3192 sarro-

310 3230 423 3287 sauctae
433 3224 591 3284 Trinitatis
605 3225 788 3303 oportuerit,
798 3242 866 3285 eam
881 3243 946 3304 prae
961 3226 1082 3287 caeteris

311 3318 455 3390 atterunt,
480 3321 515 3377 ut
533 3316 714 3377 insecundo
732 3314 812 3377 libro
837 3316 1080 3393 meminimus',

1355 3057 1566 3146 CAPUT
1630 3056 1685 3143 X.

312 3411 407 3491 quoti,
424 3414 458 3470 ut
472 3409 515 3470 att
538 3409 703 3489 Apostolus
717 3408 740 3487 ³,
756 3407 873 3471 mactat
886 3428 950 3469 erim
962 3418 1084 3491 propter
1134 3396 1254 3483 Ecquid
1270 3399 1404 3462 Christus
1426 3399 1596 3481 oupeloruru
1624 3397 1751 3477 perinde
1764 3406 1797 3459 ut
1809 3394 1886 3457 tomi·

313 3523 397 3584 quem
414 3503 524 3577 omnio,
540 3510 569 3561 ct
574 3518 630 3582 per
643 3521 728 3582 quem
744 3501 855 3578 ornain,
885 3520 998 3582 nempe
1014 3522 1083 3583 pro-

313 3597 417 3673 ducta,
434 3599 597 3673 creataque
617 3594 752 3669 fuerant,
778 3598 937 3654 auctorem
958 3590 1084 3656 illorum

314 3690 420 3750 salutis
440 3688 530 3762 fiart;
552 3693 587 3746 ut
618 3684 661 3746 ibi
682 3686 826 3766 pluribus
849 3687 1083 3748 adstruximus:

313 3781 461 3859 brevique
476 3779 628 3840 sententia
641 3778 791 3840 conclusit
810 3778 991 3840 Ambrosius
1005 3776 1085 3842 libro

313 3870 403 3934 tertio
432 3870 556 3937 chrile.
569 3866 810 3950 capitesecundo
827 3891 834 3931 :
855 3868 992 3932 «Deurit
1002 3873 1085 3933 enim

314 3970 350 4027 trt
363 3966 415 4027 ille
435 3978 492 4025 nos
510 3964 686 4035 redimeret,
710 3962 825 4043 inquit,
849 3964 901 4042 qui
927 3966 1051 4025 creavit.
1066 3986 1082 4023 n

316 4059 459 4120 Necnon
483 4062 590 4117 auctor
611 4056 763 4116 sermonis
777 4050 895 4132 illius‘,
911 4054 963 4135 qui
988 4062 1033 4117 est
1052 4054 1087 4119 dc

315 4149 510 4231 Enposltioue
521 4144 672 4230 Symboli,
695 4154 725 4209 et
737 4148 922 4208 centesimus
937 4150 1086 4228 octogesi-

315 4260 386 4304 mus
405 4241 526 4322 primns
547 4240 582 4301 de
604 4240 741 4319 Tempore
765 4240 990 4302 numerabatur
1006 4243 1089 4302 inter

316 4335 577 4414 Augustinianos:
608 4354 623 4389 ιι
649 4332 846 4411 Unigenitus,
885 4330 997 4412 iuquit,
1034 4334 1088 4394 Dei

315 4426 415 4489 iactus
439 4433 484 4487 est
506 4424 644 4486 hominis
677 4423 780 4500 fitirts3
810 4430 846 4485 ut
873 4428 927 4504 qui
968 4431 1089 4487 creator

283 4594 288 4601 ι
317 4518 428 4581 muudi
442 4521 518 4592 erat,
530 4517 618 4577 fieret
632 4521 662 4578 et
671 4516 859 4597 redemptor.
876 4543 889 4571 ν
908 4518 1004 4597 Atqui
1019 4535 1088 4578 ma-

313 4613 366 4691 jus
392 4608 552 4692 quiddam,
582 4614 613 4670 et
630 4606 788 4689 potentius
810 4615 856 4671 est
882 4608 1026 4683 liberare,
1054 4628 1089 4671 ao

316 4705 469 4766 redimere
483 4702 654 4777 homiuem,
671 4718 766 4781 quam
777 4718 899 4777 ereare3
915 4706 952 4762 ut
974 4701 1089 4782 passim

318 4800 426 4858 Patres
453 4800 648 4856 asseverant:
677 4810 694 4854 e
727 4794 841 4873 quibus
874 4810 986 4870 unum,
1016 4793 1090 4854 alte-

318 4906 429 4951 rumve
446 4887 613 4968 proteram.
635 4886 696 4948 Leo
724 4888 806 4968 Papa
827 4904 971 4948 sermone
985 4903 1039 4947 xm
1053 4888 1090 4948 de

318 4981 469 5045 Possiouc.
497 5000 511 5037 u
538 4976 709 5041 biirabilior
730 4985 786 5055 ast,
815 4978 928 5059 iuquit,
954 4975 1091 5039 secunda

317 5074 483 5136 bominum
495 5073 664 5151 generatio,
692 5088 787 5152 quam
812 5073 913 5151 prima
934 5070 1084 5131 conditio:

318 5167 392 5247 quia
405 5166 475 5245 plus
487 5170 534 5225 est
547 5165 580 5223 in
601 5164 777 5224 novissimis
795 5163 914 5224 saeculis
932 5181 1089 5240 reparasse

318 5261 418 5321 Deum
431 5257 516 5338 quod
529 5257 674 5336 perierat,
690 5270 810 5335 quama
820 5255 973 5335 principio
984 5253 1090 5315 fecisse

1174 3515 1243 3556 num
1257 3491 1413 3568 mediator,
1425 3500 1454 3552 ct
1466 3490 1596 3553 salvator
1605 3490 1711 3573 [inerit.
1723 3492 1751 3551 t.
1766 3487 1887 3569 Oripeuu

1174 3588 1209 3650 dc
1236 3608 1269 3649 eo
1288 3606 1320 3647 re
1346 3590 1516 3647 commento.
1541 3586 1571 3645 ᾖ.
1590 3581 1745 3646 Christum
1764 3580 1887 3663 aripeluu

1174 3698 1232 3741 esse
1246 3680 1358 3761 sactum
1376 3674 1451 3738 idem
1478 3676 1618 3758 putauit;
1638 3670 1717 3756 quod
1743 3666 1769 3735 Τ
1766 3670 1887 3735 ertullio·

1175 3788 1230 3832 uus
1252 3766 1378 3852 refellit.
1395 3773 1426 3830 3.
1441 3766 1520 3830 idem
1538 3768 1673 3849 Oripencs
1687 3765 1826 3828 daemones
1840 3762 1888 3824 sol·

1178 3862 1284 3925 candos
1304 3881 1360 3923 esse
1387 3858 1523 3923 credidit.
1544 3862 1574 3921 4.
1590 3858 1793 3940 Hieronymus
1820 3855 1851 3918 de
1864 3874 1889 3915 eo

1177 3956 1256 4017 Iocus
1267 3952 1455 4033 supenditur.
1472 3955 1501 4013 5.
1518 3952 1669 4015 Damnata
1690 3950 1754 4013 toec
1769 3947 1888 4029 oopus

1177 4049 1306 4109 heresis.
1328 4048 1359 4107 6.
1377 4044 1440 4107 Cur
1453 4042 1581 4105 homiues
1595 4043 1652 4105 soli
1665 4052 1733 4124 post
1753 4047 1887 4124 peccatam

1179 4139 1307 4216 literati,
1328 4157 1386 4198 uon
1400 4132 1510 4217 oupeli.
1533 4136 1562 4197 7.
1588 4136 1637 4196 Au
1652 4134 1889 4215 redempturae

1177 4251 1231 4292 nus
1251 4229 1420 4312 nupciarum
1444 4227 1579 4289 Christus
1603 4226 1667 4288 dici
1692 4224 1802 4296 delent,
1826 4218 1892 4305 prul

1178 4324 1259 4386 bouis
1280 4319 1487 4404 perseverandi
1500 4321 1602 4400 pratia
1614 4319 1697 4380 illius
1715 4319 1818 4379 inuito
1837 4315 1888 4376 tri·

1179 4416 1249 4479 tutu
1265 4418 1314 4476 sit.
1340 4410 1509 4496 Affiunuut
1535 4412 1643 4492 alequi,
1669 4432 1793 4492 quorum
1812 4427 1889 4489 orpu-

1178 4517 1275 4571 rucuta
1280 4508 1478 4589 proferuntur
1491 4524 1530 4566 eu
1539 4504 1719 4586 Scripturas,
1733 4522 1768 4565 oc
1779 4502 1889 4564 Patron

1178 4602 1362 4664 auctoritate.
1381 4602 1411 4661 9.
1440 4598 1547 4659 Verum
1565 4594 1757 4678 probabilius
1782 4602 1830 4667 est,
1844 4608 1890 4651 noa

1178 4694 1268 4773 fuisse
1305 4688 1489 4753 Salinatorem
1516 4686 1697 4769 Aupelorum
1734 4686 1891 4750 Christus:

1180 4784 1265 4867 idque
1285 4783 1466 4866 protutura
1495 4780 1677 4861 Scripturas,
1701 4788 1727 4840 et
1754 4777 1889 4840 Patrobio.

1180 4884 1229 4941 tt.
1253 4872 1419 4939 Solvuntur
1439 4894 1471 4935 eo
1489 4891 1556 4955 quoe
1583 4871 1615 4932 in
1634 4872 1814 4933 corbariam
1829 4886 1890 4949 por·

1180 4980 1236 5031 tem
1258 4968 1353 5032 allatu
1366 4974 1443 5028 suut.
1470 4967 1519 5026 ta.
1540 4962 1749 5045 Explicantur
1765 4956 1892 5043 difficiles

1180 5062 1238 5124 loci
1245 5058 1313 5138 duo,
1324 5057 1490 5139 nepesini,
1505 5060 1532 5117 et
1547 5055 1715 5137 Hippolyti
1722 5050 1889 5116 Parma.

1180 5248 1206 5309 t:
1241 5245 1354 5308 Christi
1404 5240 1600 5317 meritorum,
1637 5247 1668 5303 et
1695 5234 1889 5299 sabsnrtionis
1917 5265 1940 5307 a.

318 5352 402 5432 quod
420 5368 485 5411 non
500 5355 605 5410 erat.»
635 5351 673 5409 Et
700 5348 874 5409 Bernardus
890 5347 926 5407 in
950 5342 1031 5407 libro
1056 5345 1091 5406 de
1140 5338 1294 5422 quantitas
1305 5336 1470 5417 dupliciter
1483 5338 1659 5413 spectatur;
1675 5332 1721 5392 rel
1735 5327 1889 5429 monadum
1907 5320 1949 5361 Ψ

318 5441 467 5525 dilipeudo
480 5440 567 5502 Deo:
610 5440 679 5499 «Si
705 5445 808 5500 totum
830 5457 881 5500 ma
899 5438 1008 5515 debeo,
1033 5437 1086 5509 ait,
1140 5430 1357 5503 intensionem,
1372 5426 1433 5489 hoe
1450 5424 1585 5502 estrim,
1602 5442 1637 5486 ac
1655 5422 1768 5484 valoris
1784 5435 1888 5499 magur

347 5656 357 5699 t
369 5655 410 5697 Leo
421 5664 485 5698 norm.
497 5652 558 5705 rude
572 5652 634 5697 Pois.
645 5671 673 5683 ·-
684 5650 761 5705 περ.
773 5661 808 5702 rr,
822 5648 867 5705 sa.
882 5650 929 5694 -3
939 5649 988 5695 Hel.
1003 5661 1026 5700 ιι,
1039 5646 1072 5695 to.
1084 5668 1112 5682 ·-
1125 5645 1139 5690 t
1150 5646 1176 5690 u
1188 5632 1282 5697 terrui.
1295 5648 1350 5686 tom.
1363 5636 1389 5693 x,
1399 5651 1419 5686 c.
1432 5650 1458 5685 ιι.
1470 5659 1498 5675 -
1508 5636 1522 5680 s
1533 5635 1559 5680 tu
1573 5624 1592 5687 i.
1607 5646 1654 5691 par.
1664 5643 1697 5690 qu.
1712 5643 1761 5679 ur.
1775 5638 1814 5677 aru
1823 5632 1843 5675 t.
