3956 6158
498 289 550 350 DE
568 289 874 370 INCARNATIONE,
896 291 971 353 LIB.
994 291 1068 362 xli,
1096 290 1180 354 CAP.
1203 293 1243 353 lI.
1605 292 1663 357 1107

103 455 207 535 positis.
226 454 359 534 altaque
371 453 486 515 idcirco
499 455 652 517 mediator
662 456 798 532 advenit,
815 456 845 518 id
897 466 1017 519 nerent.
1048 458 1180 519 Proinde
1207 457 1412 521 mediatorem
1437 459 1519 520 inter
1550 478 1607 521 nos
1634 468 1666 521 ct

100 554 139 609 est
153 547 269 608 lteusin
279 564 381 620 (arne,
401 553 515 609 utearo
542 566 615 609 enm
629 550 718 627 sequi
734 556 846 630 posset,
898 552 1008 626 Deum,
1022 557 1052 612 et
1069 551 1290 612 mortalitatem
1308 552 1551 631 oportetbahere
1563 560 1664 614 nens·

99 640 400 717 etuteriperetmorti
413 640 586 713 hominem,
602 643 849 719 cujusestdomi-
898 651 1040 712 euntem,
1058 648 1088 703 et
1109 642 1334 703 beatitudinem
1357 651 1615 722 permanentem:
1632 653 1667 707 ut

42 754 46 760 ·
99 731 210 793 radoin
223 750 328 807 carne,
350 738 409 793 etc.
425 754 440 790 a
459 733 544 794 ldem
558 734 700 812 perhibet
713 734 849 794 Hilarius
897 736 1016 814 perid,
1043 735 1126 814 qnod
1146 736 1267 811 transit,
1292 743 1474 813 congrueret
1495 738 1664 815 morituris,

98 824 147 885 snb
158 823 278 885 initium
291 824 361 885 libri
372 826 459 893 noui,
475 826 577 886 verbis
597 826 662 886 istis
678 846 686 886 ι
704 848 719 883 a
734 827 847 887 Media·
899 833 929 888 et
948 828 987 887 ad
1001 828 1044 903 id,
1057 828 1141 906 «laod
1156 837 1327 907 permanet,
1341 829 1521 889 transferret
1533 848 1570 890 ex
1584 848 1666 891 mor-

100 922 140 977 tor
155 916 215 995 ipse
231 916 265 976 in
279 935 311 978 se
334 917 519 979 adsalutem
544 919 685 979 Ecclesia
699 919 850 979 constitu·
898 919 1000 980 tuis.»

98 1015 150 1083 tus,
164 1014 193 1069 et
218 1008 271 1069 illo
297 1010 364 1089 ipso
391 1010 473 1070 inter
496 1013 613 1085 Deum,
638 1017 670 1071 et
691 1011 850 1072 bominem
940 1012 989 1072 Sic
1002 1013 1035 1073 in
1049 1012 1128 1072 libre
1143 1012 1244 1092 primo
1257 1011 1292 1073 de
1308 1031 1441 1073 emmam
1455 1012 1667 1093 Eneapelisto·

97 1099 258 1161 mediatoris
273 1108 467 1162 sacramento
492 1109 660 1182 utrumque
687 1122 770 1164 unus
790 1104 851 1164 exi·
899 1124 978 1178 rem,
1002 1105 1100 1183 capite
1121 1111 1289 1184 postremo,
1311 1106 1522 1166 «Consultum
1548 1112 1603 1181 cst,
1624 1106 1671 1166 in-

97 1196 177 1263 stans,
202 1192 277 1253 dum
300 1193 366 1272 ipse
392 1195 488 1255 unitis
509 1195 543 1255 in
569 1195 705 1275 idipsum
719 1197 848 1272 naturis,
900 1197 978 1275 quit,
992 1197 1097 1257 divina
1109 1197 1303 1276 providentia
1323 1198 1517 1272 mortalibus,
1535 1216 1668 1277 quorum

97 1289 202 1344 mturae
214 1284 377 1364 utriusque
405 1305 455 1347 res
477 1288 587 1349 eadem
601 1293 661 1364 est3
682 1288 724 1348 ita
746 1295 851 1349 tamma
898 1289 1078 1367 temporalis
1091 1289 1156 1349 vite
1169 1290 1201 1349 in
1221 1290 1313 1349 rebus
1333 1291 1515 1365 orientibus,
1536 1296 1567 1351 et
1589 1292 1669 1351 occi-

97 1380 242 1437 utneutro
255 1390 375 1439 careret
387 1377 421 1439 in
435 1384 584 1458 utroque;
611 1399 652 1441 ue
681 1380 756 1441 torte
771 1382 852 1441 Deus
900 1380 1045 1440 dentibus
1061 1386 1207 1460 occupata
1227 1382 1401 1457 tenebatur,
1421 1388 1458 1442 ut
1474 1383 1584 1443 eadem
1605 1384 1671 1464 ipsa

98 1468 252 1529 esseborm
271 1471 427 1531 nascendo
441 1472 604 1549 desineret,
619 1480 650 1533 et
671 1473 766 1534 homo
780 1492 850 1534 rur-
902 1472 956 1533 Dei
975 1472 1127 1551 sapientia
1149 1473 1189 1533 ad
1211 1474 1363 1534 unitatem
1383 1493 1522 1553 persona
1536 1493 1600 1535 sure
1617 1476 1672 1535 ho·

97 1578 156 1620 snm
165 1561 242 1622 Deus
264 1564 421 1625 manendo
434 1583 500 1625 non
514 1571 602 1626 esset.
617 1588 633 1625 ι)
652 1567 851 1627 Commenta·
901 1564 985 1625 minc
999 1570 1167 1644 assumpto,
1184 1564 1217 1625 in
1231 1585 1293 1645 quo
1305 1566 1516 1645 temporaliter
1529 1585 1669 1628 nascere-

27 1677 64 1719 aa·
98 1653 139 1726 rii,
151 1653 200 1732 qui
207 1655 373 1716 Ambrosio
380 1657 539 1734 tribuitur,
554 1665 661 1719 auctor
673 1659 708 1719 in
718 1658 852 1737 priorem
901 1662 964 1732 tur;
980 1658 1108 1731 viseret,
1126 1664 1310 1731 moreretur,
1333 1664 1517 1735 resurgeret,
1535 1676 1670 1734 congrua

27 1731 81 1826 [ἐξ]
98 1744 133 1804 od
142 1744 330 1816 Timotheum,
343 1748 489 1825 «Missus,
502 1750 613 1829 inquit,
640 1751 771 1823 aPatre,
787 1750 851 1811 fac·
904 1749 993 1810 saluti
1007 1758 1121 1810 nostrae
1137 1750 1278 1827 dicendo,
1302 1757 1333 1812 et
1344 1752 1494 1823 iaciendo,
1511 1753 1668 1832 patiendo,

97 1841 139 1896 tus
150 1837 272 1911 arbiter,
296 1841 505 1902 reconciliavit
526 1844 624 1903 Deum
639 1847 670 1903 et
696 1843 849 1917 homines,
903 1846 934 1902 et
947 1841 1135 1912 sustinendo,
1152 1842 1251 1917 fieret,
1267 1849 1297 1904 et
1315 1844 1460 1905 deorsum
1479 1845 1668 1918 hominibus,

96 1927 278 1991 reformando
310 1950 363 1993 cos
395 1933 435 1994 ad
462 1934 655 2012 agnitionem
674 1935 751 2013 ejus.
776 1935 853 2008 Quia
903 1934 1080 2013 exemplum
1094 1935 1255 2012 redeundi,
1271 1937 1434 2015 etcis‚qui
1448 1944 1668 2011 sursumsunt,

97 2021 170 2081 enim
182 2041 281 2084 unum
296 2030 344 2085 ast
367 2026 457 2086 Pater
468 2032 499 2087 et
509 2027 615 2100 Filius,
629 2046 695 2088 non
708 2046 850 2107 persona,
902 2026 1035 2103 rrugelis,
1073 2027 1250 2106 exemplum
1278 2029 1437 2089 manendi.
1466 2050 1482 2087 n
1510 2030 1549 2089 Et
1576 2031 1669 2108 paulo

97 2112 353 2177 sedindifferentia
367 2123 498 2195 natura,
515 2125 549 2179 ut
571 2119 686 2180 arbiter
708 2124 786 2181 esset
800 2120 854 2180 liei
902 2124 993 2197 post:
1015 2140 1030 2176 a
1044 2120 1081 2179 Et
1094 2119 1169 2197 quia
1187 2120 1292 2180 omnia
1305 2168 1313 2195 ,
1328 2138 1399 2199 quae
1425 2121 1458 2181 in
1479 2122 1671 2184 contrarium

97 2210 123 2264 et
132 2204 291 2268 hominum
300 2208 384 2269 filius
398 2211 464 2285 Dei,
475 2218 632 2290 assumpta
646 2230 739 2273 carne
759 2212 853 2273 bomo
905 2217 1050 2290 pergunt,
1064 2229 1120 2290 per
1131 2212 1254 2290 aliquod
1268 2214 1407 2273 medium
1418 2215 1622 2289 reducuntur,
1632 2216 1671 2276 ab

97 2301 240 2371 natusest,
256 2306 294 2360 ut
307 2301 460 2362 mediator
474 2302 528 2362 Dei
542 2308 573 2364 et
597 2303 762 2364 hominum
776 2310 855 2365 esset
906 2306 1021 2362 aeterna
1032 2302 1161 2380 justitio,
1179 2306 1355 2383 temporalis
1366 2324 1423 2365 nos
1436 2306 1582 2384 iniquitas
1596 2308 1671 2368 alie·

96 2387 178 2449 homo
192 2391 334 2452 Christus
347 2393 436 2453 lesus
452 2413 460 2454 ι
476 2393 508 2454 id
523 2399 568 2455 est
582 2413 647 2455 uon
660 2395 725 2456 sine
739 2396 853 2456 divini·
905 2394 1011 2455 nabat.
1027 2396 1110 2474 Opus
1124 2414 1198 2474 ergo
1211 2402 1276 2457 arat
1299 2397 1400 2457 media
1421 2397 1540 2474 justitia
1556 2406 1672 2479 tempo-

96 2484 159 2557 tate,
170 2483 241 2560 quia
262 2484 299 2544 in
314 2485 375 2545 Deo
396 2487 490 2547 homo
510 2493 587 2564 erat,
605 2495 636 2547 et
649 2489 729 2548 Dens
743 2488 776 2548 in
797 2489 853 2549 bo·
903 2486 972 2559 rali,
994 2505 1063 2565 quae
1078 2488 1225 2548 medietas
1247 2489 1425 2568 temporalis
1445 2496 1534 2568 esset,
1550 2492 1587 2552 de
1604 2494 1672 2551 imis

97 2572 180 2646 minc,
195 2580 225 2635 et
237 2582 272 2637 ut
297 2593 335 2637 ax
350 2582 483 2658 utroque
496 2585 574 2640 esset
588 2580 751 2657 mediator,
775 2587 807 2642 et
821 2587 855 2641 ut
904 2578 1012 2655 mixta,
1027 2589 1058 2639 et
1071 2580 1200 2640 summis
1221 2600 1228 2641 :
1244 2589 1338 2660 atque
1352 2582 1394 2642 ita
1406 2601 1438 2643 se
1461 2602 1519 2643 nee
1544 2584 1671 2644 abrum-

96 2671 250 2745 utrumque
262 2669 491 2746 reconciliaret,
510 2671 545 2731 in
574 2689 607 2732 se
634 2673 771 2751 primum
795 2673 855 2734 hoo
903 2690 980 2750 pens
998 2673 1172 2745 nauminia,
1192 2678 1223 2733 et
1242 2679 1479 2753 contemperans
1502 2676 1583 2748 imis,
1609 2676 1672 2736 ima

96 2754 165 2819 iecit.
181 2759 248 2819 Non
271 2763 359 2822 enim
374 2768 495 2841 poterat
508 2763 661 2825 unitatem
674 2766 729 2826 Dei
753 2771 853 2827 custo·
904 2763 1046 2824 redderet
1058 2765 1198 2825 summis.
1214 2766 1285 2825 ideo
1301 2767 1441 2826 Christus
1455 2769 1607 2828 mediator
1617 2770 1672 2829 liei

96 2845 182 2925 diens,
196 2853 411 2914 mediatorDei
426 2860 456 2915 et
465 2856 630 2915 hominum
639 2858 752 2929 vocari,
764 2858 854 2937 quasi
904 2860 935 2916 et
945 2856 1110 2916 hominum
1124 2857 1222 2916 dictos
1236 2863 1281 2917 est
1294 2858 1376 2918 inter
1397 2860 1496 2919 Deum
1512 2859 1671 2921 immorta-

96 2938 162 3001 aiius
180 2950 257 3005 esset
266 2946 360 3018 Deus,
377 2948 432 3026 qui
451 2947 651 3008 dissidentem
663 2949 854 3011 hominema
903 2947 977 3020 lem,
995 2953 1025 3007 et
1037 2946 1198 3008 hominem
1222 2949 1395 3023 mortalem,
1410 2951 1490 3010 Deus
1515 2957 1546 3012 et
1563 2952 1669 3027 homo,

96 3031 149 3093 Deo
172 3035 204 3096 in
227 3039 362 3115 gratiam
389 3045 548 3101 revocaret
573 3060 580 3100 :
605 3042 658 3101 sed
678 3042 773 3102 homo
800 3044 854 3122 qui
904 3037 1106 3099 reconcilians
1125 3040 1285 3100 hominem
1308 3042 1382 3108 lieo.
1399 3060 1529 3104 maneus
1542 3044 1574 3104 id
1588 3046 1671 3124 quod

96 3124 187 3187 datam
199 3128 303 3207 legem
317 3149 382 3191 non
397 3133 585 3211 praeteriret,
600 3133 699 3194 factus
713 3140 758 3195 est
771 3134 853 3195 arbi·
904 3137 981 3205 erat,
997 3131 1095 3192 lactus
1109 3132 1193 3211 quod
1206 3150 1271 3193 non
1286 3138 1362 3193 erat.
1379 3154 1394 3193 a

97 3220 136 3276 ter
155 3217 233 3281 inter
255 3238 342 3294 eum,
368 3224 422 3301 qui
443 3226 591 3303 peccavit,
608 3231 639 3286 et
652 3225 733 3286 inter
752 3226 853 3303 illum,
945 3224 999 3283 IV.
1023 3225 1139 3284 Rursus
1161 3224 1195 3284 in
1223 3231 1357 3285 tractatu
1378 3226 1412 3285 in
1438 3225 1593 3286 Paulinam
1619 3244 1670 3288 ox.

96 3310 140 3385 qui
160 3330 285 3390 peceare
314 3315 448 3392 ignorat,
476 3321 513 3377 nt
537 3317 588 3377 hic
613 3320 797 3395 ignosceret,
825 3326 856 3380 et
909 3315 1136 3376 «Mediatorem
1149 3316 1229 3377 inter
1244 3318 1354 3391 Deum,
1370 3322 1402 3377 et
1421 3318 1564 3377 homines
1584 3319 1674 3378 Chri·

96 3398 178 3463 homo
189 3404 351 3467 decaetero
364 3408 467 3468 inlici
479 3409 540 3469 fide
554 3416 731 3471 maneret.»
905 3413 988 3468 stum
1010 3408 1118 3468 iesum
1142 3407 1181 3468 ad
1206 3408 1264 3468 hoc
1288 3427 1353 3469 esse
1369 3408 1454 3483 dicit,
1475 3415 1511 3469 ut
1533 3426 1595 3483 eos,
1619 3411 1674 3489 qui

28 3511 68 3556 aar
130 3495 181 3556 ΙΙΙ.
202 3498 397 3578 Augustinus
419 3519 493 3561 vero
517 3503 652 3582 copiose,
672 3508 703 3564 et
735 3504 855 3566 erudite
906 3506 1097 3560 recesserunt
1110 3517 1166 3579 per
1191 3516 1223 3560 se
1240 3500 1425 3561 reconciliet.
1451 3501 1569 3562 Medius
1588 3503 1674 3562 enim

96 3583 129 3646 de
139 3604 220 3665 vero,
233 3608 269 3651 ac
279 3591 430 3671 primario
443 3594 614 3654 mediatore
623 3595 854 3676 Christodispu-
906 3610 970 3651 non
984 3598 1030 3652 est
1042 3593 1102 3652 nisi
1115 3592 1197 3652 inter
1218 3591 1307 3653 duos.
1328 3594 1565 3653 Recesseramus
1578 3612 1597 3653 a
1610 3611 1674 3655 ma-

96 3682 145 3753 tet,
156 3683 327 3759 praesertim
340 3683 374 3744 in
384 3684 465 3744 libro
477 3704 561 3746 nono
576 3685 611 3747 de
630 3686 822 3748 Cier'tuteliei
829 3688 853 3750 ¹:
901 3684 1010 3761 jestate
1031 3685 1096 3758 Dei,
1117 3691 1148 3745 et
1170 3691 1293 3764 peccato
1315 3691 1421 3746 nostro
1442 3686 1672 3747 offenderamus

97 3769 144 3830 ubi
153 3775 294 3851 gentiles,
312 3776 508 3856 maximeque
528 3777 703 3839 Platonicos
717 3780 852 3859 philaso-
905 3778 1102 3839 eumMissus
1115 3781 1162 3838 est
1174 3777 1269 3838 Filius
1283 3778 1447 3854 mediator,
1457 3780 1511 3856 qui
1523 3782 1673 3859 sanguine

97 3862 856 3949 phosvalidissimerefellit,quidaemonesaiebant
906 3887 962 3930 suo
985 3870 1117 3930 solveret
1138 3876 1261 3949 peccota
1284 3877 1399 3946 nostra,
1415 3871 1531 3949 quibus
1547 3890 1673 3950 separa·

97 3952 169 4016 inter
181 3956 254 4020 deos
265 3966 297 4021 et
310 3961 452 4021 homines
460 3963 578 4021 medios
589 3968 703 4036 esse,et
709 3963 854 4025 abhomi-
907 3979 978 4021 mur
992 3980 1009 4020 a
1024 3963 1098 4037 Deo,
1114 3966 1145 4021 et
1158 3961 1357 4041 interpositus
1372 3963 1514 4023 redderet
1524 3981 1582 4023 nos
1596 3965 1635 4040 ei,
1645 3968 1675 4024 et

97 4047 179 4109 uibus
192 4050 304 4113 idcirco
319 4052 503 4113 mediatores
516 4053 722 4130 adhibendos;
744 4057 857 4134 quibus
906 4053 1127 4127 reconciliaret,
1142 4071 1234 4131 aquo
1246 4053 1345 4113 aversi
1357 4053 1391 4112 in
1403 4054 1536 4132 peccetis
1548 4056 1673 4130 nostris,

97 4139 219 4219 rejectis,
238 4164 255 4201 a
278 4146 485 4223 quaerendum
505 4135 570 4206 esse
594 4147 668 4206 dicit
686 4147 854 4225 medium²,
905 4155 937 4205 et
951 4146 1068 4206 delictis
1080 4145 1274 4206 tenebamur.
1290 4166 1305 4202 o
1323 4146 1404 4205 Tum
1419 4145 1453 4205 in
1467 4162 1675 4208 sermonecxx

97 4233 142 4308 qui
155 4251 218 4294 non
231 4235 333 4296 solum
348 4236 454 4314 humo,
470 4239 674 4299 verumetiam
697 4241 778 4300 Deus
790 4241 830 4300 sit
846 4261 853 4301 ε
905 4236 1163 4306 ediceremus
1174 4242 1278 4298 autem
1292 4238 1444 4298 mediator
1457 4247 1545 4314 esset,
1559 4239 1672 4319 inquit,

97 4332 127 4384 ut
144 4324 283 4389 homines
305 4346 345 4389 ex
370 4330 495 4390 mortali
521 4331 647 4392 miseria
669 4332 708 4391 ad
734 4330 855 4392 beatam
905 4331 989 4392 inter
1004 4332 1102 4390 Deum
1124 4336 1155 4391 et
1168 4330 1320 4403 homines,
1337 4332 1418 4390 inter
1431 4332 1564 4410 justum,
1581 4338 1612 4392 et
1624 4332 1673 4393 in·

97 4414 351 4482 immortalitatem
365 4422 459 4499 hujus
472 4423 565 4484 medii
579 4423 670 4484 beate
687 4424 856 4485 mortalitas
902 4422 1015 4501 justos,
1038 4423 1120 4483 inter
1145 4422 1365 4498 immortalem,
1387 4429 1419 4484 et
1442 4424 1603 4497 mortales,
1620 4444 1673 4487 as·

97 4504 324 4575 interveniendo
334 4515 493 4594 perducat,
501 4533 595 4594 quam
607 4534 708 4594 neque
717 4533 780 4576 non
788 4516 857 4577 fieri
906 4514 1039 4593 sumpsit
1066 4514 1182 4593 aliquid
1207 4514 1246 4574 ab
1268 4515 1401 4593 injustis,
1428 4522 1459 4575 et
1476 4516 1672 4591 mortalibus,

96 4603 250 4665 mortalem
265 4606 437 4685 oportebat,
451 4625 553 4686 neque
575 4624 757 4686 permanere
771 4625 854 4669 mor·
906 4626 1031 4668 servans
1039 4607 1156 4686 aliquid
1170 4623 1242 4667 cum
1250 4606 1346 4685 justo,
1363 4613 1394 4666 et
1405 4608 1583 4669 immortali.
1595 4610 1672 4670 Cum

97 4690 193 4757 talem.
207 4697 346 4759 Mortalis
363 4700 479 4779 quippe
501 4701 599 4761 factus
619 4706 676 4776 est,
689 4718 753 4760 non
766 4700 854 4760 infir·
901 4701 984 4780 justo
1008 4700 1102 4776 enim,
1119 4706 1150 4759 et
1169 4699 1339 4759 immortali
1361 4716 1487 4759 servans
1506 4701 1671 4779 justitiam,

97 4791 171 4847 mata
185 4788 280 4850 Verbi
308 4790 480 4868 divinitate,
496 4793 549 4853 sed
562 4793 663 4853 carnis
676 4792 855 4853 infirmitate
905 4792 944 4853 ab
957 4793 1080 4872 injustis
1094 4797 1125 4852 et
1135 4790 1317 4851 mortalibus
1330 4807 1489 4851 assumens
1504 4793 1673 4855 mortalita-

97 4888 236 4960 snscepta.
253 4883 323 4943 Non
337 4888 443 4944 autem
457 4884 627 4963 permensit
639 4885 672 4944 in
685 4885 752 4964 ipsa
763 4902 856 4946 earne
905 4892 981 4961 tem,
1003 4885 1101 4945 sactus
1124 4888 1170 4943 est
1187 4883 1221 4942 in
1234 4882 1337 4943 medio
1352 4883 1576 4958 reconciliator,
1593 4886 1669 4965 deji-

98 4973 238 5049 mortalis,
258 4994 353 5054 quam
371 4977 564 5037 resuscitavit
575 4995 593 5037 a
606 4977 760 5037 mortuis:
781 4995 856 5055 quo-
905 4979 986 5040 ciens
999 4993 1126 5037 murnm
1140 4981 1335 5054 peccatorum
1348 4981 1535 5036 nostrorum.
1556 4998 1568 5033 ι

98 5060 175 5123 num
190 5067 255 5146 ipse
267 5068 384 5129 tructus
398 5073 443 5129 est
457 5070 652 5130 mediationis
664 5070 740 5148 ejus,
749 5076 785 5129 ut
797 5088 855 5130 nec
945 5073 982 5131 Et
995 5069 1069 5130 alibi
1082 5067 1262 5128 medictatem
1276 5067 1366 5127 istam
1379 5067 1549 5142 declarans,
1562 5070 1671 5148 «ipsa,

97 5151 161 5231 ipsi,
172 5165 295 5235 pmpter
309 5178 387 5240 quos
404 5160 579 5222 liberandos
599 5162 752 5222 mediator
763 5161 854 5223 affec·
905 5161 1048 5242 inquit⁸,
1069 5160 1261 5241 participatio
1285 5160 1368 5220 illius
1387 5160 1534 5221 inferiora
1554 5168 1670 5238 nostro,

98 5248 143 5305 tris
157 5255 212 5326 est,
227 5250 261 5311 in
281 5259 430 5331 perpetua
446 5253 495 5314 rel
517 5254 616 5314 carnis
629 5260 729 5314 morte
751 5272 853 5315 rema·
904 5262 940 5316 nt
964 5260 1070 5315 nostra
1103 5258 1183 5313 esset
1206 5253 1239 5313 in
1267 5252 1428 5332 superiora
1449 5252 1544 5331 illius,
1572 5256 1673 5315 tenuit

124 5447 250 5507 lttdscsp.
259 5463 279 5495 u
290 5458 364 5508 «seq.
377 5473 406 5487 -
417 5454 432 5498 t
442 5453 475 5500 lb.
489 5465 537 5510 asp.
548 5465 582 5499 rr.
596 5455 647 5499 -a
659 5455 708 5501 tiu.
722 5454 742 5500 il
753 5456 861 5511 deum
869 5466 926 5502 mor.
938 5467 1073 5513 dopmni.
