3990 6130
314 262 372 320 lid
814 259 1144 325 THEOLOGIGORUM
1165 258 1388 321 DOGMATUM

314 425 413 486 editas
440 422 623 498 Athanasii,
652 425 730 486 illud
756 426 885 487 ioannis
908 443 1077 505 exponens,
1133 424 1371 485 admittendum.
1389 424 1468 485 Hinc
1480 423 1614 504 cyrillus
1632 423 1666 484 in
1678 422 1807 484 homilia
1819 441 1888 502 qua·

313 516 425 577 Solvite
435 516 574 596 templum
588 515 651 591 doe,
669 525 726 579 ete.
749 518 857 578 asserit
876 519 956 578 nulli
977 518 1081 578 homi·
1133 516 1204 576 dam
1219 516 1331 595 Ephesi
1345 515 1474 579 habita:
1494 536 1510 574 α
1534 516 1632 593 Audi,
1657 515 1768 595 inquit,
1791 531 1890 575 rursus

314 607 437 668 numid
461 608 634 685 contigisse,
649 609 733 688 quod
755 609 874 670 Christo
901 611 1030 683 accidit,
1047 615 1082 671 ut
1133 607 1286 669 dicentem
1295 627 1304 683 ;
1319 607 1363 668 Et
1380 607 1503 669 Verbum
1512 626 1582 671 roro
1597 610 1773 688 factumest.
1787 608 1891 669 Nonio

314 717 387 762 cum
414 701 479 760 Deo
508 701 716 779 copularetur,
734 722 749 759 n
772 708 911 781 essetque
929 703 1082 783 templum
1133 699 1260 761 homine
1283 700 1341 761 luit
1364 720 1371 760 :
1394 701 1449 761 sed
1471 719 1543 763 caro
1568 701 1685 762 lactum
1712 707 1768 774 est,
1798 701 1892 761 idest

313 811 385 854 cum
399 794 463 854 Deo
477 792 580 853 Verbo
594 794 863 872 compositumss.»
1132 792 1293 874 homos.»⁸
1895 843 1898 849 ,

354 886 432 946 Item
442 884 497 963 qui
513 884 570 945 suh
585 885 700 946 tustini
718 886 845 947 nomine
858 885 1082 965 Expectationem
1171 885 1211 944 Et
1223 884 1256 943 in
1278 884 1406 963 epistola
1417 884 1457 945 ud
1477 883 1665 947 Valerianum
1681 904 1690 944 ι
1709 905 1725 943 ο
1745 886 1890 946 caurum

315 977 409 1039 edidit
421 975 497 1059 fidei
507 997 514 1037 ι
526 977 637 1038 «finxit
649 977 785 1057 sibiipsi,
795 979 1079 1057 templum,inquit,
1132 992 1169 1036 eo
1183 976 1317 1037 vesania
1335 992 1511 1056 progressos
1525 995 1590 1039 esse
1604 976 1771 1038 nonnullos
1783 976 1888 1056 accepi,

313 1071 474 1132 hominem
487 1069 670 1149 perfectum,
686 1076 774 1150 parte
788 1071 891 1150 aliqua
906 1076 1030 1150 sumpta
1043 1072 1082 1133 de
1132 1066 1184 1143 ait,
1196 1074 1232 1129 ut
1244 1067 1314 1129 illos
1327 1087 1392 1129 non
1403 1070 1518 1147 pudeat
1527 1070 1749 1145 dicere,Deum
1757 1068 1890 1129 Verbum

314 1164 397 1224 illius
418 1160 535 1243 (Mariae
561 1161 690 1242 virgine)
729 1167 851 1236 natura,
877 1168 908 1224 et
935 1163 1082 1242 fingendo
1131 1158 1166 1218 in
1176 1159 1241 1220 filio
1252 1161 1389 1240 quodam
1402 1162 1555 1224 habitasse
1565 1181 1603 1224 ex
1611 1163 1740 1241 Virgine
1755 1168 1837 1223 nato.
1856 1163 1892 1223 At

315 1256 454 1334 templo,
487 1253 521 1314 in
555 1253 758 1314 substantiam
792 1254 946 1329 redacta3
984 1256 1083 1328 Quam
1132 1251 1225 1313 istud.
1242 1271 1261 1313 o
1280 1252 1374 1314 bonit
1398 1252 1539 1334 (dixerim
1556 1252 1638 1336 ipsis)
1656 1273 1720 1316 non
1738 1260 1783 1315 ast
1799 1254 1890 1314 inear-

314 1349 448 1409 induens
461 1363 584 1407 summa
601 1346 752 1422 unitione,
772 1346 855 1408 filius
869 1346 922 1407 bei
936 1347 1084 1426 prooessit
1132 1349 1243 1404 natum
1265 1362 1342 1422 esse,
1367 1347 1418 1407 vel
1443 1347 1603 1410 hominem
1629 1366 1694 1409 esse
1718 1347 1832 1407 iactum
1844 1345 1892 1406 liei

315 1442 348 1502 in
362 1446 492 1518 utraque
506 1443 627 1499 natura.
644 1438 723 1498 Nam
737 1438 848 1498 exinde
861 1438 944 1499 filius
957 1446 988 1499 et
1002 1440 1083 1499 lleus
1134 1437 1274 1498 Verbum
1284 1456 1291 1497 :
1303 1438 1357 1499 sed
1365 1439 1518 1501 habitasse
1532 1441 1678 1520 potiusin
1690 1438 1892 1512 homine,non

315 1541 371 1608 est,
379 1539 410 1593 et
417 1528 622 1604 namatiuui
634 1529 720 1590 loeus
731 1530 861 1605 insignis
872 1535 927 1604 est,
936 1535 968 1590 et
981 1530 1021 1590 ad
1037 1530 1080 1605 id,
1133 1528 1222 1588 aliter
1234 1535 1327 1609 atque
1342 1530 1375 1591 in
1389 1550 1454 1592 nno
1463 1532 1568 1611 aliquo
1578 1539 1755 1594 sanctorum
1770 1530 1894 1609 Prophe

315 1626 399 1707 quod
412 1624 615 1702 disputamus,
634 1620 820 1700 aptissimus.
1132 1624 1245 1682 tarum.
1267 1622 1384 1683 Verum
1403 1623 1479 1701 ejus,
1506 1624 1590 1702 qnod
1614 1625 1652 1684 ad
1675 1642 1733 1684 nos
1755 1623 1890 1700 pertinet,

356 1720 410 1778 Est
423 1715 518 1794 igitur
530 1712 684 1792 templum
701 1713 782 1774 istud
801 1730 903 1772 teum
916 1714 979 1774 Deo
992 1712 1080 1774 inex-
1134 1712 1273 1791 mysterii
1287 1714 1378 1791 ratio,
1394 1719 1430 1774 nt
1446 1715 1540 1794 paulo
1552 1716 1695 1795 superius
1709 1715 1892 1788 monuimus,

316 1808 451 1892 plicahili
473 1805 607 1886 quadam
630 1804 749 1865 ratione
763 1804 963 1883 conjunctum
973 1815 996 1881 ⁰,
1012 1826 1028 1862 υ
1046 1811 1082 1866 ut
1132 1802 1473 1883 ipsummetVerbuma
1486 1809 1549 1867 Deo
1555 1809 1646 1869 Patre
1661 1807 1805 1886 genitum
1815 1807 1894 1867 docet

315 1905 359 1965 ait
379 1906 486 1963 auctor
508 1895 730 1978 opusculorum
757 1897 894 1972 illorum,
914 1915 985 1975 quae
1009 1915 1083 1958 cum
1133 1914 1259 1957 carnem
1282 1916 1348 1960 ease
1372 1897 1489 1959 factnm
1515 1900 1688 1961 secundum
1702 1899 1890 1979 Scripturas:

315 1994 483 2058 Athanasio
509 1989 637 2067 vulgata
661 1993 745 2065 suut,
772 1988 826 2067 qui
858 1994 985 2068 putatur
1018 2007 1083 2052 esse
1135 2006 1200 2048 non
1224 1989 1311 2050 utin
1335 2008 1461 2051 carnem
1485 1993 1692 2054 mutationem
1715 1991 1891 2064 neutralem,

314 2088 536 2150 Theodoretus.
565 2082 812 2160 Chrysostomus,
848 2086 879 2141 et
907 2086 977 2160 post
1010 2099 1084 2143 eum
1134 2079 1198 2141 sive
1207 2082 1453 2159 conversionem,
1470 2087 1525 2143 aut
1535 2083 1752 2145 alterationem
1764 2083 1893 2144 aushnu·

315 2177 564 2260 'theophylactus
585 2174 625 2234 ad
649 2172 703 2232 illa
730 2171 815 2233 Pauli
848 2173 944 2234 verba
978 2174 1085 2253 eapitis
1135 2171 1217 2232 erit:
1243 2173 1297 2233 sed
1323 2174 1406 2252 quod
1429 2192 1554 2235 carnem
1583 2174 1774 2254 intelligente
1800 2174 1895 2236 anima

316 2274 410 2356 primi
422 2268 559 2351 epistolae
573 2264 613 2326 od
626 2263 812 2340 Celaenae
826 2263 863 2325 Iu
877 2266 939 2345 ipso
951 2265 1084 2345 complo-
1133 2268 1306 2341 vegetatam
1317 2265 1477 2345 propriam
1489 2265 1596 2327 feeerit
1605 2276 1629 2327 t.
1645 2288 1661 2324 υ

317 2367 381 2430 cuit
399 2380 511 2425 omnem
538 2354 755 2439 plenitudinem
789 2355 935 2417 dubitare.
966 2356 1081 2431 «Illic,
1174 2355 1231 2416 XI.
1255 2356 1330 2429 Qua
1345 2363 1500 2436 postrema
1514 2358 1610 2420 verba
1621 2359 1800 2421 cautionem
1812 2359 1895 2420 aliam

317 2458 476 2538 inquiunt,
498 2442 724 2513 habitavit'non
749 2447 887 2529 operatio
900 2448 1015 2528 aliqua,
1030 2448 1084 2510 sed
1134 2445 1272 2506 indicant
1292 2450 1514 2529 temperanda,
1531 2457 1562 2511 et
1584 2451 1623 2511 ab
1636 2451 1789 2513 hereticis
1802 2450 1894 2511 vindi·

317 2542 517 2612 substentat.
532 2562 547 2600 ν
565 2543 605 2601 Et
618 2540 837 2601 OEcumenius:
854 2561 869 2597 a
883 2541 952 2601 Non
965 2540 1086 2601 habitu·
1134 2538 1240 2599 candae
1254 2538 1418 2601 calumniis
1441 2540 1662 2619 habitationis,
1678 2544 1824 2624 templive
1845 2560 1895 2603 no·

318 2643 401 2720 dine,
418 2636 533 2718 inquit,
548 2632 600 2694 sed
620 2631 810 2692 substantive
831 2631 910 2693 sieut
932 2632 1085 2693 animuin
1135 2629 1214 2689 tioni
1235 2631 1428 2712 abantiquis
1450 2634 1642 2710 adhibitam
1659 2641 1694 2696 nt
1715 2654 1839 2697 carnem
1852 2633 1896 2695 vel

317 2749 444 2811 corpore
456 2751 463 2790 ε
477 2747 541 2790 non
555 2730 591 2786 nt
602 2724 707 2785 anima
719 2723 814 2784 fuerit
827 2723 968 2804 corpori:
984 2724 1085 2786 sedin
1136 2723 1306 2784 humanam
1320 2723 1535 2799 substantiam,
1551 2726 1639 2788 velut
1650 2728 1785 2789 incolere
1799 2726 1895 2789 dicen·

317 2842 446 2906 corpore
464 2821 611 2895 animato,
633 2816 740 2876 unitus
760 2815 870 2877 eodem
890 2816 1006 2877 modo:
1022 2835 1085 2895 quo
1135 2817 1181 2874 tes
1194 2816 1303 2887 Deum,
1321 2816 1481 2893 adderent,
1489 2817 1660 2898 ejusaquo
1671 2826 1812 2901 srisoepta
1825 2823 1893 2889 erat,

317 2918 426 2979 unitur
437 2914 550 2976 animae
565 2916 694 2987 corpuse
713 2927 750 2968 :a
1135 2908 1505 2985 propriamesselactam.

358 2998 1086 3079 xldeamdemtemptt,quouchriaiihumana
1175 3000 1406 3062 Athanasiusin
1419 3001 1559 3063 oratione
1574 3007 1684 3082 quarta
1700 3009 1800 3062 contra
1815 3002 1895 3062 Aria·
1974 3026 1975 3029 ¹

318 3099 490 3163 substantia
510 3095 634 3167 dicitur,
650 3097 681 3153 et
701 3098 881 3152 sanctorum
903 3097 1085 3153 caeterorum
1135 3108 1186 3152 αοε
1199 3111 1210 3152 .·
1228 3093 1387 3172 «Propter
1399 3112 1468 3170 nos,
1489 3095 1602 3174 iuquit,
1620 3096 1715 3155 homo
1728 3093 1826 3155 iactus
1839 3098 1894 3153 est:

318 3190 523 3254 differentiam
549 3189 676 3266 spectat,
705 3183 790 3263 quod
810 3183 955 3244 nonnulli
983 3185 1087 3245 Patres
1136 3188 1167 3245 et
1177 3184 1387 3263 corporaliter,
1398 3191 1435 3245 ut
1445 3186 1585 3265 loquitur
1595 3186 1771 3266 Apostolus,
1784 3184 1897 3246 hahita·

317 3283 504 3346 vocabulum
526 3283 634 3357 ἐγένετο,
653 3275 713 3336 hoc
739 3280 785 3335 est
807 3275 920 3355 sactum
942 3280 994 3351 est,
1015 3293 1085 3336 eum
1136 3275 1181 3335 vit
1194 3276 1228 3335 in
1253 3293 1347 3337 carne
1367 3276 1513 3338 divimtas
1529 3297 1536 3339 ε
1554 3278 1638 3357 quod
1656 3278 1740 3339 idem
1765 3282 1821 3349 est,
1834 3274 1897 3338 aesi

317 3378 414 3438 altero
432 3369 586 3436 habitandi
608 3367 808 3446 conjunctum
828 3366 869 3428 ab
892 3366 1087 3445 Evangelista
1136 3367 1252 3429 diceret
1278 3388 1285 3428 ι
1311 3386 1382 3430 cum
1406 3373 1484 3430 esset
1505 3371 1586 3432 Deus
1610 3370 1774 3450 proprium
1796 3367 1896 3430 hahuit

316 3470 409 3530 fuisse
436 3468 555 3537 notant,
579 3465 611 3523 et
632 3459 691 3539 ipsi
717 3458 852 3519 studiose
881 3463 1085 3538 componunt.
1136 3477 1266 3539 eorpus;
1303 3478 1401 3540 eoque
1434 3467 1525 3522 utens
1559 3462 1781 3536 instrumento,
1809 3461 1896 3522 homo
1973 3448 1974 3459 ¹

318 3563 388 3622 Non
402 3558 486 3621 enim
500 3556 559 3617 hoc
573 3554 611 3613 de
625 3551 705 3627 aliis,
725 3550 871 3628 quamde
890 3550 1010 3610 Christo
1025 3550 1087 3611 dici
1137 3556 1242 3611 nostra
1255 3569 1347 3612 eausa
1359 3552 1457 3614 hctus
1477 3559 1532 3614 est.
1549 3555 1714 3633 Propterea
1727 3572 1797 3634 quoe
1810 3551 1896 3631 hujus

318 3656 429 3732 potest,
450 3653 535 3709 utet
556 3646 649 3704 homo
669 3643 766 3703 faetus
786 3644 837 3715 sit,
855 3646 886 3702 et
905 3642 939 3702 in
959 3642 1086 3703 homine
1137 3644 1238 3704 carnis
1265 3644 1391 3725 propria
1418 3652 1510 3719 sunt,
1541 3645 1623 3707 illios
1647 3664 1713 3707 esse
1740 3645 1895 3717 dicuntur;

319 3752 467 3821 tanquam
487 3739 521 3798 in
541 3734 697 3798 domicilio
724 3734 870 3813 quodam,
885 3734 1082 3808 habitaverit,
1136 3736 1388 3816 quandoquidem
1398 3742 1464 3799 erat
1476 3738 1511 3798 in
1525 3737 1606 3819 ipsa:
1618 3738 1705 3800 velut
1714 3745 1761 3801 est
1773 3737 1896 3811 esurire,

320 3835 402 3915 quod
415 3827 609 3912 posterius,si
621 3826 751 3906 apriore
763 3824 1085 3905 predicatur,nonest
1136 3826 1256 3905 sitiret,
1278 3850 1293 3886 υ
1313 3836 1372 3890 etc.

355 4015 376 4055 a
395 3998 498 4054 Aratu.
522 3991 648 4047 Ἐνταῦθα
673 3988 700 4043 δὲ
723 3989 842 4053 συντεθεὶς
859 3990 918 4052 ναός
945 3989 993 4063 θεῷ
1019 3991 1088 4063 λόγῳ
1137 3978 1162 4033 ἔν
1177 3998 1224 4034 τινι
1243 3980 1289 4053 υἱῷ
1304 3985 1340 4053 τῷ
1363 3978 1390 4033 ἐκ
1409 3981 1529 4053 παρθένου
1554 3981 1661 4055 τεχθέντι
1685 3979 1839 4049 evolitante
1860 3981 1898 4035 τὸν

320 4081 433 4156 ἐγεννήθη
445 4077 550 4151 Χριστός
563 4075 702 4145 θεοπρεπῶς
714 4071 878 4145 ἔκπαρθένου.
1137 4063 1190 4116 θεόν
1204 4064 1280 4134 λόγον
1293 4067 1381 4117 τοῦτον
1397 4063 1546 4118 ἅποθεῶοαι.
1573 4063 1629 4117 ἀλλ’
1651 4064 1680 4117 οὗ
1701 4071 1774 4118 τοῦτο
1795 4062 1858 4119 ἔστιν
1878 4058 1898 4117 ὦ

356 4166 373 4222 ὁ
391 4165 464 4221 lusa.
485 4161 591 4215 Πλάττει
605 4157 663 4211 ναθν
684 4154 763 4228 ἐαυτῷ
784 4156 825 4209 τθν
837 4156 930 4209 τέλειον
951 4154 1088 4228 ἄνθρωπον,
1138 4147 1270 4217 βέλτιστοι,
1285 4145 1358 4216 ραθην
1369 4148 1399 4199 ἂν
1413 4146 1508 4213 adroic,
1520 4147 1550 4200 τό
1568 4146 1722 4218 superaddunt
1735 4166 1771 4213 τε,
1783 4147 1822 4200 ml
1834 4144 1899 4199 zm.

321 4250 394 4322 μέρος
408 4244 522 4300 τῑθαὸθθ
533 4244 576 4310 vlt
590 4239 681 4309 ἒόῑῑθης
694 4240 797 4311 afflet,
811 4239 851 4291 ml
866 4236 899 4300 tlt
911 4236 955 4305 τὴν
972 4243 1015 4291 τοῦ
1029 4243 1089 4291 ναοῦ
1137 4228 1263 4301 θρωπῆσαι
1281 4229 1323 4283 τόν
1343 4234 1387 4282 τοῦ
1408 4229 1462 4283 θεοῦ
1476 4229 1562 4301 λόγον,
1587 4227 1757 4300 ἔγαατοιαῆσαι
1770 4229 1797 4283 δὲ
1809 4229 1898 4301 μᾶλλον

320 4332 450 4386 διάπλασιν
469 4326 601 4387 οὖσιώσας,
616 4321 682 4385 uate
705 4321 732 4375 δὲ
749 4321 822 4375 αότθν
834 4321 889 4374 κατ’
903 4320 978 4392 ἄκραν
992 4321 1089 4385 ἕνωσιν,
1138 4310 1269 4384 ἀνθρώπῳ,
1284 4311 1391 4385 καθάπερ
1405 4312 1490 4385 ἀμέλει
1507 4313 1548 4365 καὶ
1562 4312 1598 4365 ἐνὶ
1612 4317 1661 4366 τῶν
1676 4311 1752 4383 ἁγίων
1763 4316 1897 4385 προρητῶν,

321 4413 373 4476 υἱός
385 4414 441 4467 θεοῦ
455 4408 575 4484 προῆλθεν
592 4407 678 4474 (κατ’)
696 4406 770 4476 όμρω
791 4402 834 4466 τὰς
854 4403 944 4475 ρόσεις.
961 4401 985 4466 ἔξ
1000 4401 1090 4457 ἐκείνου
1139 4394 1191 4449 tat
1204 4413 1232 4466 γε
1245 4399 1290 4448 τοῦ
1306 4394 1358 4448 καθ’
1373 4394 1438 4468 ἡμᾶς
1461 4395 1594 4468 μυστηρίου
1608 4397 1692 4467 λόγος,
1706 4395 1741 4457 ὡς
1754 4394 1794 4448 παὶ
1809 4392 1832 4447 ἔν
1850 4395 1898 4454 τοῖς

321 4496 369 4571 γὰρ
382 4497 396 4550 ὁ
409 4495 462 4556 υἱὸς
474 4493 515 4546 καθ
530 4491 592 4555 θεὸς,
607 4489 648 4542 καθ
661 4488 797 4559 ἅνθρωπος.
1140 4477 1269 4550 ἂνωτέρορς
1289 4479 1367 4552 βραχὺ
1387 4480 1581 4551 προδεδήλωται,
1601 4478 1674 4533 αὐτὸν
1688 4478 1800 4550 ssthttoet
1812 4477 1852 4531 τὸν
1874 4474 1898 4529 h

356 4595 372 4636 0
390 4580 493 4635 Afflllt.
512 4575 579 4636 Ναθς
591 4571 618 4627 δὲ
627 4576 677 4636 ζῶν
689 4570 821 4644 ἄχραντος,
834 4568 892 4632 Vah<
903 4570 952 4641 θεῷ
965 4569 1091 4641 συνημμέ.
1139 4557 1195 4615 fleon
1208 4561 1300 4635 πατρὸς
1312 4562 1457 4633 γεννηθέντα
1469 4562 1556 4634 λόγον,
1573 4563 1651 4635 σάρκα
1661 4561 1770 4633 γενέσθαι
1784 4558 1843 4614 κατὰ
1859 4556 1899 4621 τὰς

320 4682 361 4728 ”⁰5
369 4661 489 4735 ἆθθθΐωΐ·
1139 4644 1243 4717 γραφὰς,
1257 4644 1305 4717 οὔχ
1317 4644 1352 4706 ὡς
1376 4645 1523 4716 μετάστασιν
1547 4645 1661 4717 pecudi,
1682 4645 1757 4716 ἤγουν
1774 4640 1870 4715 τροπὴν,
1882 4640 1897 4707 ἦ

357 4745 379 4803 d
398 4746 497 4801 Caura.
521 4741 594 4795 Ἐκεῖ
605 4739 698 4812 ᾤκησεν
714 4736 757 4791 ota
771 4735 878 4809 ἐνόργειό
891 4753 935 4799 τις,
942 4732 999 4789 ἀλλ’
1010 4732 1090 4789 odola.
1141 4727 1274 4781 ἀλλοίωσιν
1297 4727 1473 4800 όπομεόναντα,
1488 4726 1533 4796 τὴν
1549 4727 1582 4790 εἰς
1605 4728 1684 4800 σάρκα
1697 4725 1775 4799 md,
1789 4723 1843 4779 ms
1863 4726 1898 4778 ὅτι

358 4845 374 4886 θ
391 4827 498 4883 ΟΕΕΙΙΝ.
517 4823 553 4879 Oli
567 4828 696 4897 σχετικῶς,
716 4818 773 4873 ἀλλ’
786 4819 919 4881 οθσῑωδῶς,
935 4817 969 4879 ὣς
987 4817 1052 4890 ψυχὴ
1068 4816 1092 4870 ἓν
1140 4812 1219 4884 σάρκα
1233 4809 1390 4884 {demptum
1404 4817 1496 4884 20²th
1510 4810 1572 4864 γδγαν
1586 4808 1730 4879 ἐποιήσατο.

324 4914 430 4984 σώματι,
448 4908 476 4963 σθ
488 4906 553 4980 ψυχὴ
565 4907 695 4978 γενόμενος
710 4909 746 4975 τῷ
760 4903 866 4974 σώματι,
882 4899 939 4953 ἀλλ’
956 4898 980 4953 ἔν
997 4902 1093 4972 σώματι
1176 4894 1196 4949 le
1215 4894 1318 4949 Arnlu.
1335 4901 1403 4950 orat.
1422 4909 1459 4948 ιν.
1479 4892 1602 4965 Ὕστερον
1615 4895 1656 4946 καὶ
1677 4893 1710 4947 δι’
1732 4892 1797 4965 ἡμᾶς
1809 4893 1898 4964 γέγονεν

326 4993 497 5068 ἔμψνχωμθνῳ
511 4989 615 5051 ἓνιυθεθς,
630 4989 658 5040 θν
673 4988 764 5059 τρόπον
779 4984 875 5037 ἑνοῦται
895 4981 961 5055 ψυχὴ
985 4983 1092 5053 σώματι.
1141 4977 1274 5049 ἅνθρωπος·
1291 4976 1332 5029 καὶ
1346 4982 1503 5048 σωματικῶς,
1517 4976 1551 5039 ὣς
1564 4994 1636 5047 φησιν
1654 4974 1815 5039 Μῶλος,
1827 4971 1899 5041 πρ

365 5076 386 5151 s
400 5078 510 5132 Cautnt.
537 5077 603 5126 lom.
626 5070 657 5134 V,
673 5076 743 5140 part.
762 5068 787 5123 ll
802 5066 831 5122 ln
846 5066 921 5121 llum.
939 5065 975 5120 de
989 5067 1091 5120 Notae.
1140 5078 1212 5129 αησεν
1224 5059 1239 5127 ἣ
1251 5060 1334 5127 θεότης
1346 5057 1370 5112 ἐν
1385 5063 1416 5130 τῇ
1425 5059 1507 5130 σαρκὶ,
1523 5053 1580 5113 ἴσον
1594 5064 1631 5130 τῷ
1642 5060 1725 5129 ράναι,
1736 5059 1788 5121 θεός
1798 5060 1832 5111 ὢν
1840 5054 1897 5108 ἴδιον

325 5159 415 5214 ”Aeone
429 5157 502 5213 πάλιν
516 5155 642 5226 λέγοντος·
657 5152 698 5205 καὶ
712 5151 810 5222 όλόγος
825 5147 883 5220 σὰρξ
898 5146 1093 5220 ἐγένετοοθαὲν
1142 5143 1200 5217 ἔσχε
1225 5150 1313 5215 σῶμα,
1340 5142 1382 5196 παὶ
1409 5143 1489 5214 τούτῳ
1509 5142 1638 5215 χρεόμενος
1658 5140 1757 5214 όργόνῳ
1784 5139 1898 5212 ἅνθρωποι

326 5243 447 5315 ἀνθρώπῳ
455 5240 566 5314 γέγονεν,
577 5234 643 5288 ἀλλὰ
653 5232 713 5304 σὰρξ
721 5233 817 5305 γέγονε,
825 5231 949 5285 τουτθστιν
959 5229 1092 5302 ἄνθρωπος.
1142 5228 1227 5297 γέγονε
1240 5226 1273 5279 δι’
1287 5225 1361 5298 ἡμᾶς.
1373 5225 1415 5278 καὶ
1424 5224 1465 5277 διὰ
1478 5230 1553 5279 τοῦτο
1563 5222 1594 5277 τὰ
1607 5224 1650 5297 μὲν
1668 5222 1721 5278 ἴδια
1734 5225 1820 5293 ταύτης
1832 5211 1898 5275 etiam

361 5326 511 5399 gsstattn.
528 5321 558 5378 iu
576 5318 656 5391 epist.
675 5314 762 5370 ’Ἦνειν
780 5333 809 5387 γε
824 5313 871 5386 μὴν
888 5311 921 5377 εἰς
941 5316 1015 5367 τοῦτο
1030 5311 1092 5367 ἀπο.
1141 5311 1255 5383 λέγεται,
1278 5307 1359 5377 ἐπειδὴ
1378 5306 1403 5363 ἐν
1424 5306 1486 5381 αῦιῇ
1503 5304 1544 5376 ἤν.
1572 5302 1617 5361 οἷό
1637 5305 1688 5362 ἔστι
1713 5309 1743 5363 τό
1762 5310 1854 5381 πεινῇν,
1871 5301 1898 5356 τό

329 5409 429 5480 πληξόσς
443 5406 563 5479 ἐπιθόμην
576 5402 654 5468 τινός,
674 5400 709 5463 ὡς
726 5397 759 5471 μὴ
773 5396 938 5451 ααταιδιῖαθαι
955 5396 1045 5467 λέγειν,
1060 5395 1094 5458 ὡς
1141 5394 1223 5467 διψῇν,
1237 5399 1292 5451 etc,
