3956 6158
199 2289 302 2349 ίίσοροείο

168 2344 315 2394 deuenisse.

340 246 401 311 θίθ
845 243 1170 311 rusuuoelcouuu
1193 244 1411 313 muuaruu

341 413 422 477 riom
433 412 571 497 quotidie
583 412 790 493 celebrantes;
805 431 841 478 ec
855 415 997 493 meliora,
1017 429 1112 496 quam
1163 431 1229 493 cup.
1250 432 1311 488 κεν,
1327 420 1359 478 et
1371 415 1411 479 ed
1423 416 1484 478 boc
1506 413 1699 479 offerendum
1711 415 1743 479 in
1755 433 1885 485 οοιοιιιοιιο

340 511 472 585 veteres,
489 507 648 583 sacrificio,
660 513 690 569 et
702 506 861 570 iunctiorm
875 506 1108 583 sacradiguati3
1162 506 1305 568 hortatur
1327 526 1450 585 omues,
1473 508 1527 588 qui
1547 508 1719 571 Christiana
1736 510 1887 591 professione
1957 556 1958 571 ι

342 596 428 660 nelos
446 599 514 679 jam
537 617 603 661 esse
628 598 771 661 ducimus
795 600 835 660 ad
855 600 907 660 iila
928 598 1028 679 primu
1049 599 1110 659 ele·
1161 606 1347 677 censentur;
1375 600 1517 677 clericos,
1540 600 1647 677 laicos,
1669 601 1759 676 viros,
1778 602 1887 679 feminas,
1958 667 1959 672 ,

341 695 457 765 menta,
475 696 506 752 et
519 691 673 753 imbecilla
681 691 794 768 delabi,
805 691 948 771 symbola
958 690 1109 766 videlicet,
1163 707 1286 768 pueros,
1302 693 1433 768 adultos,
1452 693 1518 753 siue
1531 693 1596 753 ullo
1609 693 1795 771 conditionis,
1806 696 1888 770 aistis,
1958 705 1959 754 ἱ

342 787 372 842 ei
385 782 545 861 imagines,
554 783 893 864 uonipsamveritatem
902 783 1107 862 complexae»
1161 785 1513 863 sexusquediscrimine.
1529 785 1816 864 Cuiusmodihcstiae
1828 794 1888 863 sunt,

341 874 379 935 Et
392 874 604 950 incalcelibri,
617 877 679 937 duo
692 877 776 957 apud
791 874 1111 937 Christianosyersari
1162 877 1649 955 operabona,etChristiauarum
1663 877 1888 953 officiariuutnu,
1958 903 1959 908 ¹

340 968 680 1045 generasacrificiorum
688 969 795 1030 asserit
808 989 815 1029 ι
826 988 926 1029 unum
947 975 1111 1029 externum
1161 969 1333 1046 praesertim
1346 969 1584 1046 beneficientiae,
1599 988 1635 1030 ac
1647 969 1789 1048 largitatis
1799 971 1828 1032 in
1839 989 1890 1050 ege
1958 1007 1959 1036 1

341 1063 373 1119 et
385 1059 645 1138 eucharisticum
666 1063 799 1123 alterum
820 1062 854 1122 iu
871 1061 985 1137 auimi,
1002 1078 1110 1140 corpo·
1161 1076 1235 1135 nos;
1251 1061 1290 1121 ad
1304 1080 1381 1141 quas
1395 1064 1460 1123 Deo
1474 1063 1675 1140 praestandas,
1696 1063 1892 1142 offerendssque
1958 1061 1959 1066 ’

341 1150 445 1231 risque
457 1153 592 1232 puritate
606 1155 760 1233 positum:
779 1154 905 1231 «Igitur
917 1160 948 1215 et
960 1154 1110 1214 sacrifica·
1161 1158 1287 1213 cunctus
1307 1153 1390 1214 idem
1411 1154 1527 1214 Paulus
1546 1155 1658 1215 excitet
1682 1155 1716 1215 in
1737 1152 1892 1234 speculari
1958 1213 1959 1218 ,

341 1260 423 1321 mus,
439 1244 492 1313 ait,
509 1250 540 1306 et
553 1246 592 1306 ad
605 1247 746 1308 suffitum
760 1246 935 1322 adolemus;
951 1245 1028 1306 alias
1042 1246 1111 1325 qui·
1161 1241 1301 1305 Hebraeos
1311 1245 1334 1305 2.
1351 1246 1492 1307 Alterum
1512 1252 1558 1307 est
1571 1247 1711 1309 sacrificii
1724 1266 1820 1326 geum,
1830 1248 1890 1331 quod

342 1335 414 1397 dem
428 1354 551 1416 moguae
563 1338 670 1400 hostiae
681 1339 866 1399 memoriam
876 1339 1047 1399 seeundum
1060 1357 1108 1415 ea,
1161 1342 1326 1398 externum
1344 1344 1435 1399 rorat
1452 1359 1459 1398 :
1474 1341 1514 1400 ad
1528 1339 1612 1418 quod
1627 1339 1836 1400 immolandum
1844 1360 1891 1401 non

342 1446 409 1507 quse
424 1429 538 1509 abipso
552 1431 1108 1511 traditasuntmysteriacelebruntes,
1162 1447 1270 1491 omues
1298 1431 1485 1492 adhibentur
1508 1432 1685 1511 promiscue
1710 1452 1718 1492 ε
1745 1432 1793 1493 sed
1816 1439 1892 1493 certus
1957 1426 1958 1453 ³

342 1526 372 1581 et
382 1521 608 1584 Ericharisiiam
622 1523 720 1601 illum,
736 1542 806 1603 quse
820 1523 860 1583 oh
873 1523 1004 1584 salutem
1021 1523 1110 1583 nobis
1162 1523 1375 1585 ministrorum
1386 1525 1475 1603 ordo,
1491 1525 1673 1586 sacerdotali
1684 1524 1892 1603 nominedigni·

342 1633 515 1676 concessam
538 1615 710 1689 exhibetur,
736 1616 796 1696 piis
823 1616 949 1696 hymnis
972 1617 1048 1686 Deo,
1073 1636 1109 1677 ac
1161 1620 1234 1688 tate,
1250 1635 1286 1676 ac
1304 1618 1535 1679 consecratione
1550 1618 1709 1698 preditus.
1957 1672 1958 1675 ,

340 1706 483 1787 precibus
509 1708 687 1783 offerentes3
708 1709 783 1769 alias
807 1708 957 1788 nosipsos
981 1709 1037 1768 toti
1050 1708 1109 1788 ipsi
1202 1709 1256 1769 XI.
1280 1710 1348 1770 Nou
1368 1710 1452 1771 aliud
1475 1710 1608 1790 Cyrillns
1632 1709 1892 1790 Hierusolymitmus
1932 1755 1949 1782 ,ς

340 1805 561 1875 consecrantes,
577 1805 607 1861 et
634 1801 774 1862 Pontifici
794 1801 890 1881 ipsius
913 1801 1014 1861 Verbo
1037 1818 1109 1860 cum
1161 1799 1195 1859 iu
1220 1799 1366 1861 Catecdeu'
1386 1806 1587 1883 mystoyoyico
1605 1803 1759 1882 significat
1781 1822 1788 1863 :
1807 1802 1893 1882 inqua

341 1910 468 1972 corpore
481 1892 647 1973 animaque
661 1892 783 1955 dicatil.
799 1915 815 1952 u
1162 1892 1407 1954 Euclraristieum
1430 1900 1671 1971 sacramentum,
1687 1903 1718 1957 et
1732 1894 1891 1966 sscdfiuuu,

381 1985 467 2046 idem
494 1985 635 2047 sacrificii
663 2004 761 2065 genus
786 1985 912 2066 duplex,
938 1987 1107 2064 interioris,
1162 1990 1192 2045 et
1205 1987 1367 2066 utriusque
1385 1985 1623 2048 administrandi
1642 1987 1741 2049 ritum
1756 1987 1893 2050 luculenter

340 2074 375 2137 ln
389 2078 549 2159 animique
575 2078 736 2140 affectione
756 2086 840 2141 recta
860 2079 964 2159 positi,
980 2086 1010 2140 et
1024 2086 1108 2141 exte·
1161 2077 1288 2157 exponit
1305 2098 1311 2138 :
1326 2081 1381 2157 qui
1395 2096 1468 2139 cum
1481 2080 1633 2141 hodierno
1654 2080 1829 2141 adamussim
1840 2097 1892 2141 con·

340 2170 442 2248 ricris,
458 2172 542 2250 quod
564 2172 621 2233 soli
643 2173 813 2233 sacerdotes
830 2172 976 2248 offerunt,
991 2173 1109 2252 perspi·
1159 2171 1255 2249 gruit,
1290 2177 1326 2231 ut
1360 2178 1391 2233 et
1425 2172 1491 2233 rari
1523 2173 1671 2253 corporis,
1707 2173 1893 2253 sanguinisque
1958 2177 1959 2182 ’

340 2281 396 2325 cue
429 2263 594 2338 Gregorius
621 2264 830 2325 Nazianzenus
859 2263 998 2325 distinxit
1035 2283 1108 2325 ora·
1159 2262 1273 2323 Christi
1282 2263 1440 2343 professio,
1456 2265 1569 2343 quain
1583 2265 1643 2327 hoc
1652 2266 1795 2327 sacrificio
1807 2265 1891 2342 reipsa,

340 2354 424 2416 tione
445 2356 546 2435 prima
569 2355 771 2435 apologetica,
786 2357 820 2416 in
844 2376 906 2436 qua
931 2356 1019 2417 nitati
1037 2376 1056 2417 a
1076 2376 1108 2419 se
1158 2373 1217 2416 nec
1230 2356 1341 2435 specie,
1351 2361 1382 2417 et
1396 2357 1733 2420 adumbrationetenus
1743 2358 1891 2420 offeruntur.

340 2448 428 2529 prius
448 2448 642 2528 episcopatus
669 2449 822 2510 rationem
849 2449 970 2510 reddit:
992 2470 1008 2507 ο
1028 2450 1108 2510 Cum
1160 2448 1244 2508 luter
1272 2448 1348 2510 allas
1371 2468 1465 2529 porro
1490 2468 1584 2511 sacrae
1603 2460 1757 2532 λειτουργίας
1778 2451 1892 2519 achone,

339 2540 406 2602 haec
438 2539 534 2619 igitur·
559 2558 693 2614 nossem,
710 2541 765 2617 ait,
790 2547 819 2601 et
846 2540 922 2601 illud
945 2547 1104 2621 praeterea,
1159 2541 1303 2602 meminit
1325 2543 1528 2622 hymnorum,
1542 2562 1578 2605 ae
1599 2543 1742 2621 laudum,
1766 2562 1827 2624 qna
1844 2547 1894 2603 tun

338 2632 498 2695 nemiuem
538 2633 666 2713 dignum
703 2650 768 2694 esse
804 2650 918 2712 magno
957 2639 988 2694 ct
1021 2634 1105 2710 Deo,
1158 2634 1221 2694 Deo
1235 2634 1454 2714 persolvuntur
1470 2656 1478 2697 :
1493 2655 1550 2700 nec
1573 2653 1639 2698 non
1655 2654 1793 2717 precum,
1810 2642 1895 2696 stou·

339 2731 370 2787 ct
401 2725 566 2802 sacrificio,
595 2734 626 2786 et
655 2725 826 2802 Pontifice,
854 2724 915 2785 uisi
949 2727 1003 2805 qui
1026 2727 1106 2807 seip-
1157 2726 1290 2804 tionum,
1319 2747 1388 2807 quae
1414 2747 1471 2808 pro
1506 2729 1651 2790 omnibus
1685 2729 1845 2790 firnduntur
1865 2725 1894 2785 sd

337 2836 408 2880 sum
439 2818 525 2900 prius
559 2819 706 2879 obtulerit
739 2819 802 2877 Deo
838 2816 969 2878 hostiam
1002 2819 1108 2879 riven-
1158 2820 1265 2879 Deum.
1287 2840 1303 2877 α
1318 2819 1433 2881 Deinde
1445 2828 1514 2900 post
1527 2821 1716 2891 absolutum,
1729 2816 1894 2901 iuquitillud

336 2908 428 2978 tem¹,
465 2916 612 2983 sanctam,
642 2930 677 2972 ac
710 2909 892 2970 rationabile
923 2910 1106 2989 obsequium
1157 2911 1316 2991 spirituale
1343 2911 1537 2990 sacrificium,
1570 2914 1628 2975 hoc
1655 2920 1701 2975 est
1729 2914 1895 2975 incruentum
1958 2951 1959 2958 ι

283 3004 285 3010 ’
336 3009 461 3083 gratum
472 3003 658 3078 exhibuerit,
676 3005 800 3082 [leoque
809 3002 993 3063 sacrificium
1006 3003 1107 3065 laudis
1157 3004 1275 3065 cultum
1290 3023 1382 3083 super
1394 3005 1448 3065 illa
1462 3006 1689 3085 propitiationis
1708 3006 1815 3080 hostia,
1827 3003 1895 3063 aba

336 3095 515 3168 immolarit,
524 3102 554 3156 et
565 3096 706 3177 spiritum
720 3096 1106 3174 contritum3quodsolum
1157 3115 1279 3157 cramus
1311 3098 1409 3158 Deum
1441 3116 1498 3178 pro
1526 3098 1687 3159 cummuni
1719 3096 1895 3159 Ecclesismu

336 3206 354 3249 a
370 3189 460 3250 nobis
473 3189 750 3264 omniumlargitor
763 3188 1103 3267 sacrificiumpostulai3
1156 3186 1265 3267 pacet.
1281 3209 1297 3246 υ
1324 3195 1382 3249 etc.
1408 3189 1454 3249 lbi
1468 3197 1619 3269 ἀναίμακτον
1631 3198 1748 3270 λατρείαν
1766 3193 1846 3249 voest
1858 3186 1894 3246 iu·

335 3296 473 3360 quonam
502 3286 590 3361 pacto
618 3280 803 3341 sacrificium
829 3280 906 3340 illud
928 3286 1103 3361 externum,
1156 3287 1319 3342 cruentum
1347 3282 1446 3343 Missae
1475 3283 1672 3358 sacrificium,
1697 3288 1731 3342 at
1744 3288 1830 3355 ίοοίτν,
1847 3295 1893 3359 qno
1944 3285 1946 3290 ’

335 3388 582 3452 magnorumque
597 3372 818 3453 mysteriorum
833 3373 965 3451 figuram
986 3373 1105 3435 habens
1154 3374 1305 3435 vocabulo
1319 3392 1384 3435 uon
1410 3374 1505 3436 semel
1523 3374 1641 3451 utitur;
1663 3374 1710 3435 uti
1730 3374 1892 3454 praeopta

334 3465 445 3527 offerre
459 3465 518 3545 ipsi
530 3484 594 3526 non
608 3464 753 3527 vererer?
768 3471 822 3525 sut
836 3465 993 3545 quomodo
1005 3484 1106 3528 sacer-
1154 3474 1198 3542 rip
1214 3475 1294 3547 ἁγίαν,
1310 3476 1351 3529 καὶ
1364 3476 1559 3547 φρικωδεστάτην
1586 3477 1691 3539 νοτίαν,
1720 3475 1858 3539 muru,
1874 3467 1894 3521 εί

334 3555 578 3630 dotishabiturrr,
594 3563 751 3619 etnomen
765 3557 921 3633 subirem,
937 3564 1104 3638 autequam
1153 3558 1331 3620 tremendum
1359 3558 1553 3638 sucrificium,
1582 3559 1728 3639 appellet.
1756 3560 1802 3619 Sic
1823 3557 1894 3618 eun

333 3649 1021 3730 sanctisoperibusmanusconsecrassem⁶?»
1039 3655 1104 3714 Hoc
1154 3652 1346 3731 Epiphanius
1362 3659 1477 3732 λατρείαν
1486 3658 1678 3731 τῆςοίκονομίκς
1699 3652 1783 3713 idem
1802 3644 1893 3711 ascrih
1952 3669 1954 3676 ¹

333 3740 399 3803 loco
412 3743 576 3822 Gregorius
585 3744 701 3824 duplex
709 3744 785 3804 illud
796 3745 945 3823 agnoscit,
958 3745 1102 3824 explicat·
1154 3743 1236 3804 cium
1267 3744 1409 3804 nominat
1434 3749 1619 3823 :utsupra
1652 3743 1754 3804 obiter
1783 3737 1895 3804 sairath
1927 3745 1943 3758 ''

332 3852 504 3915 quageuus
526 3836 678 3914 sacrificii,
699 3836 831 3897 alterurn
852 3836 936 3915 qnod
956 3836 994 3897 ub
1009 3838 1098 3898 chri-
1149 3836 1301 3897 vertimus
1310 3835 1331 3897 ⁸.
1361 3836 1421 3897 Sed
1449 3842 1480 3897 et
1507 3836 1636 3897 basilius
1662 3837 1697 3896 in
1721 3830 1894 3897 orationedc
1958 3911 1959 3914 Ἴ

331 3926 424 3988 tlanis
457 3927 601 3990 omnibus
634 3929 692 3989 rite
727 3928 899 3989 celebratur
926 3948 933 3989 ε
963 3928 1001 3990 de
1035 3949 1098 4010 qno
1148 3930 1282 4012 dejecto,
1323 3950 1338 3987 u
1373 3928 1579 4005 Sacerdotem,
1606 3929 1669 4007 ait,
1694 3929 1812 4009 jejunio
1836 3942 1893 4006 per·

331 4020 496 4100 Apostolus
517 4020 655 4101 loquitur
667 4021 701 4081 in
727 4020 855 4105 epistola
876 4020 916 4082 ud
940 4021 1096 4101 Romanos,
1148 4022 1209 4083 fici.
1246 4022 1309 4082 Nec
1338 4020 1424 4081 enim
1447 4020 1515 4082 fieri
1549 4027 1718 4102 potestat
1752 4022 1814 4083 sine
1826 4018 1892 4097 jeju·

367 4216 388 4257 α
406 4201 468 4257 lius.
484 4200 495 4258 l
510 4200 547 4259 de
560 4206 642 4259 bem.
662 4200 770 4264 Εἰκότως
784 4200 828 4270 τὴν
840 4206 884 4256 του
899 4203 1015 4275 σώματος
1028 4201 1103 4258 αὐτοῦ
1188 4214 1203 4257 c
1223 4199 1336 4257 Nsrrsu.
1351 4204 1421 4257 orei.
1448 4214 1468 4255 r.
1486 4199 1568 4253 raon
1586 4191 1629 4253 οθν
1657 4197 1729 4262 εἰδὼς
1749 4197 1805 4272 ips»,
1816 4196 1852 4251 καὶ
1863 4195 1893 4249 ia

329 4284 427 4340 καὶτοῦ
446 4286 550 4359 αἵματος
570 4280 614 4352 τὴν
628 4281 767 4358 ίιπθμνησιν
787 4287 907 4358 ὁσημέραι
926 4281 1101 4351 ἔσιτελοῖιντες,
1153 4282 1236 4357 μηδείς
1249 4282 1313 4345 ἄξιός
1327 4280 1378 4337 ἔστι
1392 4286 1436 4337 τοῦ
1449 4283 1556 4355 μεγάλου
1570 4282 1611 4335 καί
1622 4282 1689 4348 θεοῦ,
1702 4285 1744 4336 καί
1755 4277 1895 4355 &iamed

329 4369 370 4422 καί
384 4373 427 4437 τῆς
439 4365 586 4442 κρείττονος,
599 4368 689 4437 haar&
702 4370 759 4431 τοίις
774 4369 901 4434 παλαιοίις,
918 4370 1000 4431 θυσίας
1013 4390 1050 4435 τε,
1060 4372 1101 4424 ναί
1152 4367 1295 4440 ἀρχιερέως,
1317 4368 1384 4429 θστις
1407 4365 1440 4438 μὴ
1468 4368 1587 4439 πρότερον
1610 4365 1696 4421 ἑαυτὸν
1721 4365 1894 4439 affeetu

328 4451 464 4525 ἱερουργίας
476 4452 617 4526 ἠξιωμένοι,
635 4451 714 4506 οίνιέθ
728 4454 796 4507 θοιον
805 4452 929 4525 ἡγοίμεθα
942 4454 1100 4508 καταπίπτειν
1150 4451 1198 4522 θεῷ
1212 4450 1294 4503 θυσίαν
1323 4453 1416 4516 ζῶσαν,
1440 4449 1522 4522 ἁγίαν,
1538 4449 1599 4522 μηδὲ
1624 4450 1667 4519 τὴν
1691 4445 1894 4525 repetasque·

328 4532 368 4590 έπί
381 4535 413 4589 τὰ
433 4543 529 4610 πρῶτα,
544 4537 585 4590 καί
607 4535 693 4604 ἀσθενῆ
708 4539 830 4609 στοιχεῖα,
845 4536 968 4609 σθμθολα,
982 4536 1024 4588 καί
1038 4535 1099 4589 eisd-
1151 4533 1279 4606 εὐάρεστον
1294 4530 1442 4595 ίτεθείξατο·
1460 4532 1521 4605 μηδὲ
1539 4532 1609 4588 ἔθυσε
1626 4538 1664 4605 τῷ
1677 4539 1727 4605 θεῷ
1745 4533 1823 4601 θυσίαν
1844 4526 1894 4580 «Μ’

328 4638 381 4684 νας,
394 4618 450 4673 ἀλλ’
463 4619 506 4675 οθκ
521 4619 596 4688 αὐτὴν
608 4620 721 4688 ἀλήθειαν
731 4620 885 4693 περιέχοντα.
1151 4636 1222 4682 σεως,
1241 4618 1282 4670 ναί
1308 4621 1405 4690 πνεῦμα
1427 4618 1642 4689 συντετριμμένον,
1669 4619 1701 4685 ἣν
1716 4619 1789 4689 μένην
1805 4610 1894 4669 teba

363 4704 381 4760 b
399 4702 439 4759 ib.
459 4698 553 4759 Οὐκοῦν
562 4705 602 4757 καί
617 4704 714 4777 θυόμεν,
730 4704 770 4756 καί
784 4703 908 4775 θυμιῶμεν
922 4700 981 4757 ποτὲ
997 4702 1039 4775 μὲν
1054 4700 1098 4770 τὴν
1149 4701 1206 4762 lohe
1221 4699 1321 4754 ἀπαιτεῖ
1337 4701 1395 4771 παρ’
1413 4699 1484 4772 ἡμῶν
1500 4700 1594 4754 θυσίαν·
1610 4706 1663 4762 πῶς
1681 4699 1784 4772 ipsium
1796 4694 1893 4767 θαῤῥῆῦ

329 4787 426 4860 μνήμην
441 4791 484 4843 τοῦ
500 4788 608 4861 μεγάλου
622 4786 728 4859 θύματος
742 4786 805 4841 κατὰ
818 4785 850 4840 τί
861 4786 921 4859 πρθς
936 4785 1010 4840 circii
1020 4804 1099 4858 παρα·
1149 4783 1291 4857 προσφέρειν
1315 4781 1383 4837 etta
1395 4780 1439 4850 τὴν
1458 4780 1553 4849 ἔξωθεν,
1572 4783 1617 4852 τὴν
1631 4789 1682 4838 τῶν
1698 4783 1806 4857 pesclu
1819 4792 1893 4851 μνπε·

328 4871 429 4925 δοθέντα
443 4872 564 4944 μυστήρια
576 4866 752 4935 interlineares,
767 4870 808 4923 καί
832 4869 876 4938 τὴν
897 4869 956 4942 θσὲρ
976 4866 1098 4942 σωτηρίας
1150 4867 1208 4940 ρίων
1222 4866 1371 4937 ἀντίτυπονς
1388 4866 1405 4933 ἢ
1423 4872 1476 4927 πῶς
1495 4865 1578 4939 ἱερέως
1591 4871 1687 4942 σχῆμα,
1702 4867 1742 4922 καί
1760 4864 1834 4937 θυαμ
1845 4858 1893 4913 ln·

326 4951 398 5024 ἡμῶν
413 4950 565 5028 εὖχαριστίαυ
575 4952 608 5007 δι’
628 4952 733 5009 russeus
751 4954 834 5026 θμνων
847 4972 889 5018 τε,
908 4954 949 5006 καί
969 4952 1048 5027 :hydri
1060 4958 1098 5027 τῷ
1148 4950 1253 5016 δίεσθαι,
1267 4951 1324 5023 πρίν
1338 4948 1415 5013 θσίοις
1428 4948 1507 5022 ίργοις
1519 4950 1699 5015 salechonis&
1711 4950 1803 5023 χεψαςς

327 5036 375 5109 θεῷ
388 5036 701 5110 προσκομίζοντες·τοτίθέ
716 5040 777 5109 speie
793 5036 941 5109 αίιτοίιςθλῳ
956 5038 1098 5110 καθιεροῦν·
1184 5032 1206 5089 (ί
1225 5035 1333 5090 Clarus.
1355 5033 1465 5087 Hessos.
1487 5032 1606 5088 Garat.
1626 5038 1710 5105 Mytt-
1725 5032 1755 5088 ί.
1773 5021 1892 5099 Erepsi

326 5118 452 5193 τεςαίτῷ,
468 5122 508 5175 καί
522 5127 596 5193 τῷγε
613 5120 725 5195 ἀρχιερεῖ
737 5115 812 5175 sosoi
820 5121 891 5194 λόγῳ
908 5118 975 5195 sitq
986 5121 1095 5193 σώματι,
1147 5117 1177 5170 τθ
1192 5116 1367 5188 ἀπαρτισθῆναι
1375 5114 1418 5184 τὴν
1427 5114 1590 5187 πνευματικὴν
1601 5116 1695 5179 θυσίαν,
1709 5114 1750 5183 τίς
1762 5109 1891 5181 ΜΡΝ

325 5202 368 5256 καί
379 5203 447 5277 ψηχῇ
462 5203 623 5276 ἀνακείμενοι.
1146 5199 1260 5272 λατρείαν
1275 5197 1313 5253 ieri
1334 5203 1377 5267 τῆς
1396 5199 1480 5261 θυσίας
1494 5197 1585 5268 έαείνης
1607 5194 1652 5253 τοῖν
1673 5190 1786 5269 ίλασμοῖι,
1799 5205 1890 5265 τερα·

1048 5294 1050 5297 ’
1145 5283 1235 5357 λοθμεν
1245 5283 1287 5339 τὸν
1301 5282 1354 5341 esis
1368 5281 1428 5355 θσίρ
1441 5286 1523 5353 κοινῆς
1536 5288 1587 5337 τῶν
1602 5278 1837 5352 ένιαλιρσιῶνείρήνες

354 5427 435 5474 iiiam.
446 5438 501 5482 ssu,
514 5427 536 5472 i.
545 5448 570 5462 -
584 5431 597 5471 υ
609 5427 672 5473 ίίείιε.
685 5436 734 5480 sur,
747 5426 781 5471 15.
795 5426 847 5472 -θ
863 5425 909 5472 Lib.
921 5426 940 5471 ll
954 5436 1034 5483 ειμι,
1049 5426 1092 5483 ςθ.
