3936 6152
338 275 398 338 430
846 275 1171 341 rnuomutconnu
1195 276 1413 343 munerun

338 440 523 521 usurpent¹.
539 442 617 502 Cum
631 442 715 503 enim
728 444 843 524 duplex
851 445 885 506 in
899 448 962 508 Deo
976 444 1105 507 scientie
1156 462 1231 514 esse,
1260 463 1423 526 nunquam
1448 452 1555 511 temon
1580 455 1696 512 ersmt:
1715 454 1746 509 et
1762 466 1817 509 nou
1835 452 1895 510 eutto

337 532 414 608 sit'3
430 533 536 609 ultera,
550 552 612 613 qne
625 552 673 595 res
685 553 741 615 per
751 539 911 611 sese,citre
920 537 1102 605 existentiis,
1155 543 1304 598 vocentur
1317 539 1467 601 absolute.

337 623 386 684 vel
399 625 547 704 temporis
563 626 752 705 implicatam
775 630 935 690 notionem
948 628 1102 708 intelligit,

337 735 407 795 qum
433 717 528 796 vulgo
558 717 699 798 simplicis
732 719 939 802 inteltipentioe
965 722 1101 782 dicitur:

336 807 441 887 alteru,
458 828 519 888 qua
533 827 582 871 res
595 811 635 870 ed
648 812 882 891 producendum
892 814 1103 888 destinatas,et

337 901 500 963 existentes
513 902 547 963 in
560 905 707 981 temporis
720 904 894 967 differentia
909 907 1013 985 alique
1028 923 1103 966 con·
1388 920 1568 1003 CAPUT
1608 923 1683 1006 lv·

335 994 512 1073 temptetur,
538 1014 608 1075 ques
642 997 760 1058 visionis
791 998 914 1059 scientio
950 1004 1100 1059 vocetur:

337 1085 451 1148 Christi
475 1089 612 1149 enimam
629 1089 729 1168 placet
747 1090 857 1155 iisdem
878 1089 938 1150 illis
952 1089 1104 1168 theologis

336 1180 441 1240 omnin
468 1182 605 1258 cognitu,
635 1168 920 1261 comprehehseque
946 1181 1101 1259 hahuisse,

336 1272 587 1351 quseposteriore
609 1274 667 1335 hue
680 1274 807 1335 scientie
830 1275 910 1335 Deus
932 1274 1100 1351 intelligit:
1154 1270 1900 1357 Demonstratianimectristisotentiasnoym

335 1381 400 1424 non
424 1370 528 1426 eutem
554 1365 661 1426 omnin
684 1366 873 1446 percepisse,
904 1386 972 1446 quae
1000 1368 1103 1447 priore
1200 1362 1343 1425 Victorini
1352 1365 1429 1446 [oisc
1441 1366 1550 1446 opinio,
1569 1366 1687 1428 noitom
1697 1367 1901 1450 adsumptione

334 1458 514 1535 cognoscit:
531 1460 600 1519 Non
614 1460 699 1519 enim
709 1458 863 1539 possibilia
878 1459 984 1520 omnin
1000 1477 1100 1535 nosse,
1193 1457 1367 1530 r'nereotorn,
1382 1460 1414 1516 in
1433 1456 1552 1519 Christo
1571 1457 1686 1519 domine
1701 1458 1792 1539 risisse
1803 1462 1899 1542 sopior·

334 1548 380 1608 uti
388 1549 454 1628 jem
469 1550 614 1610 diximus.
632 1571 648 1608 o
663 1550 731 1612 Hoc
754 1552 838 1611 enim
857 1557 936 1612 esset
958 1569 1101 1630 compre·
1192 1546 1278 1608 trono.
1295 1549 1323 1609 2.
1341 1548 1391 1611 lio
1404 1567 1469 1610 cero
1484 1548 1645 1630 refellitur,
1664 1556 1694 1611 et
1706 1552 1825 1630 posonio
1839 1573 1899 1633 pro-

333 1641 469 1702 henderc
496 1644 611 1719 omnin,
642 1661 713 1721 queo
741 1643 821 1703 Deus
853 1649 953 1722 potest
979 1643 1099 1704 iecere:
1190 1639 1323 1720 ponitur,
1340 1659 1381 1703 on
1396 1640 1514 1703 Christi
1529 1641 1631 1704 animo
1644 1641 1797 1704 beotoDci
1811 1644 1900 1707 oneo

333 1734 417 1811 quod
431 1740 510 1795 esset
519 1735 782 1814 comprehendere
793 1734 931 1796 divinem
941 1736 1100 1815 virtutem,
1190 1732 1285 1812 potito
1296 1733 1337 1794 sit
1350 1734 1388 1794 ob
1402 1742 1470 1794 orto
1484 1734 1570 1814 ipso:
1587 1734 1837 1817 respondetnspne,
1851 1739 1899 1799 stirs

333 1831 364 1886 et
379 1844 435 1906 per
455 1845 645 1907 consequens
659 1828 797 1888 divinem
808 1828 981 1889 essentium.
996 1829 1101 1889 Virtus
1192 1823 1460 1899 uitodnoitotiooe,
1477 1827 1523 1887 oet
1536 1828 1747 1905 controversia,
1764 1828 1847 1892 ilion
1857 1828 1899 1891 io·

332 1919 416 1978 enim
435 1919 581 1997 quelibet
598 1921 793 1999 cognoscitur
817 1939 872 1999 per
891 1921 1101 2000 cognitionem
1193 1916 1294 1979 toton.
1313 1920 1341 1980 3.
1357 1916 1443 1993 Quod
1453 1916 1583 1999 deinceps
1593 1919 1898 2002 probotnreScriptr·

332 2010 527 2084 omnium‚in
541 2030 610 2091 quoe
620 2017 720 2092 potest
731 2033 739 2088 ;
750 2035 765 2070 n
779 2019 814 2072 ut
822 2013 866 2073 eit
881 2013 914 2074 Β.
931 2010 1097 2074 Thomes³.
1192 2010 1245 2084 ris,
1261 2017 1290 2072 et
1303 2010 1459 2073 Patribus.
1475 2013 1503 2072 t.
1530 2011 1650 2073 Jooonn
1664 2012 1745 2075 locus
1765 2014 1798 2075 io
1813 2014 1898 2077 Eoos·

332 2104 390 2177 Qui
405 2110 435 2165 ct
449 2104 510 2165 duo
522 2105 665 2183 qnaedem
677 2105 896 2166 animadvertit
909 2105 987 2166 scitu
997 2123 1100 2166 neces-
1191 2101 1266 2182 petii
1281 2102 1380 2184 capite
1400 2107 1498 2184 primo
1513 2102 1692 2169 illustratus.
1708 2107 1739 2170 5.
1758 2107 1901 2187 Aupnstioi

330 2197 411 2257 sarie
427 2217 434 2257 :
450 2197 592 2257 Alterum
605 2195 627 2271 ⁴,
644 2198 676 2257 id
686 2196 868 2276 simpliciter
876 2198 935 2258 dici
948 2199 1100 2277 ots,quod
1191 2193 1226 2256 de
1239 2214 1273 2258 eo
1285 2215 1318 2256 re
1335 2196 1543 2259 testimoninm.
1559 2201 1590 2258 6.
1606 2197 1693 2276 Alio,
1715 2219 1780 2280 qne
1793 2199 1829 2261 od
1839 2218 1901 2260 ner·

330 2293 475 2349 estoetn:
504 2289 588 2368 qnod
610 2295 715 2350 eutem
737 2290 877 2369 potentie
898 2296 953 2365 est,
969 2309 1017 2351 ens
1034 2310 1099 2352 esse
1191 2287 1283 2349 nullis
1306 2296 1485 2365 asseruntur,
1511 2287 1593 2351 hond
1615 2291 1687 2351 sots's
1714 2310 1850 2372 expresso.
1875 2294 1897 2351 t.

330 2380 486 2442 urendum
500 2379 581 2461 qnid.
595 2380 691 2442 Porro
702 2387 917 2455 cum,euctore
925 2383 1097 2453 Aristotele,
1190 2379 1316 2442 Eusebii
1344 2379 1532 2443 Caesariensis
1567 2381 1645 2444 locos
1678 2383 1856 2465 expedito.
1874 2386 1898 2444 8.

330 2474 577 2553 unumquodque
590 2460 1021 2552 cognoscetur,qunestactu{
1034 2494 1099 2537 non
1195 2471 1306 2534 Christi
1332 2473 1463 2537 orimum
1489 2474 1573 2537 teoto
1597 2474 1656 2536 Dei
1668 2477 1776 2539 ursione
1795 2497 1855 2537 onos
1875 2476 1899 2536 ir

331 2571 435 2627 nutem
449 2585 510 2645 quc
524 2566 662 2645 potentin
680 2574 745 2641 est3
761 2567 888 2629 scicntia
899 2568 983 2627 enim
998 2568 1099 2647 primo
1190 2566 1276 2626 terris
1288 2563 1416 2645 deperet,
1423 2570 1554 2647 potitam
1564 2586 1622 2629 esse
1631 2567 1898 2635 certissimccreder·

329 2677 365 2719 ec
379 2659 534 2739 precipue
547 2664 663 2739 spectet
677 2659 721 2735 id,
746 2661 830 2738 quod
844 2667 891 2720 est
905 2666 974 2721 octo
992 2679 998 2720 :
1016 2661 1100 2739 quod
1190 2657 1275 2726 duom
1288 2660 1319 2720 9.
1338 2658 1381 2720 De
1391 2659 1511 2721 scientio
1524 2658 1640 2721 cerco
1649 2662 1802 2743 acquisito.

329 2759 435 2812 nutem
448 2752 585 2830 potentio
599 2758 644 2813 est
662 2753 797 2813 secundo
815 2751 896 2813 loco.
920 2754 989 2819 Non
1014 2754 1099 2815 enim

329 2862 385 2924 per
401 2864 434 2905 se
448 2844 660 2922 cognoscitur3
673 2845 726 2905 sed
737 2850 891 2923 quatenus
900 2844 977 2906 illud
988 2864 1100 2925 cogno·
1189 2842 1214 2903 I.
1239 2843 1347 2904 Restat
1360 2849 1396 2903 ut
1407 2843 1445 2904 de
1459 2840 1624 2922 multiplici
1642 2844 1777 2907 scientie
1790 2864 1899 2927 genere,

329 2937 438 3014 scitur,
468 2938 555 3015 cujus
578 2938 716 3017 potentie
738 2939 927 2999 continetur.
957 2938 1099 3000 Alterum
1148 2954 1210 3014 quo
1234 2935 1375 2996 Christus
1394 2936 1489 2997 homo
1511 2936 1660 3013 preditus
1679 2938 1751 3014 fuit,
1771 2956 1898 3018 egenen

328 3029 433 3090 beatos
451 3028 485 3090 in
502 3030 604 3090 Verbo
619 3048 683 3090 non
707 3031 810 3090 omniu
833 3030 959 3110 quidem
982 3050 1097 3109 cogno·
1146 3026 1239 3106 idque
1266 3027 1382 3107 paucis.
1411 3028 1491 3089 Nam
1514 3029 1637 3107 porcius
1664 3031 1749 3110 apud
1771 3031 1899 3110 antiquos

329 3140 425 3199 scere,
449 3140 519 3200 quse
551 3128 680 3200 possunt
700 3140 764 3182 esse
779 3141 786 3197 3
803 3122 857 3183 scd
879 3128 966 3184 tento
993 3123 1095 3202 pluro,
1148 3120 1253 3180 Patres
1275 3119 1322 3180 rei
1342 3120 1436 3199 hujus
1464 3120 1598 3185 occurrit
1619 3123 1750 3201 mentio,
1772 3126 1899 3184 emeretr

328 3219 445 3293 quianto
459 3213 623 3293 perfectius
632 3212 944 3276 Verbumintuentur
955 3234 1097 3295 :prorsus
1147 3212 1283 3292 quidem,
1299 3216 1332 3274 ct
1345 3220 1548 3292 expressetut
1554 3214 1733 3277 scholarum
1742 3217 1899 3296 mugisessc

327 3311 432 3368 untcm
446 3324 554 3366 omnes
567 3305 599 3366 id
613 3324 807 3384 cognoscere,
823 3307 906 3385 quod
926 3308 964 3368 ad
980 3313 1096 3368 statum
1145 3304 1435 3386 proprieuideetur.

326 3417 420 3460 suum
433 3399 578 3479 pertinet.
603 3398 721 3473 Quibus
735 3417 774 3459 ex
791 3399 913 3460 dnobus
935 3400 1013 3461 illud
1027 3400 1093 3461 etti·
1187 3398 1279 3477 Cujus
1294 3397 1511 3477 disputationis
1524 3403 1681 3473 absumet
1692 3399 1815 3461 initium
1826 3398 1899 3461 dubit
1917 3419 1929 3462 r

326 3492 424 3565 citur3
439 3490 593 3570 imprimis
606 3490 717 3551 Christi
728 3492 866 3551 animem
876 3492 981 3552 omnin
991 3510 1093 3568 nosse,
1145 3491 1302 3569 quoddam
1311 3491 1431 3551 dictum
1445 3491 1586 3570 Hugonis
1596 3491 1693 3566 illius,
1708 3510 1801 3571 quem
1812 3492 1899 3569 cupite

326 3603 396 3664 quae
418 3584 527 3663 quovis
554 3583 690 3647 existunt
712 3590 871 3663 tempore3
904 3586 1020 3665 qnippe
1044 3585 1094 3647 cui
1145 3583 1352 3657 antecedenti,
1376 3583 1487 3645 Christi
1510 3583 1648 3645 scientie
1666 3583 1791 3662 penitus
1806 3578 1944 3675 omning

326 3676 462 3754 subjecte
471 3679 544 3734 sunt
558 3676 672 3743 omnic,
684 3675 718 3735 in
731 3695 801 3754 quse
816 3695 975 3738 summum
986 3678 1049 3756 jus,
1063 3683 1094 3739 ct
1147 3675 1363 3754 subjicientem
1376 3675 1566 3739 induximus.
1580 3675 1640 3749 Qui
1653 3695 1728 3737 cum
1741 3676 1774 3739 id
1785 3674 1838 3737 sihi
1851 3675 1898 3737 oh
1927 3703 1939 3718 ..
1956 3747 1960 3760 .

326 3767 522 3829 dominetum
535 3768 664 3837 obtinet,
673 3767 800 3847 Deinde,
815 3769 887 3830 licet
900 3789 964 3831 non
974 3772 1091 3849 omniu,
1140 3768 1261 3846 jecisset
1270 3766 1292 3837 ⁵,
1310 3768 1336 3827 si
1357 3767 1468 3828 Christi
1488 3768 1593 3829 enimn
1613 3770 1773 3847 cognoscit
1794 3766 1898 3839 omnis,

326 3879 397 3940 quse
429 3860 574 3920 dicuntur
599 3859 759 3940 possibilia,
793 3869 975 3941 cognoscat3
1006 3882 1093 3940 posse
1142 3860 1255 3921 falsum
1270 3878 1346 3936 csse,
1365 3861 1492 3921 «Deum
1507 3859 1540 3920 in
1556 3860 1644 3923 omni
1657 3859 1742 3921 bono
1763 3860 1900 3938 mojorem

325 3958 432 4013 tumen
445 3953 589 4013 universo
608 3952 684 4013 illud
712 3954 817 4028 asseri,
834 3956 940 4025 omnin
959 3955 1006 4016 illi
1028 3974 1093 4017 csse
1142 3952 1257 4013 hebere
1271 3952 1499 4025 sufficientium,
1513 3969 1608 4030 quem
1621 3958 1796 4015 creaturum
1804 3953 1897 4031 ejusn

325 4047 457 4126 cognite,
481 4064 518 4107 eo
541 4045 625 4125 quod
647 4045 704 4105 sub
723 4047 860 4124 generali
878 4047 937 4108 hoc
951 4046 1090 4124 nomine,
1143 4045 1203 4124 hoc
1216 4044 1261 4105 ito
1273 4044 1430 4120 dissolvit;
1445 4061 1556 4106 verum
1569 4062 1646 4120 esse,
1663 4045 1763 4109 Deum
1776 4046 1809 4106 in
1822 4040 1901 4104 omni

325 4158 398 4201 cnm
413 4139 511 4200 omnio
522 4138 662 4212 dicimus,
679 4157 715 4199 ee
728 4139 922 4218 potissimum
932 4141 1092 4203 continen-
1142 4137 1227 4199 bono
1249 4137 1399 4199 creaturis
1415 4137 1478 4199 suis
1500 4136 1696 4211 antecellere,
1717 4159 1733 4195 u
1753 4137 1806 4198 nbi
1824 4134 1903 4196 alind

324 4238 387 4308 tur,
401 4249 471 4311 qne
486 4230 665 4310 simpliciter
679 4230 757 4290 cotio
777 4237 860 4309 sunt,
874 4232 935 4294 hoc
948 4238 994 4293 est
1010 4241 1091 4294 orto.
1143 4231 1293 4288 creature
1306 4227 1425 4289 bonum
1438 4243 1457 4285 e
1469 4225 1553 4289 bono
1567 4226 1725 4286 Creatoris
1738 4224 1900 4288 invenitur.

324 4325 425 4404 Atque
448 4324 508 4384 hoc
532 4341 624 4383 sensu
647 4321 719 4382 licet
740 4322 938 4401 interpretari
960 4342 1030 4403 que
1053 4325 1092 4387 eh
1143 4320 1204 4381 Sed
1218 4337 1289 4381 cnm
1303 4318 1455 4399 sepientis
1468 4317 1552 4377 illius
1565 4317 1691 4392 enimse,
1707 4318 1824 4380 nonsit
1835 4316 1901 4389 olis,

324 4417 499 4495 Fulgentio,
510 4414 701 4493 caeterisque,
713 4432 791 4494 quos
804 4433 1092 4493 supracommemo
1143 4430 1238 4492 quem
1255 4412 1359 4473 divine
1371 4410 1534 4491 snpientia,
1549 4411 1706 4488 quomodo
1729 4414 1829 4491 potest
1841 4406 1903 4469 timi

324 4508 472 4583 ravimus,
485 4513 634 4586 usurpato
649 4512 741 4583 sunt;
757 4508 871 4569 idcirco
885 4507 966 4568 nihil
979 4509 1093 4572 enimse
1143 4505 1334 4587 comparatio
1344 4503 1386 4564 ‘tn
1409 4503 1465 4565 Cui
1477 4503 1688 4564 incontinenti
1702 4506 1747 4565 ita
1759 4500 1881 4582 subjicit
1895 4518 1902 4557 ε

324 4601 436 4663 Christi
449 4601 545 4661 lutere
569 4600 722 4668 notitiem,
739 4601 823 4679 quod
841 4600 957 4679 alioqui
975 4602 1094 4663 deesset
1146 4619 1162 4657 o
1183 4598 1398 4663 Indubitcnter
1419 4614 1554 4676 namque
1573 4596 1740 4658 dicendum
1754 4603 1811 4671 est,
1826 4591 1904 4674 qnod

324 4691 370 4751 illi
383 4691 543 4771 quippiam
556 4691 594 4750 de
606 4690 708 4770 plena,
725 4697 756 4752 ct
777 4690 910 4770 perfecte
931 4692 1089 4771 sepientis.
1142 4690 1201 4752 ulie
1211 4690 1373 4770 sepientis,
1386 4687 1592 4767 quamdisinn
1601 4706 1664 4750 non
1675 4687 1903 4749 initinCluisto.

324 4784 390 4843 Hoc
404 4784 489 4845 enim
514 4790 595 4844 recte
609 4783 649 4843 eb
663 4783 723 4843 illis
749 4782 872 4855 dicitur,
889 4784 966 4845 side
984 4803 1093 4847 cerum
1143 4783 1176 4844 Si
1189 4783 1273 4843 enim
1295 4782 1446 4861 sepientis.
1465 4779 1578 4849 unimae
1595 4780 1709 4854 Christi
1726 4778 1786 4841 elie
1805 4783 1905 4840 essctt

323 4893 431 4936 rerum
445 4875 637 4955 intelligetur
650 4875 785 4952 scientie,
798 4880 915 4955 qnaeut
927 4883 1091 4955 remeunt,
1142 4875 1247 4937 divina
1272 4874 1435 4954 snpientia,
1459 4874 1563 4934 minor
1586 4878 1678 4949 esset,
1700 4878 1757 4939 etc.
1784 4872 1857 4933 ldoo
1873 4871 1905 4929 ut

324 4967 369 5027 ite
381 4969 505 5048 proprie
519 4987 576 5042 res,
593 4974 623 5029 et
637 4967 716 5029 ectio
736 4969 960 5029 nominentur:
977 4969 1036 5030 hoc
1047 4983 1093 5031 est
1142 4968 1228 5029 illum
1243 4968 1404 5029 veritatem
1418 4965 1550 5027 tirmiter
1569 4974 1745 5037 terreamus,
1760 4962 1848 5043 quod
1858 4960 1905 5023 illo

325 5077 394 5137 quse
421 5066 503 5125 certo
532 5060 668 5123 existunt
692 5065 857 5141 tempore,
887 5079 987 5141 neque
1020 5067 1092 5124 sunt
1141 5061 1246 5123 anime
1263 5060 1342 5121 nihil
1359 5057 1526 5135 ignoravit,
1541 5057 1594 5121 sed
1615 5055 1721 5119 omniu
1741 5055 1849 5129 scinu
1863 5052 1905 5115 di·

327 5152 454 5214 omnino
467 5153 546 5215 nihil
563 5175 571 5214 r
587 5159 622 5214 ut
645 5159 719 5215 sunt
729 5172 776 5230 ee,
799 5172 869 5233 que
893 5156 950 5217 etsi
962 5161 1092 5235 possunt
1141 5153 1275 5218 cendum
1287 5159 1343 5230 est,
1359 5151 1516 5230 quodnon
1529 5148 1592 5211 elie
1610 5147 1759 5231 supientia
1774 5145 1902 5209 cratitio

354 5385 364 5430 t
377 5386 402 5431 ln
415 5384 455 5432 ΙΙΙ.
469 5385 529 5443 hisp.
541 5397 586 5438 nr.
594 5397 667 5442 quar.
679 5387 731 5432 -i
744 5386 798 5433 tide
810 5395 864 5436 nm.
875 5387 884 5431 1
896 5394 994 5434 nostrum
1002 5387 1041 5433 lib.
1055 5387 1082 5433 rt
1092 5398 1141 5445 cop.
1151 5396 1190 5437 vu,
1202 5385 1218 5442 s
1230 5385 1262 5431 tt.
1274 5405 1301 5419 -
1311 5385 1325 5430 3
1336 5386 1357 5431 S
1370 5383 1411 5429 th.
1426 5383 1572 5439 stipamur.
1585 5392 1607 5434 ι,
1619 5388 1661 5428 ert.
1670 5378 1736 5426 Η
1744 5377 1778 5425 n.
1793 5385 1838 5425 nrt.
1847 5378 1901 5423 &a

325 5447 408 5507 theg.
422 5449 495 5494 tract.
507 5459 523 5503 1,
535 5459 592 5494 som.
602 5451 660 5497 rost.
670 5458 719 5506 cup.
732 5454 840 5495 1u.ton.
851 5449 892 5500 111.
