4076 6180
332 434 391 497 olo
836 438 1159 505 Tneohoulcontttl
1180 441 1398 508 DOGMATUM

334 601 541 665 absurdoillis
560 606 753 670 intentarunt
770 608 937 685 Catholici,
951 609 1100 689 quoniam
1151 609 1304 672 asserebat
1324 610 1427 672 solnm
1453 612 1513 674 sibi
1537 613 1711 692 adjunxisse
1736 615 1858 694 eorpus,
1881 619 1910 674 et
2008 692 2009 697 χ

334 711 419 754 mors
442 697 554 758 animae
569 705 647 761 eata
671 720 799 781 corpore
819 704 988 782 separatio,
1005 701 1031 763 si
1044 720 1101 782 pro
1151 703 1252 765 vicem
1266 704 1295 765 ei
1306 704 1419 766 animae
1431 706 1622 785 praestitisse.
1631 707 1723 768 Hune
1731 707 1911 784 igitur-simi·
2008 708 2009 767 l

335 787 440 848 anima
453 789 537 850 earni
552 791 662 853 Christi
675 793 1102 877 fuoritVerbum,hooipsum
1152 795 1234 858 libus
1246 802 1339 877 atque
1363 798 1550 861 Athanasius
1573 799 1768 879 argumentis
1779 799 1911 880 insequi·

336 898 465 942 ararno
479 881 571 945 fuisse
581 885 781 965 disjunctum.
1153 892 1269 951 tar-:et
1294 890 1433 951 animam
1458 890 1588 971 perinde
1619 899 1712 972 atque
1735 910 1859 955 earnem
1883 893 1913 954 ia
2008 950 2009 953 ,

166 1015 305 1062 mm„
377 974 556 1038 Audiendus
569 979 627 1042 hae
650 981 688 1042 de
702 999 736 1044 re
759 981 952 1061 Athanasius,
977 982 1104 1063 ejusque
1155 981 1275 1043 Christo
1289 981 1381 1043 tuisse
1395 983 1815 1047 confirmattoltirinitatem
1827 1003 1912 1065 porro

186 1070 290 1142 neum,
339 1072 445 1128 eontra
457 1067 620 1133 hereticos
635 1074 868 1153 Apollinaristos
885 1074 1106 1156 perpendenda
1155 1078 1187 1135 et
1200 1080 1271 1136 ante
1285 1091 1423 1151 earnem,
1436 1081 1467 1137 et
1481 1075 1515 1137 in
1536 1095 1640 1146 earne.
1655 1083 1687 1139 et
1711 1083 1782 1156 post
1808 1077 1914 1158 panio-

184 1130 299 1228 ”iobb'u'u
338 1161 529 1222 suntrerba.
544 1164 709 1244 Postquam
731 1168 817 1227 enim
836 1167 939 1248 palam
967 1168 1105 1248 eSorip-
1156 1183 1230 1228 nem
1244 1167 1354 1228 eodem
1367 1167 1462 1229 modo
1475 1168 1630 1231 sebabere
1641 1171 1914 1251 semper3utqnod

180 1238 299 1285 neuneu.
338 1251 500 1330 turafeoit,
517 1254 674 1319 Christum
700 1259 838 1322 animam
862 1278 919 1340 pro
940 1261 1029 1321 nobis
1048 1279 1105 1341 po·
1157 1265 1224 1320 erat
1236 1264 1359 1333 natura,
1376 1267 1527 1340 perpetuo
1538 1262 1589 1339 sit,
1604 1268 1635 1323 et
1648 1263 1682 1323 in
1694 1268 1847 1324 aeternnm
1859 1283 1915 1326 ma·

339 1344 434 1406 saissa
462 1365 561 1424 stram,
583 1355 614 1410 et
640 1369 708 1412 eam
732 1352 771 1413 ab
792 1354 947 1414 consortio
970 1355 1107 1434 eorporis
1156 1353 1355 1431 neat,quoein
1369 1352 1516 1414 hurnanae
1526 1361 1648 1417 naturae
1660 1357 1915 1437 perpessionepro

339 1443 439 1498 morte
453 1457 518 1501 esse
531 1441 728 1525 diremptam,
742 1445 785 1506 sio
796 1445 857 1506 illis
870 1446 980 1507 instat:
1000 1468 1016 1503 α
1026 1447 1108 1513 Quo·
1157 1444 1247 1505 nobis
1262 1444 1521 1524 dispensationem
1533 1447 1685 1527 implevit,
1700 1466 1774 1510 eum
1799 1449 1839 1511 ad
1850 1456 1917 1511 teu·

339 1547 414 1593 nam
442 1531 539 1610 igitur
561 1539 651 1614 paeto
676 1535 776 1597 iudaei
798 1538 965 1599 valuerunt
988 1539 1107 1601 solvere
1159 1554 1217 1617 pus
1231 1537 1370 1598 animam
1384 1556 1402 1599 α
1416 1556 1544 1619 eorpore
1558 1540 1709 1618 disjunxit
1726 1561 1733 1600 ι
1748 1541 1829 1603 adeo
1842 1542 1916 1603 utab

340 1623 491 1703 templum
505 1624 572 1701 Dei,
597 1632 627 1688 et
649 1628 895 1691 indissolubilem
914 1632 1106 1694 camiseam
1158 1635 1269 1692 neutro
1297 1648 1425 1705 eorum,
1456 1631 1570 1711 quibus
1596 1651 1669 1694 eum
1694 1634 1789 1695 mista
1815 1637 1915 1711 iuerat,

339 1715 441 1776 Verbo
474 1719 721 1782 eommistlooem
756 1722 917 1797 dirimere,
955 1725 1107 1805 siquidem
1158 1722 1417 1801 sejrmetafuerie
1436 1728 1467 1786 et
1487 1743 1596 1787 rursus
1615 1725 1776 1787 diasooiata
1797 1728 1915 1809 eonjnn·

338 1808 518 1887 hujusmodi
528 1810 606 1872 laeta
622 1819 678 1890 est,
694 1820 730 1874 ut
743 1814 858 1887 dicitis,
876 1817 1013 1896 eorporis
1026 1834 1109 1879 mor·
1158 1815 1269 1877 uerita
1287 1838 1300 1873 ν

339 1900 489 1965 titieatiol
503 1904 573 1967 Non
587 1905 671 1967 enim
689 1907 910 1971 mortificatum
924 1915 969 1969 est
983 1927 1105 1988 eorpus,
1200 1907 1285 1968 ldem
1300 1907 1394 1969 etiam
1416 1909 1450 1969 in
1464 1909 1598 1990 epistola
1625 1908 1666 1972 ad
1686 1910 1918 1988 Euanthen«
2009 1960 2010 1973 ,

340 1993 401 2057 nisi
415 1995 453 2055 sit
464 1994 504 2055 ab
519 1997 623 2077 aliquo
638 2006 846 2079 separatumss,
862 2023 877 2059 ο
891 2007 949 2062 ete.
966 2004 1043 2063 Cum
1052 2004 1109 2083 igi·
1159 2000 1349 2062 Ambrosiam
1372 2002 1504 2063 affirmat
1530 2002 1579 2063 hia
1597 2002 1756 2064 uerbiszr
1793 2006 1834 2067 Ut
1845 2007 1919 2068 enim
2009 2044 2010 2069 1

340 2091 393 2147 tur
407 2087 565 2149 Christus¹
578 2091 749 2153 ‹rineliuato
760 2092 858 2174 rapite
870 2095 1034 2156 tradiderit
1049 2096 1109 2176 spi·
1160 2092 1233 2167 illio,
1263 2093 1293 2154 id
1319 2098 1365 2153 est
1387 2093 1421 2153 in
1442 2100 1554 2162 morte,
1571 2113 1683 2176 eorpus
1703 2097 1831 2175 quidem
1843 2097 1919 2158 utab

340 2180 491 2256 utamur
504 2189 610 2245 narrat
622 2185 640 2244 J
644 2203 951 2266 oannes:quemnam
965 2188 1108 2269 spiritum
1161 2185 1266 2249 anima
1280 2193 1485 2265 separaretur,
1497 2205 1552 2266 per
1569 2187 1835 2267 dispensau'onem
1847 2189 1918 2252 feeit.

341 2275 487 2359 putatisa
513 2294 642 2355 corpore
668 2278 760 2340 firisse
788 2279 975 2359 sejunctum,
991 2298 1027 2342 ex
1046 2299 1109 2360 quo
1162 2278 1318 2339 Caeterum
1331 2278 1487 2353 divinitas,
1502 2296 1572 2358 qnae
1584 2279 1682 2340 dividi
1703 2299 1769 2342 nou
1783 2289 1880 2362 potest
1891 2285 1920 2344 in

341 2372 504 2428 consecuta
520 2368 560 2429 sit
572 2371 791 2432 mortificatio?
806 2373 931 2435 Dixistis
945 2374 1030 2435 enim
1046 2392 1111 2436 ear·
1161 2376 1274 2454 partes,
1301 2370 1398 2432 semel
1422 2389 1494 2433 eum
1519 2372 1657 2451 subiecto
1681 2378 1869 2453 temperata,
1894 2382 1920 2437 et

341 2476 416 2521 nem
450 2460 602 2523 exstantia
635 2468 793 2524 carentem
825 2465 883 2525 sibi
914 2465 1111 2530 admiscuiaee
1162 2464 1335 2535 commista,
1350 2463 1921 2544 neeaeorporenoeabanimadirulsa

341 2550 530 2628 Verbum,et
543 2553 586 2614 sie
598 2572 669 2616 rere
681 2556 878 2633 rationalem,
892 2577 928 2619 ae
940 2559 1111 2639 perfeetum
1162 2564 1227 2618 est:
1243 2555 1297 2617 sed
1310 2574 1383 2617 eum
1398 2556 1504 2617 anima
1513 2557 1546 2616 in
1556 2557 1699 2618 Paradiso
1710 2558 1783 2632 fuit,
1793 2559 1831 2620 ad
1844 2559 1921 2639 oojrn

341 2642 503 2707 bominem
518 2644 662 2707 effecisse.
681 2648 781 2727 Igitur
796 2650 822 2710 si
835 2650 974 2711 Verbum
988 2653 1113 2714 recessit
1163 2650 1282 2711 aditum
1306 2667 1369 2710 una
1391 2666 1464 2709 eum
1486 2649 1619 2711 Latrone
1646 2649 1730 2711 viam
1753 2650 1921 2713 homiuibus

342 2753 361 2796 a
375 2754 516 2817 corpore,
532 2743 563 2799 et
578 2740 619 2800 ita
628 2740 824 2803 mortificatio
838 2741 916 2804 laeta
932 2750 988 2817 est,
1004 2751 1112 2807 eontra
1162 2741 1266 2803 munit
1282 2760 1289 2801 ε
1305 2758 1362 2819 por
1386 2758 1499 2820 eorpus
1523 2746 1640 2816 autem,
1665 2742 1700 2802 in
1713 2743 1810 2805 eorde
1829 2750 1919 2818 terra,

343 2830 442 2891 Deum
465 2832 697 2911 prevaluerunt
723 2834 824 2896 Judaei
847 2835 907 2896 hoe
934 2838 1012 2917 ipso,
1028 2838 1112 2917 quod
1163 2834 1253 2896 illum
1266 2833 1408 2894 tollense
1427 2832 1563 2910 medio¹,
1588 2833 1643 2912 qui
1662 2836 1773 2896 mortis
1801 2835 1922 2898 habebat

343 2922 588 2991 indissolubilem
601 2925 778 2991 mistionem
796 2928 965 2989 solverunt.
985 2950 1001 2987 ο
1019 2929 1110 3005 item,
1163 2926 1343 3005 imperium.
1357 2926 1395 2986 Et
1410 2930 1571 3004 propterea
1580 2942 1693 3003 eorpus
1709 2927 1814 3006 ipsum
1834 2928 1922 2989 Domi

348 3017 539 3091 «Quomodo
565 3028 743 3099 separatum
770 3021 809 3081 ob
841 3021 1021 3102 incorrupto
1050 3024 1112 3085 Deo
1162 3038 1223 3081 nus
1237 3018 1419 3099 appellatur,
1440 3017 1481 3079 ob
1501 3018 1688 3080 insidentem
1708 3019 1770 3101 ipsi
1789 3021 1922 3085 diviniu-

344 3127 455 3191 ¹eorpus
480 3111 513 3172 ln
541 3111 832 3203 incorruptibilitate
857 3114 1070 3194 permanent:
1093 3142 1107 3171 υ
1162 3118 1227 3177 tam
1241 3111 1295 3174 lt»
2010 3194 2011 3199 χ

344 3201 419 3273 Ηωο
433 3209 464 3264 et
484 3204 520 3264 ils
539 3204 631 3284 plura
657 3224 791 3285 magnus
818 3208 1026 3275 Athanasius:
1043 3226 1113 3287 quae
1204 3204 1271 3265 Vll.
1292 3203 1486 3283 Augustinus
1499 3221 1623 3283 quoque
1636 3204 1712 3265 illud
1731 3205 1838 3286 lpsum
1850 3205 1924 3268 band
2010 3226 2011 3239 ν

344 3296 404 3369 pisi
418 3314 475 3376 pro
495 3297 671 3368 certissimis
684 3299 790 3363 habita
803 3306 907 3361 essent
926 3301 1010 3380 apud
1023 3301 1113 3362 Chri·
1164 3296 1257 3361 dubie
1280 3296 1431 3376 signifieat
1448 3317 1455 3358 :
1471 3297 1608 3376 primum
1631 3297 1663 3360 in
1689 3303 1827 3359 tractatu
1851 3315 1923 3361 uru
2010 3302 2011 3315 ¹

345 3390 471 3467 etiauos,
487 3409 550 3461 uon
565 3391 604 3452 iis
618 3409 691 3453 usus
707 3399 787 3455 esset
800 3393 935 3458 invictus
956 3394 1113 3464 antholiere
1165 3390 1195 3455 ιἰι
1218 3389 1373 3455 Joannon.
1403 3389 1447 3454 Ae
1469 3389 1508 3451 de
1533 3389 1640 3455 animo
1666 3390 1796 3473 quidem
1822 3391 1925 3473 apertis

344 3481 417 3547 fidei
426 3486 686 3575 propugnatorad
709 3503 861 3573 nuperum
875 3486 1001 3551 illorum
1013 3486 1114 3569 repel·
1165 3483 1379 3567 correptisque
1392 3481 1498 3545 verbis
1512 3483 1629 3559 asserit,
1641 3499 1739 3547 sama
1753 3484 1856 3547 Verbo
1868 3500 1924 3547 nou

343 3574 468 3642 leudam
481 3578 681 3659 ealumntam,
696 3580 752 3669 qul
773 3596 830 3662 pro
845 3579 960 3657 aalma,
975 3579 1114 3647 Verbum
1165 3593 1230 3639 esae
1242 3580 1425 3659 separatam.
1442 3574 1496 3641 rod
1508 3593 1526 3638 a
1536 3593 1628 3639 earne
1638 3574 1803 3641 duntaxat.
1820 3577 1861 3641 Da
1874 3576 1924 3642 bae

344 3668 448 3757 ipsum
462 3670 625 3736 inebriato
638 3674 766 3738 homine
776 3672 1011 3739 substituebant.
1165 3687 1239 3734 vero
1253 3668 1337 3734 idem
1363 3668 1458 3735 otiam
1475 3666 1602 3745 indicat,
1618 3667 1726 3732 duma
1751 3667 1819 3734 sola
1832 3668 1924 3737 anim

384 3763 437 3831 Vl.
461 3765 590 3832 Pulchre
608 3765 687 3832 illud
700 3766 783 3833 idam
797 3765 931 3850 disputat
945 3765 1114 3850 Gregorius
1165 3761 1343 3829 derelictam
1356 3778 1500 3829 ααιυοιια
1515 3759 1599 3841 diott,
1610 3759 1711 3840 «Quid
1724 3758 1811 3839 feeit,
1821 3762 1923 3847 horit.

345 3857 502 3942 Nyssenar
524 3859 559 3927 la
571 3860 681 3926 eodem
695 3865 831 3925 versatur
851 3858 1114 3940 argumentanti
1163 3856 1281 3941 passio,
1295 3855 1371 3940 quid
1383 3854 1455 3920 tecit
1468 3871 1565 3935 mors,
1580 3854 1640 3920 alal
1653 3872 1766 3939 corpus
1779 3853 1820 3920 ab
1833 3854 1925 3922 αοίωι

345 3958 453 4019 matra
479 3953 691 4020 adversarium
713 3954 868 4032 alterum,
898 3952 1111 4018 Eunomium:
1163 3948 1532 4035 separavittoPraaterea
1545 3954 1762 4032 postmortem
1776 3948 1924 4014 christun

345 4047 400 4135 qui
413 4066 452 4113 ex
465 4046 604 4131 magistri
617 4048 665 4116 sui
683 4049 750 4115 Arii
768 4048 959 4132 praescripto,
975 4045 1114 4111 Verbum
1163 4047 1207 4112 ait
1226 4045 1260 4112 io
1285 4042 1427 4127 repulere
1437 4041 1585 4126 jacuisse,
1601 4046 1632 4106 et
1645 4042 1743 4107 solam
1759 4038 1924 4109 tamenab

380 4259 401 4301 a
419 4242 524 4301 Araia.
539 4243 585 4301 lib.
602 4244 639 4300 de
653 4241 750 4300 Salui.
766 4240 897 4299 adventu
909 4245 978 4299 leste
989 4240 1111 4301 Cluati.
1163 4238 1201 4295 tet
1215 4235 1332 4301 ὡσαύτως
1345 4234 1407 4312 ἔχει,
1427 4237 1441 4290 θ
1462 4231 1491 4305 ἦν
1506 4239 1537 4309 τῇ
1550 4234 1618 4308 φύσει
1632 4237 1739 4291 uertite
1753 4232 1833 4303 οὖσα,
1846 4232 1924 4299 καθείς

344 4329 402 4393 Πῶς
415 4325 457 4384 οὖν
471 4329 577 4404 ἴσχυσαν
594 4327 617 4382 oi
636 4327 756 4382 ’ίουθαῖοι
770 4326 842 4380 λῦσαι
857 4326 916 4379 ναθν
930 4327 1002 4392 θεοῦ,
1016 4328 1057 4380 καὶ
1068 4327 1112 4396 τὴν
1162 4323 1200 4378 tet
1214 4323 1374 4395 διαμένουσα.
1387 4318 1411 4374 ἐν
1434 4319 1459 4375 δὲ
1479 4323 1516 4392 τῷ
1534 4320 1604 4373 πάθει
1621 4324 1664 4387 τῆς
1679 4318 1832 4393 ἀνθρωπίνης
1841 4322 1923 4394 W

304 4431 307 4437 ’
343 4414 434 4469 ἄλυτον
455 4415 585 4488 σύγκρασιν
599 4416 642 4480 τῆς
656 4412 745 4484 σαρκὸς
759 4410 819 4483 προς
833 4409 874 4463 rba
889 4409 963 4480 λόγον
980 4412 1112 4483 γενομένην
1162 4407 1205 4476 τὴν
1224 4405 1283 4478 ὑπὲρ
1303 4405 1374 4478 ἡμῶν
1397 4402 1540 4475 οἰκονομίαν
1561 4400 1697 4474 ἐκλήρωσε,
1723 4404 1865 4473 θιαζεθξασα
1883 4403 1921 4472 τὴν

343 4500 459 4573 χωρίσαι,
484 4497 534 4571 εἶχε
556 4496 610 4552 καθ’
625 4495 689 4567 ἡμᾶς
704 4495 863 4568 ἔσχεχτοῦτον
877 4492 919 4547 τὸν
935 4493 1111 4564 aphronitro
1161 4489 1240 4563 ψυχὴν
1254 4489 1313 4561 πρὸς
1322 4488 1406 4561 καιρὸν
1424 4485 1451 4540 ἔκ
1463 4480 1507 4541 τοῦ
1516 4488 1641 4558 σώματος·
1657 4488 1807 4559 χωρισθεῖσα
1820 4487 1852 4541 δι’
1860 4487 1920 4542 attr-

343 4563 460 4653 σώματος
471 4583 599 4655 assatae
614 4578 669 4633 odra
680 4577 727 4650 χθιρ
738 4580 767 4630 ἂν
783 4575 903 4648 ἔνεκρώθη
918 4575 948 4630 τὸ
956 4581 1038 4647 σῶμα,
1049 4575 1110 4648 sipi
1161 4575 1242 4646 τέρου,
1263 4568 1286 4645 ᾧ
1308 4573 1371 4643 ἅπαξ
1394 4570 1574 4643 συνανεκράθη,
1602 4570 1644 4624 καί
1666 4571 1740 4625 πάλιν
1756 4570 1920 4649 thumim

341 4684 407 4726 τινος
421 4664 553 4738 ἐχωρίσθη,
569 4669 623 4721 eto.
643 4662 721 4715 ίίοῖον
742 4664 838 4732 πνεῦμα
860 4659 1007 4730 ὑπειλήφατε
1024 4657 1112 4713 ἄκακε·
1160 4658 1298 4730 συνάψασα.

341 4750 479 4822 χωρηκίναι
502 4754 545 4803 τοῦ
568 4747 698 4819 σώματος,
722 4744 764 4797 καί
784 4743 829 4811 τὴν
843 4744 958 4814 νέκρωσιν
970 4743 1109 4814 paparium
1196 4740 1217 4797 d
1235 4740 1322 4797 idem.
1347 4737 1392 4801 Ὣς
1404 4735 1519 4810 γᾶρίκιῖ
1530 4738 1560 4792 τὸ
1579 4735 1623 4809 μὲν
1639 4744 1715 4810 σῶμα
1728 4742 1771 4806 ’.ῆς
1784 4738 1861 4811 ψυχῆς
1872 4739 1917 4791 δια·

342 4832 452 4905 εἰρήκατε
473 4831 521 4905 γὰρ
541 4833 580 4886 ὅτι
600 4830 680 4903 σάρκα
704 4827 748 4897 τὴν
773 4825 943 4881 ἀνυπόστατον
962 4826 1111 4897 συγκεράσας
1160 4823 1289 4895 ζευχθῆναι
1298 4820 1353 4877 κατ’
1364 4820 1506 4893 οἰκονομίαν
1515 4819 1695 4889 inolitacuti&
1710 4820 1917 4894 emmetra,

341 4915 421 4988 ἑαυτῷ
441 4917 456 4971 ὁ
475 4917 551 4988 λόγος
575 4912 649 4976 ἔδειξα
675 4912 718 4968 τὸν
746 4911 824 4977 ὄντως
846 4909 945 4982 λογικὸν
959 4911 999 4963 καὶ
1018 4909 1110 4964 τέλειον
1159 4907 1223 4974 ἅπαξ
1247 4905 1407 4978 ἀνακραθεῖσα
1421 4903 1631 4977 τῷθποκειμίνιρ,
1653 4903 1709 4959 οὔτε
1732 4908 1773 4960 κοῦ
1800 4907 1915 4976 σώματος.

339 5000 476 5072 ἄνθρωπον.
498 4998 529 5053 Εἰ
549 4998 630 5053 τοίνυν
645 4997 747 5068 ὀλίγος
765 4993 912 5068 ἀπεχώρησε
927 4998 969 5048 τοῦ
983 4994 1109 5064 σώματος,
1160 4989 1215 5045 οὔτε
1225 4994 1268 5057 τῆς
1281 4990 1359 5064 ψυχῆς
1373 4988 1525 5056 ἀπεσπάσθη·
1539 4986 1605 5042 ἀλλὰ
1617 4986 1681 5061 prad
1696 4994 1741 5057 σῆς
1755 4984 1868 5061 mileto
1884 4990 1916 5057 tp

339 5085 380 5140 καί
408 5082 519 5151 obruti]
542 5083 656 5155 νέκρωσις
669 5079 769 5152 γέγονα,
797 5076 860 5135 κατὰ
879 5077 933 5131 θεοῦ
960 5074 1065 5151 ἴσχυσαν
1085 5075 1109 5131 oi
1158 5074 1298 5148 παραδείσῳ
1324 5073 1426 5146 γίνεται,
1455 5071 1606 5126 ὁθοαιοιοΰσα
1633 5070 1674 5125 ou
1690 5078 1735 5126 τοῦ
1759 5064 1852 5139 bueron
1869 5071 1916 5130 ταῖς

345 5154 591 5227 ’ίονδαῖοιλθσαντας
605 5162 649 5233 τὴν
665 5163 754 5217 ἄλυτον
768 5162 908 5234 σύγκρασιν.
1158 5157 1293 5229 ἀνθρώποις
1311 5156 1355 5225 τὴν
1370 5154 1477 5223 εἴσοδον,
1502 5154 1543 5210 διὰ
1556 5154 1583 5209 δὲ
1595 5161 1638 5210 τοῦ
1659 5156 1772 5229 σώματος
1795 5158 1826 5227 τῇ
1838 5151 1916 5224 καρδίᾳ

376 5249 479 5306 tibio.
499 5250 557 5310 Πῶς
584 5248 611 5302 δὲ
637 5248 676 5301 καί
701 5246 730 5302 rb
749 5251 823 5319 σῶμα
847 5250 889 5300 τοῦ
909 5244 1029 5319 ἀφθάρτου
1052 5243 1128 5298 θεοῦ,
1158 5246 1199 5311 τῆς
1209 5246 1263 5316 γῆς,
1276 5240 1410 5314 ἀναιροῦσα
1423 5241 1466 5296 τὸν
1487 5240 1517 5295 ab
1534 5240 1623 5312 κράτος
1637 5238 1729 5314 ἔχοντα
1745 5232 1788 5295 σοῖν
1809 5238 1911 5291 urhe·

338 5332 467 5409 χωρισθὲν,
483 5331 507 5387 ἔν
522 5332 641 5405 ἀφθαρσίᾳ
654 5331 787 5403 hripum
1156 5328 1196 5381 καί
1222 5324 1262 5381 ut
1289 5330 1363 5381 τοῦτο
1389 5323 1429 5380 καὶ
1456 5323 1486 5380 ιθ
1506 5328 1580 5397 σῶμα
1605 5323 1685 5398 κύριος
1697 5323 1803 5397 λέγεται,
1826 5315 1912 5387 hirii

375 5434 390 5475 ο
409 5419 533 5474 Gnsoon.
550 5416 667 5474 Nissen.
684 5414 695 5469 ί
716 5418 791 5470 cont.
806 5416 884 5470 Eutt.
909 5409 946 5465 ‘H
962 5409 1010 5483 γὰρ
1024 5410 1107 5479 tettae
1157 5408 1297 5485 ἔγκειμίνην
1309 5408 1421 5478 tedmari.

337 5503 379 5557 καὶ
391 5501 439 5573 πρὸ
452 5504 495 5568 τῆς
508 5501 606 5571 σαρκὸς,
621 5496 662 5550 καί
677 5494 701 5551 ίν
715 5500 746 5570 τῇ
759 5496 830 5569 σαρκί
837 5535 846 5563 ,
859 5495 901 5549 καί
914 5493 975 5567 μετὰ
989 5493 1018 5549 rb
1030 5493 1107 5555 πάθος

350 5664 361 5709 t
376 5664 439 5708 loon,
452 5660 540 5715 uuae
554 5664 580 5696 ι·-
591 5658 606 5706 t
619 5656 681 5704 θεία.
694 5668 721 5707 ιν,
733 5656 767 5702 n.
