3990 6130
497 359 549 424 DE
568 355 871 436 masselacus,
892 356 967 427 ΜΒ.
989 356 1064 435 vu,
1086 356 1175 425 ΟΑΡ.
1197 354 1256 424 IX.
1612 354 1669 425 tet

98 519 161 581 hiis
171 523 255 596 sust,
272 524 304 583 et
316 522 351 582 ln
364 526 477 585 natura
494 540 599 584 rerum
611 523 757 585 existunt.
781 522 856 596 Quis
905 527 1012 583 mente
1024 520 1103 583 libro
1122 522 1215 583 tertio
1229 520 1262 583 de·
1278 522 1338 584 Dec
1357 519 1668 585 demonstravimus&

98 613 173 673 enim
186 630 252 673 non
264 613 351 674 videt
360 633 475 694 aquam
486 621 598 677 natura
610 634 665 676 sua
685 633 750 675 esse
767 615 853 693 irigi-
903 613 1046 673 Hominis
1060 619 1182 690 natura,
1194 631 1289 693 quarn
1295 614 1670 694 Verbumsihicopulavit,

98 703 175 777 dam;
189 723 226 765 sc
237 705 381 767 sirslicta
396 706 470 782 sibi,
483 725 542 767 nec
560 707 733 786 patentiore
754 722 854 767 causa
903 722 976 765 eum
997 706 1077 765 Deus
1092 724 1157 767 nou
1176 708 1224 781 sit,
1244 707 1270 767 si
1283 707 1447 768 essentiam
1465 712 1592 786 spectes,
1609 707 1672 767 Deo

99 795 217 873 menius
231 796 396 859 efficientis
407 798 565 877 prohibita
577 798 687 873 luerit,
702 798 801 876 frigus
816 815 855 858 ex
904 802 950 857 est
969 796 1108 873 inferior,
1135 798 1274 878 adeoque
1299 799 1400 860 nihil:
1426 806 1457 860 et
1471 799 1526 878 qui
1539 800 1579 859 ed
1603 816 1672 859 eam

98 888 324 967 saseprol'erre?
346 895 419 949 sent
444 895 550 951 tamen
577 890 751 969 complures
766 907 855 968 equs
902 906 969 949 esse
989 889 1136 966 demisit,
1193 891 1228 951 in
1262 890 1398 953 nihilum
1432 891 1600 966 redactus,
1636 909 1672 953 eo

97 978 204 1055 aalide,
221 981 392 1060 etquidem
410 999 561 1062 perennes
579 1002 586 1047 r
602 1001 659 1044 nec
680 987 854 1061 propterea,
904 980 983 1041 nihil
1008 978 1106 1043 lectus
1131 1000 1195 1043 essa
1209 982 1338 1059 dicatur,
1355 984 1415 1045 hoc
1428 989 1474 1045 est
1496 990 1671 1059 ἔξοοδινωθος,

97 1072 161 1151 quia
169 1072 288 1150 frigore
300 1081 417 1150 carent,
432 1092 523 1154 eques
536 1093 601 1137 non
619 1081 707 1150 sunt,
722 1080 778 1135 aut
790 1090 856 1135 non
905 1071 1099 1154 nullificatio,
1128 1080 1164 1134 ut
1183 1075 1391 1138 Tertullianus
1410 1073 1576 1155 loquitur⁸.
1596 1077 1675 1137 Pro-

97 1162 208 1239 cedens,
224 1183 288 1243 qua
300 1165 428 1243 frigida,
445 1172 558 1229 natura
580 1168 787 1229 continentur.
806 1165 856 1226 Sic
905 1165 978 1226 inde
1018 1182 1106 1227 serva
1140 1165 1200 1226 fuit
1235 1167 1344 1229 sedem
1379 1175 1509 1243 natura,
1552 1171 1584 1228 et
1616 1168 1676 1229 hsc

97 1257 192 1331 etism,
214 1257 344 1321 utillud
366 1260 528 1337 attingam,
549 1259 634 1339 quod
654 1259 780 1339 propius
815 1257 855 1318 sd
903 1262 1079 1335 assumpta,
1107 1258 1185 1318 erui
1207 1257 1355 1338 formam,
1384 1261 1416 1321 id
1438 1266 1484 1321 est
1505 1260 1586 1321 servi
1602 1279 1675 1339 pro-

96 1366 154 1410 rem
178 1355 321 1411 ecetram
346 1351 472 1427 attiuet;
500 1352 647 1431 quelibet
672 1351 853 1425 substantie,
904 1349 1022 1427 priam,
1050 1356 1082 1411 et
1111 1350 1139 1411 si
1169 1357 1392 1427 congruentem
1419 1359 1565 1415 naturam
1592 1353 1675 1414 Deus

97 1442 150 1505 bec
160 1441 303 1513 inferior,
316 1444 360 1504 sic
381 1449 428 1505 sst
441 1445 623 1507 naturaliter
641 1444 762 1518 allecta,
777 1449 813 1507 ut
825 1447 856 1503 et
904 1441 1031 1520 accepit.
1048 1442 1201 1503 Caeterum
1214 1443 1321 1505 divina
1334 1444 1430 1505 Verbi
1443 1463 1585 1525 persone,
1598 1445 1673 1520 sive,

96 1534 186 1613 seipse
200 1540 345 1597 creatura
368 1536 424 1609 sit,
440 1540 472 1598 st
490 1543 680 1616 congruente
698 1535 758 1597 sibi
777 1534 856 1596 eris·
904 1537 939 1594 ut
952 1532 997 1593 its
1010 1533 1153 1609 dixerim,
1165 1534 1370 1613 personalitas,
1380 1537 1538 1611 humanas,
1552 1541 1676 1597 creatae-

97 1626 289 1701 tandinmdo,
304 1627 364 1688 hoe
377 1633 539 1690 estersato
552 1627 778 1707 temporalique
787 1625 857 1687 sub·
905 1642 966 1703 que
988 1624 1055 1687 loco
1083 1625 1258 1700 substituta,
1285 1646 1342 1707 pro
1369 1646 1476 1705 servo,
1500 1628 1675 1707 eujusmodi

97 1718 183 1779 delet.
200 1718 293 1785 Quod
306 1736 346 1780 ne
360 1719 498 1781 humane
511 1720 622 1781 Christi
632 1725 742 1783 nature
755 1718 858 1798 reipsa
905 1715 1154 1794 alioquiluturus
1167 1723 1244 1795 erat,
1260 1718 1434 1796 dominum,
1450 1739 1485 1781 ec
1495 1721 1593 1782 Deum
1604 1720 1676 1782 iecit

97 1809 211 1886 haheat,
227 1826 302 1873 cum
314 1811 429 1873 bebere
440 1818 554 1892 posset,
566 1812 673 1873 divina
688 1810 779 1872 Verbi
790 1828 858 1889 per·
906 1806 1078 1883 hominem,
1099 1814 1130 1869 et
1143 1827 1267 1872 servum
1280 1811 1382 1890 reipsa
1396 1828 1461 1873 esse
1472 1812 1582 1888 vetuit,
1596 1820 1673 1889 cetu,

96 1918 174 1978 scus,
203 1906 237 1963 et
261 1902 435 1982 hypostasis
459 1902 578 1964 obsistit
608 1921 615 1965 :
645 1921 716 1982 quas
745 1902 858 1964 eodem
907 1899 990 1977 quod
1010 1899 1128 1976 dicunt,
1150 1903 1282 1963 arundo.
1306 1904 1429 1967 Etenim
1455 1906 1481 1965 si
1504 1905 1572 1983 quis
1593 1904 1675 1965 bello

97 2002 203 2073 puncto
217 1994 377 2074 temporis,
390 2013 453 2074 qua
475 1995 567 2074 coepit
585 1995 727 2067 existere,
742 1994 857 2056 forms·
907 1995 1040 2070 captam,
1056 1998 1218 2054 etservem
1236 1995 1392 2073 ingenuus
1405 1996 1542 2073 duceret,
1558 2015 1594 2057 co
1608 1997 1676 2076 ipso

97 2086 300 2147 hminutero
315 2086 449 2161 Virginis
462 2087 638 2167 assumpsit,
654 2087 858 2166 adjunxitque
907 2082 1048 2144 libertate
1073 2084 1209 2145 donabat
1228 2104 1267 2145 ax
1289 2086 1357 2165 lege
1391 2088 1523 2149 Mosaios
1545 2086 1568 2148 ⁴.
1600 2088 1677 2161 Quis

96 2176 148 2237 sibi
163 2184 310 2239 usturam
337 2178 484 2255 hominis,
498 2179 532 2239 in
556 2179 695 2257 ejusdem
717 2197 858 2258 personas
911 2175 1055 2236 edurum
1067 2181 1113 2237 est
1125 2176 1300 2238 libertatem
1319 2178 1450 2240 liberam
1463 2198 1528 2240 non
1548 2180 1673 2254 hebere,

98 2271 357 2344 communionem,
384 2275 416 2331 et
435 2272 586 2333 unitatem
607 2290 615 2332 ι
635 2271 679 2331 ita
696 2276 733 2332 ut
753 2272 859 2333 divine
908 2267 992 2328 unde
1001 2267 1091 2329 liberi
1105 2274 1332 2347 procreemus»
1343 2277 1379 2331 ut
1391 2271 1434 2331 ait
1447 2269 1675 2333 Cassiodorm‘.

97 2361 145 2423 ills
167 2363 355 2442 hypostasis,
382 2381 445 2442 qua
471 2363 622 2427 nimbum
655 2362 800 2424 divinitas
824 2364 859 2425 in
907 2358 953 2419 lta
965 2358 1081 2419 festiue
1094 2365 1150 2434 est,
1163 2364 1199 2419 ut
1212 2369 1479 2439 nequecreatura,
1495 2381 1598 2442 neque
1612 2382 1676 2425 ser-

97 2453 191 2515 Verhc
200 2455 271 2534 ipse
284 2453 431 2528 subsistit,
447 2454 537 2517 fieret
547 2455 747 2517 humanitatis
761 2455 861 2534 hypo·
908 2468 976 2523 vus,
993 2452 1086 2512 etiem
1100 2456 1253 2530 quatenus
1266 2454 1372 2530 homo,
1388 2455 1524 2516 Christus
1536 2463 1624 2517 esset.

96 2547 188 2622 susis,
217 2565 317 2626 eaque
341 2565 405 2609 non
434 2547 572 2626 proprio,
601 2565 702 2626 nsque
724 2545 861 2609 naturali
951 2543 1099 2605 Omnium
1114 2544 1173 2605 hoc
1192 2545 1320 2624 optime,
1336 2546 1604 2627 eruditissimoque
1622 2548 1676 2609 de-

98 2637 175 2699 rslut
183 2639 257 2718 jure
270 2638 391 2711 debit03
408 2638 460 2700 sed
476 2639 657 2711 adventitio,
669 2644 700 2699 et
712 2644 862 2718 prestan-
910 2632 1007 2694 claret
1018 2635 1036 2694 J
1039 2652 1156 2695 oannes
1170 2634 1377 2699 Damascsnus
1389 2638 1419 2698 in
1431 2638 1490 2699 illis
1503 2638 1592 2711 locis,
1606 2658 1677 2718 que

98 2730 278 2810 libriquam
293 2730 664 2810 proipsiuscsptu,modo
676 2730 858 2808 subsistens,
909 2724 1008 2804 capite
1031 2726 1162 2805 septimo
1177 2727 1394 2807 descripsimus
1402 2727 1425 2804 ⁸,
1446 2730 1500 2790 ubi
1517 2737 1679 2810 propterea

97 2820 197 2883 divina
210 2840 338 2902 prorsus
349 2828 438 2897 esset,
453 2828 485 2885 et
496 2823 632 2885 increata
645 2839 788 2902 persons.
911 2816 1070 2879 Christum
1083 2825 1177 2896 negat
1190 2838 1255 2880 esse
1273 2839 1408 2897 servum,
1425 2823 1499 2901 quis
1514 2841 1578 2884 uon
1592 2824 1679 2902 prius

133 2914 169 2975 ll.
190 2915 259 2975 Hoc
271 2914 325 2993 qui
339 2914 444 2977 animo
467 2913 637 2994 perceperit
654 2913 733 2995 (quis
755 2920 862 2975 aetem
909 2908 1005 2969 homo
1016 2926 1092 2985 esse,
1105 2910 1285 2986 etexisters,
1299 2931 1394 2991 quam
1405 2914 1676 2994 Deesessecoepit3

97 3005 292 3081 Christianus,
308 3012 339 3068 et
351 3012 521 3086 utcumque
538 3006 733 3086 professionis
746 3005 860 3068 intelli·
909 3001 969 3063 hac
983 3007 1029 3063 est
1042 3019 1108 3063 non
1128 3003 1230 3063 solum
1243 3004 1338 3081 liber;
1356 3005 1410 3067 sed
1424 3007 1518 3067 etiam
1536 3008 1678 3069 omnium

96 3116 240 3179 genssuoe
252 3117 319 3161 uon
328 3099 416 3161 facile
430 3098 564 3180 cepiat‘l)
586 3099 675 3161 facile
689 3099 750 3160 hoo
767 3099 861 3160 etiem
910 3094 1021 3170 hares,
1036 3112 1070 3155 ac
1084 3094 1241 3157 dominus.
1257 3097 1383 3170 Quodsi
1399 3104 1435 3159 ut
1449 3100 1678 3177 jurisconsultis

96 3191 181 3253 nabis
204 3193 403 3264 assentietur,
417 3192 502 3271 quod
522 3196 553 3252 et
573 3192 611 3253 ds
634 3196 774 3253 ereatura
793 3191 861 3268 jam
911 3182 1043 3264 plecet',
1063 3187 1250 3265 olngenuas
1263 3194 1310 3251 est
1323 3189 1359 3265 is,
1375 3191 1557 3269 quistatim,
1573 3198 1608 3253 ut
1622 3211 1678 3253 na-

97 3281 249 3345 diximus:
267 3283 355 3345 etde
376 3285 522 3345 servitute
543 3284 688 3363 deinceps
707 3283 861 3360 explicere
911 3281 961 3337 tus
975 3282 1032 3352 est,
1043 3277 1122 3339 liber
1132 3286 1187 3341 eet.
1200 3280 1317 3342 Sufficit
1326 3288 1431 3343 autem
1441 3284 1573 3346 hberem
1584 3285 1678 3345 fuisse

97 3374 246 3437 solemus.
262 3377 316 3437 est
330 3377 500 3439 enimcum
513 3375 664 3455 hacipso,
679 3375 763 3454 quod
776 3393 861 3436 crea·
912 3376 1046 3431 matrem
1060 3388 1097 3431 sc
1118 3377 1270 3450 tempore,
1286 3391 1349 3451 quo
1363 3375 1513 3451 nascitur,
1532 3376 1606 3435 licet
1624 3394 1679 3436 an-

98 3470 162 3527 tum
175 3468 301 3542 dicitur,
324 3467 501 3545 conimrcte,
520 3475 551 3529 st
567 3484 690 3528 ennena
707 3467 862 3528 servitutis
911 3460 981 3522 eills
994 3463 1168 3540 conceperit
1186 3481 1193 3523 ε
1209 3484 1225 3522 ο
1243 3463 1379 3543 profecto
1401 3465 1454 3543 qui
1468 3465 1507 3524 ab
1521 3465 1589 3546 ipso
1603 3485 1677 3527 con·

97 3558 339 3641 illsproprietss.
354 3560 525 3639 Siquidem,
537 3560 622 3623 utait
634 3559 817 3619 Athanasius
824 3558 862 3620 de
911 3558 1002 3633 septu
1015 3552 1142 3613 liberae
1160 3553 1307 3615 dominus
1326 3555 1395 3633 snit,
1419 3575 1526 3619 servus
1549 3558 1677 3620 omnino

98 3649 155 3713 hoc
164 3653 231 3732 ipso
245 3653 388 3731 loquens,
404 3651 488 3731 quod
505 3651 669 3715 «informs
682 3650 862 3712 servituisse
912 3663 977 3706 esse
991 3664 1056 3707 nou
1069 3645 1180 3725 potuit.

97 3743 234 3806 ffineus
252 3745 377 3818 dicitur,
393 3762 482 3806 serva
495 3742 590 3804 Verbi
602 3748 649 3804 est
662 3743 765 3803 omnis
777 3761 860 3819 cara,
953 3738 1006 3799 Ill.
1030 3738 1147 3798 Verum
1172 3744 1208 3799 nt
1234 3738 1269 3798 in
1296 3740 1499 3818 questionem
1524 3741 1619 3819 hanc,
1647 3749 1679 3806 et
1709 3768 1784 3811 slatus
1798 3777 1849 3810 se·

97 3836 349 3915 perilledlscts,
370 3843 402 3898 st
417 3836 596 3899 canditate
611 3835 860 3913 Ideotottqptsq,
911 3831 1157 3915 controversiam
1176 3830 1268 3891 altius
1289 3837 1501 3910 penetremus;
1524 3835 1678 3916 imprimis
1716 3820 1839 3928 ’ᾞζξξξὲῑ

8 3950 9 3953 “
95 3927 127 3988 id
142 3932 287 3991 estserae
299 3935 521 4007 amaraqusm
536 3925 672 3989 Christus
685 3926 860 4005 assumpsit,
910 3921 1240 4002 illud'expendendum
1253 3923 1387 4000 videtur,
1413 3925 1452 3986 de
1475 3945 1538 4005 quo
1558 3928 1679 4007 pridem
1718 3934 1832 3972 naturam.

98 4027 222 4083 rccstm
235 4015 863 4095 sPsamm,utshtosnnsesmsscen0¹.
895 4012 946 4075 in
973 4019 1281 4094 utramquepartem
1295 4014 1491 4094 disputarunt
1509 4020 1621 4083 eruditi
1643 4039 1680 4081 ac

95 4111 585 4190 Quorircsutisubstanttagenus
596 4117 724 4189 ἀναλόγως
737 4111 864 4171 incrss-
913 4107 1065 4186 sapientes
1079 4107 1240 4183 homines3
1257 4108 1297 4168 sit
1317 4126 1358 4169 ns
1381 4116 1493 4170 natura
1515 4113 1680 4173 constituta

96 4208 171 4281 hm,
186 4212 219 4267 st
237 4206 407 4269 inuestem
422 4196 637 4265 'substantiam
659 4202 817 4278 tribuitur,
833 4207 865 4263 et
913 4196 1057 4278 quaedam
1071 4198 1238 4260 hominum
1252 4199 1404 4274 servitus3
1429 4220 1471 4262 sn
1491 4207 1605 4280 prater
1626 4222 1679 4265 na·

95 4302 227 4377 umque
242 4297 418 4361 differentis
430 4295 554 4375 generis
572 4294 810 4374 amplitudinem
824 4295 865 4355 ad
912 4299 1029 4367 turam,
1044 4291 1118 4352 vitio
1133 4292 1246 4361 omnis,
1260 4297 1315 4353 sut
1324 4292 1496 4354 calamitate
1504 4296 1678 4375 contigerit.

95 4404 184 4451 seem
196 4388 472 4469 qastaquefcrmam
482 4387 862 4461 uehitstaccommcdst:
915 4382 1261 4462 dejurisconsultorum
1274 4384 1401 4464 quidem
1419 4385 1495 4460 hese,
1512 4386 1559 4446 uti
1573 4388 1681 4467 eapitis

95 4480 138 4541 sic
155 4481 243 4543 idem
261 4480 442 4543 substautias
463 4498 562 4559 genus
593 4479 710 4559 duplici
730 4480 865 4559 quadam
913 4475 1038 4555 septimi
1052 4475 1141 4535 initio
1164 4476 1239 4553 dixi,
1254 4478 1407 4538 sententie
1428 4483 1485 4548 est,
1502 4479 1681 4540 servitutem

96 4571 281 4645 differentis,
297 4572 464 4649 servitutis,
479 4572 760 4651 dominationisque
773 4576 866 4635 netu·
915 4585 1042 4629 omnem
1063 4572 1170 4628 contra
1193 4574 1337 4631 naturam
1355 4587 1431 4641 esse,
1456 4588 1493 4630 ac
1510 4571 1582 4649 jure
1606 4587 1681 4647 gen·

95 4664 167 4725 ralis
195 4665 356 4726 dividitur.
380 4667 428 4725 Es
449 4666 565 4744 quihus
588 4664 671 4725 solus
695 4666 776 4724 Deus
797 4670 866 4723 tum
915 4659 995 4720 tium
1027 4659 1234 4720 introductam
1259 4659 1363 4721 fuisse.
1394 4661 1513 4726 Quibus
1544 4662 1682 4743 plerique

93 4754 173 4817 libas·
201 4763 259 4830 est,
283 4762 315 4818 et
343 4756 435 4835 juris,
456 4775 492 4818 ac
514 4757 671 4836 potestatis
693 4774 776 4831 suas;
799 4762 867 4817 tum
916 4753 1041 4813 Petrum
1056 4751 1276 4824 assentiuntur,
1293 4758 1386 4830 etque
1407 4752 1533 4832 insuper
1554 4773 1593 4816 ex
1610 4775 1683 4835 pec-

94 4848 243 4910 omnium
255 4849 487 4926 dominns,ucn
495 4855 602 4910 muron
616 4848 717 4928 reipsa
730 4865 865 4926 semper,
916 4851 983 4906 ceta
997 4860 1139 4905 manasse
1163 4843 1272 4904 volunt
1294 4844 1438 4906 servilem
1461 4846 1683 4911 conditionem.

93 4944 125 4999 st
137 4946 225 5014 csta,
237 4940 350 5020 etjam
368 4939 455 5020 loqui
467 4940 629 5020 cepimus,
643 4937 767 5001 reconda
787 4958 794 4999 :
812 4939 866 4999 sed
917 4940 1036 5015 Deque
1050 4935 1196 5015 preclare
1218 4935 1409 5015 Augustinus
1421 4936 1455 4997 in
1468 4937 1549 5000 libro
1563 4939 1684 5002 decimo

91 5032 201 5112 prima
215 5032 390 5094 duntaxat:
409 5038 446 5094 ut
465 5033 610 5093 adversus
626 5031 766 5112 origenis
782 5046 869 5092 com·
917 5044 1001 5090 nono
1014 5024 1050 5088 de
1064 5027 1191 5090 civitate
1210 5025 1279 5105 eet,
1301 5028 1400 5108 capite
1421 5044 1478 5091 xv.
1504 5030 1685 5093 «Ratione

127 5229 151 5271 a
169 5210 281 5271 Ante.
300 5212 370 5271 orel.
398 5224 439 5268 tlt.
460 5208 604 5282 ltsttttpsg
617 5210 665 5277 dr,
688 5207 714 5262 ts
737 5210 865 5282 τῇμορφῇ
914 5211 959 5260 τοῦ
974 5205 1064 5260 dodico
1081 5201 1122 5274 ἦν.
1137 5202 1213 5273 tottr,
1229 5203 1277 5278 γὰρ
1290 5199 1335 5259 τοῦ
1351 5206 1429 5280 λόγου
1443 5206 1638 5276 admissione,
1653 5207 1686 5260 δι’

916 5284 991 5343 αὗτοῦ
1002 5289 1131 5361 γενομένη,
1143 5288 1184 5341 καὶ
1193 5290 1329 5382 relatrice.

119 5442 131 5485 l
146 5442 228 5496 Supra
239 5449 258 5483 c.
271 5449 314 5491 ur,
324 5449 399 5493 parag.
413 5439 467 5483 t.-
479 5436 493 5479 2
506 5436 559 5490 Gap.
571 5445 682 5490 separas.
695 5434 716 5478 s.
725 5454 754 5467 -·
766 5432 836 5478 thila
848 5433 875 5477 tv
885 5433 1037 5478 costrslcrc.
1046 5443 1066 5476 c.
1079 5443 1122 5475 rur.
1135 5431 1184 5476 -t
1196 5433 1260 5478 Dect.
1269 5443 1311 5484 m,
1324 5432 1357 5476 u.
1371 5432 1422 5476 -5
1435 5431 1483 5476 Lab.
1499 5430 1545 5482 Vll,
1562 5443 1596 5487 sp.
1610 5442 1644 5475 rr.
1658 5443 1686 5461 ω

116 5503 203 5558 hrat-
220 5502 298 5551 ⁸·-l
307 5499 381 5546 lastb.
391 5499 418 5549 ds
430 5498 541 5557 mis.
