3936 6146
291 231 350 295 362
788 236 1116 301 THEOhOGlGORUM
1141 237 1374 300 manarunt.

332 400 381 463 lta
407 400 443 463 in
469 400 634 467 undecimo
660 401 741 463 libro
770 404 908 483 ejusdam
942 405 1056 484 operis,
1110 409 1218 483 potare
1231 404 1385 481 dicebant,
1411 398 1566 464 observari
1585 401 1734 479 jusseram
1748 416 1812 461 non
1828 399 1868 460 ita

292 492 392 570 capita
413 492 608 571 duodecimo,
641 496 748 557 asserit
775 516 902 559 carnem
931 497 1054 566 Christi,
1108 496 1195 575 loqui
1217 498 1387 573 Christum,
1404 494 1464 571 (lui
1486 492 1642 554 mandant
1662 510 1755 552 mecm
1767 489 1871 552 αἰτίαν·
1954 518 1955 537 1

292 583 483 662 templumve
502 586 670 650 formatum
684 606 723 649 ex
735 588 825 649 beata
838 590 978 669 Virgine,
993 607 1058 649 non
1109 596 1209 659 tatem,
1227 596 1257 648 et
1277 588 1350 649 bibit
1375 605 1470 649 mecm
1490 584 1703 657 diuinitatem
1729 583 1793 656 scd,
1820 582 1871 664 qai
1954 584 1955 629 ἶ

294 675 432 754 ejusdem
466 694 530 738 esse
558 697 630 739 cum
660 681 748 741 Patre
775 682 965 758 substantias,
1001 700 1058 742 uec
1109 679 1265 741 manducat
1288 699 1380 742 mecm
1408 697 1536 753 carnem,
1552 684 1582 737 et
1605 676 1677 736 bibit
1696 692 1791 735 meum
1811 694 1873 736 σαι·
1954 672 1955 699 ³

294 767 377 828 idem
404 787 476 830 cum
502 787 538 831 ec
558 777 691 847 natura3
713 774 766 833 sed
786 779 951 853 postquam
964 773 1059 835 semel
1109 773 1476 855 quiaem3utcstenderet,
1496 770 1690 831 divinitatem
1706 768 1791 829 carni
1812 785 1872 828 non
1954 766 1955 847 ᾗ

294 866 489 941 assumptum
515 869 561 924 est
590 863 623 924 in
650 882 763 943 corpus
787 865 894 934 Verbi,
917 866 1060 946 deinceps
1111 884 1176 927 ease
1189 884 1309 938 revera,
1326 870 1491 934 stobaeum
1504 863 1636 936 unitam,
1647 861 1702 922 sed
1711 858 1873 940 aliqrridab

294 956 557 1032 tanquamunum
573 959 857 1020 cumeocenserir.
1111 962 1359 1038 easeparatum‚
1382 962 1546 1037 propterea
1566 953 1753 1015 nominatim
1774 953 1875 1013 hocca
1954 996 1955 1039 γ

333 1044 379 1106 Ad
403 1046 472 1108 haec
493 1050 691 1127 Anonymus,
715 1049 813 1109 alium
826 1049 935 1129 Cyrilli
956 1049 1062 1110 locum
1114 1052 1248 1132 cyrillus
1270 1050 1439 1112 affirmasse
1468 1048 1590 1127 {scribit
1617 1062 1742 1107 earnem
1770 1044 1875 1106 Christi

295 1136 385 1198 affert
398 1156 436 1198 ex
450 1139 529 1202 libro
543 1139 733 1203 Sabellarum
745 1140 780 1204 de
791 1141 1012 1218 Iocoractioac,
1028 1143 1061 1203 in
1113 1144 1270 1224 propriam
1285 1161 1350 1204 esse
1364 1143 1433 1217 Dei,
1452 1160 1488 1202 ac
1499 1140 1611 1216 Verbi;
1628 1145 1665 1201 ut
1684 1157 1767 1200 unus
1778 1138 1875 1198 idem·
1954 1144 1955 1225 ῗ

295 1248 358 1309 quo
367 1231 506 1294 Verbum
519 1234 563 1295 ait
571 1239 795 1297 transmutasse
808 1241 1063 1313 naturam,quam
1114 1254 1174 1315 que
1194 1236 1233 1297 sit
1250 1241 1396 1296 naturam
1415 1234 1532 1295 habens
1554 1238 1719 1311 utramque
1748 1232 1826 1291 Deus
1848 1238 1876 1292 et
1954 1232 1955 1305 j

296 1324 470 1403 assumpsit,
499 1325 532 1385 in
556 1327 715 1406 propriam
738 1327 881 1405 gloriam,
897 1333 928 1388 et
950 1345 1063 1406 opera·
1113 1330 1208 1390 homo
1225 1329 1373 1388 Christus.
1393 1329 1550 1400 «Verum,
1562 1326 1606 1386 ait
1623 1324 1807 1404 paulopost,
1824 1322 1876 1383 etsi
1954 1334 1955 1347 ¹

296 1416 427 1478 tionem.
453 1418 514 1479 Sed
541 1421 575 1480 iu
591 1419 700 1480 eodem
722 1420 791 1481 loco
814 1420 1012 1481 disertissime
1032 1419 1064 1479 id
1114 1424 1278 1503 propriam
1298 1422 1418 1482 dicatur
1445 1420 1539 1482 Verbi
1555 1437 1686 1498 corpus:
1706 1422 1754 1479 est
1777 1422 1875 1477 tamen
1954 1412 1955 1427 ³

297 1526 361 1570 esse
372 1510 488 1573 laetum
502 1512 627 1584 indicat,
645 1514 712 1575 sine
727 1513 792 1574 ulla
810 1519 930 1573 natiuae
945 1531 1063 1574 assiam·
1115 1534 1154 1576 ex
1168 1516 1309 1588 muliere,
1325 1521 1356 1576 et
1375 1515 1489 1575 nostris
1503 1512 1683 1591 corporibus
1702 1520 1874 1590 cognatum,
1954 1502 1955 1579 ]

295 1608 357 1681 ptae
398 1605 580 1667 mutatione.
618 1607 698 1667 Nam
737 1606 937 1667 similitudine
967 1607 1065 1667 utitur
1116 1616 1269 1689 quatenus
1283 1627 1354 1669 caro
1367 1605 1616 1686 intelligitur-⁶.»
1954 1596 1955 1599 '

296 1693 389 1772 ignis,
406 1696 461 1774 qui
479 1696 600 1775 lignum
620 1699 664 1759 ita
690 1699 854 1774 comburit,
871 1705 903 1760 et
919 1699 1013 1774 subit,
1030 1704 1067 1759 ut
1156 1702 1226 1762 Non
1247 1701 1348 1781 potuit
1361 1701 1572 1762 demonstrare
1585 1697 1709 1770 clarius,
1733 1713 1827 1776 quam
1842 1694 1877 1755 ab
1954 1722 1955 1783 ρ

296 1788 356 1848 hcc
378 1808 398 1849 a
414 1789 492 1868 ligni
515 1797 637 1866 natura,
666 1798 697 1852 et
723 1797 805 1853 statu
826 1811 890 1852 non
911 1793 1063 1871 expellat:
1116 1793 1304 1873 Apollinaris
1330 1810 1452 1854 veneno
1476 1797 1554 1853 esset
1582 1791 1702 1851 alienus
1739 1788 1875 1868 Gyrillus,

298 1880 351 1940 sal
366 1882 498 1960 speciem
512 1882 607 1959 illius,
623 1902 659 1945 ac
672 1884 737 1945 vim
755 1884 1065 1945 tantummodccom·
1117 1904 1211 1966 qrram
1226 1887 1264 1946 iis
1275 1886 1377 1947 verbis
1400 1884 1544 1959 ostendit,
1573 1883 1651 1943 dum
1670 1883 1774 1942 carnis
1799 1886 1878 1940 natu
1954 1952 1955 1955 ¹

298 1978 410 2045 mutet,
426 1993 462 2034 ac
477 1977 561 2054 quod
579 1994 671 2036 suum
689 1982 735 2036 est
753 1983 898 2056 operetur
915 1978 950 2036 in
975 1995 1023 2053 eo,
1037 1982 1068 2036 et
1117 1996 1187 2039 ram
1201 1980 1233 2039 in
1245 1979 1364 2040 Christo
1378 1979 1517 2057 ejusdem
1530 1994 1602 2037 cum
1616 1981 1723 2035 nostra
1740 1991 1805 2034 asse
1816 1972 1878 2031 sub
1954 1988 1955 2053 3

298 2083 369 2126 cum
381 2066 448 2146 ipso
459 2068 526 2146 jam
535 2070 620 2131 velut
633 2088 734 2130 unum
749 2067 947 2132 aestimaturi.
1119 2073 1240 2133 stantiae
1259 2072 1374 2132 docuit.
1394 2072 1501 2150 Neque
1522 2087 1608 2144 vero,
1628 2067 1714 2145 quod
1733 2065 1877 2125 vivificam
1954 2084 1955 2089 ¹

137 2197 213 2255 Cym„
229 2202 274 2246 si„
340 2158 390 2219 lx.
405 2161 557 2223 Praeterea
567 2162 602 2223 in
615 2165 875 2225 anathematismo
891 2163 1066 2238 undecimo,
1119 2182 1320 2225 essecarnem
1333 2163 1416 2237 dicit,
1432 2163 1526 2241 idque
1539 2162 1617 2222 adeo
1639 2161 1673 2219 in
1686 2156 1877 2219 Eucharistia
1954 2212 1955 2233 2

141 2254 261 2353 ⁰030&
299 2252 415 2329 atejus
441 2253 661 2328 declaratione,
687 2275 813 2318 curnem
836 2257 950 2318 Christi
970 2254 1067 2316 vivifi·
1122 2261 1325 2328 sacramento,
1355 2255 1518 2316 calumniae
1534 2253 1577 2313 illi
1594 2253 1698 2315 locum
1725 2249 1876 2328 relinquit.
1954 2272 1955 2295 ι

127 2321 192 2413 aion
207 2374 265 2432 nun
299 2361 368 2403 cam
383 2361 447 2404 esse
461 2347 578 2419 statuit,
605 2366 641 2408 eo
654 2350 738 2427 quod
752 2351 876 2429 propria
890 2350 929 2409 ait
948 2348 1066 2424 Verbi3
1119 2349 1189 2409 Non
1203 2348 1287 2409 euim
1301 2352 1423 2419 natura,
1440 2345 1655 2407 acsecundum
1669 2338 1878 2418 sehujusmodi

128 2421 191 2468 “⁰¹⁰⁰
208 2427 263 2466 ¹¹⁰¹·
300 2454 433 2514 cumque
447 2437 664 2500 reclamassent
673 2441 864 2514 Orientales¹,
877 2447 908 2500 et
919 2443 1070 2504 conlusio·
1120 2458 1185 2501 esse
1198 2441 1335 2520 putarim
1351 2440 1435 2518 quod
1452 2437 1547 2498 solius
1568 2437 1623 2497 Dei
1640 2435 1805 2515 proprium
1827 2437 1876 2503 at,
1954 2488 1955 2503 ,

301 2546 374 2588 nem
388 2534 574 2592 naturarum
598 2531 703 2592 induci
717 2532 756 2592 ab
779 2534 833 2594 illo
847 2534 994 2606 dicerent,
1019 2554 1070 2595 ex·
1120 2528 1877 2609 sedcommunicatione,propterejusdempersoua
1954 2514 1955 2587 l

300 2620 389 2699 ponit
402 2639 464 2700 quo
486 2641 578 2683 sensu
601 2624 758 2703 propriam
772 2626 857 2686 illam
881 2644 946 2687 asse
973 2626 1070 2687 Verbi
1120 2627 1385 2687 communionem.
1403 2622 1721 2702 ltaquelibroquartc
1735 2635 1878 2680 commen-

300 2713 443 2790 scripsit:
466 2733 503 2775 eo
531 2716 682 2793 videlicet,
724 2725 759 2779 ut
788 2736 853 2779 non
879 2719 917 2778 sit
943 2719 1070 2780 alterius
1120 2718 1270 2778 lariorum
1296 2716 1327 2776 ιἰι
1346 2717 1501 2778 loannem.
1523 2713 1706 2788 «eroniam
1738 2711 1877 2782 Verbum,
1954 2708 1955 2771 ἒ

301 2806 474 2885 cujuspiam
499 2809 660 2888 suppositi,
677 2828 856 2889 personare
881 2816 1003 2885 natura,
1016 2813 1070 2873 aad
1121 2810 1175 2883 ait,
1191 2809 1349 2870 vivificum
1365 2808 1399 2869 in
1413 2826 1505 2868 carne
1518 2805 1673 2880 hibitavit,
1687 2802 1879 2864 transforma·
1954 2776 1955 2837 θ

302 2897 478 2977 Deiipsius,
499 2906 531 2961 et
544 2901 649 2962 Verbi.
670 2901 713 2962 hc
726 2901 834 2963 falsam
848 2903 881 2963 in
896 2921 928 2963 se
949 2905 1070 2982 conjec-
1122 2903 1166 2963 vit
1178 2903 1276 2981 ipsam
1301 2901 1335 2961 in
1347 2900 1508 2979 proprium
1530 2898 1662 2972 bonum,
1678 2901 1709 2956 ct
1729 2912 1798 2956 eam
1818 2892 1879 2954 iecit

302 2994 366 3049 tam
380 2992 585 3069 suspicionem
593 2993 736 3074 depellit:
757 3012 875 3070 negans
894 3013 926 3056 se
945 3001 1071 3056 naturae
1122 2994 1286 3068 vivificam,
1303 2992 1765 3071 cujusmodicstipsumnatura
1777 3005 1855 3048 sua.»

303 3082 503 3156 contundere,
525 3090 579 3144 aut
603 3083 740 3161 alterius,
768 3104 862 3165 quam
888 3105 926 3147 ex
953 3094 1069 3162 nostra,
1122 3088 1192 3147 Non
1212 3086 1374 3146 essentiam
1401 3085 1503 3145 carnis
1524 3085 1704 3144 immutasse
1731 3081 1814 3156 dicit,
1832 3076 1877 3138 scd
1903 3008 1955 3229 w]

302 3179 434 3250 naturae,
458 3194 494 3236 ac
522 3176 701 3237 substantia
723 3178 833 3239 Christi
855 3197 979 3239 carnem
1006 3198 1070 3241 esse
1123 3186 1255 3259 ἐνέργειαν,
1279 3184 1310 3238 et
1333 3176 1483 3257 operandi
1502 3176 1566 3236 vim
1583 3175 1627 3235 illi
1649 3174 1828 3253 impertisse,
1849 3173 1879 3229 ut

302 3265 438 3335 credere,
467 3267 654 3345 «Quamvis,
677 3269 789 3347 inquit,
813 3288 924 3349 eorpus
958 3272 1072 3333 Christi
1123 3272 1207 3350 quod
1230 3278 1344 3332 natura
1371 3272 1452 3331 Deus
1473 3269 1618 3348 possidet,
1636 3267 1669 3327 id
1693 3285 1733 3327 cx
1751 3280 1878 3326 commo-

302 3358 414 3419 nostris
439 3359 619 3439 corporibus
632 3367 811 3437 cognatum,
829 3363 859 3423 id
877 3368 923 3423 ast
943 3369 1073 3423 consult
1122 3364 1216 3425 aione
1224 3380 1375 3442 personae,
1391 3379 1513 3440 corpus,
1526 3360 1558 3421 id
1568 3365 1730 3421 estuatura
1744 3354 1877 3427 hominis,
1954 3412 1955 3439 ,

304 3453 445 3513 stantiale
459 3453 514 3527 sit;
537 3458 583 3513 est
605 3455 690 3514 enim
704 3455 846 3531 genitum
868 3474 907 3515 cx
926 3456 1070 3530 muliera;
1123 3455 1288 3517 obtineret.
1305 3455 1393 3530 erod
1415 3453 1489 3515 iarri
1511 3453 1681 3527 candentis,
1696 3458 1728 3511 et
1746 3448 1831 3528 igniti
1847 3444 1879 3505 si
1954 3505 1956 3542 γ

304 3548 409 3603 maren
423 3545 598 3624 proprium,
611 3551 646 3605 ut
665 3546 740 3621 dixi,
764 3546 860 3625 ipsius
873 3547 1069 3625 intelligitur,
1123 3548 1268 3609 mititudo
1287 3548 1432 3623 declarat,
1457 3546 1539 3625 quod
1563 3550 1709 3605 ananam
1731 3540 1878 3623 propriam
1954 3556 1955 3607 l

303 3636 465 3698 etdicitur.
482 3639 522 3696 Et
537 3638 687 3716 quoniam
704 3638 767 3699 vita
784 3639 955 3699 secundum
980 3645 1073 3700 natu·
1122 3641 1260 3701 retinens
1291 3642 1355 3700 vim
1397 3637 1479 3718 ignis
1522 3643 1554 3699 et
1589 3636 1800 3698 efficacitatam
1835 3649 1877 3692 ut·

304 3745 372 3789 ram
384 3739 430 3788 est
447 3729 613 3790 Verbuma
628 3731 692 3790 Deo
707 3732 794 3792 Patre
810 3731 962 3809 genitum,
974 3731 1071 3792 vivili-
1123 3733 1230 3812 quirit.

304 3838 371 3880 cam
385 3819 456 3881 fecit
469 3839 594 3882 caruem
617 3839 716 3883 suam.
737 3823 782 3884 Ob
798 3824 828 3883 id
840 3823 962 3884 virifica
983 3824 1073 3885 nobis
1164 3822 1581 3902 SaneThaodcretusCyrilli
1599 3816 1875 3887 tunondversariua

303 3911 380 3972 facta
395 3918 441 3975 est
460 3914 684 3976 Eucharistiat.
706 3936 722 3973 ι)
748 3918 786 3975 Et
806 3917 954 3994 quoniam
968 3917 1073 3977 Nesto
1124 3921 1155 3977 et
1168 3921 1275 3976 contra
1286 3916 1387 3995 ipsum
1401 3915 1482 3994 stylo
1493 3917 1686 3993 depugnans,
1702 3912 1774 3971 huic
1785 3916 1878 3970 tamen

304 4003 393 4077 rius²,
421 4006 461 4066 ad
482 4005 673 4069 illudendam
699 4008 879 4069 catholicam
911 4008 1071 4085 professio·
1124 4009 1291 4068 assentitur
1305 4011 1336 4067 in
1359 4025 1407 4083 eo,
1428 4006 1679 4087 quadriviliaam
1704 4016 1879 4078 carnemap
1954 4050 1955 4071 ,

305 4115 389 4172 uem,
409 4116 471 4176 qua
486 4116 518 4159 sc
549 4099 661 4160 Christi
675 4118 787 4179 corpus
813 4100 847 4159 iu
874 4100 1072 4161 Eucharistiae
1124 4100 1302 4179 pellaverat.
1323 4120 1339 4157 a
1360 4100 1432 4173 Nos,
1457 4099 1569 4177 inquit,
1586 4096 1740 4157 vivificam
1760 4095 1879 4155 fatemur
1954 4080 1955 4161 θ

307 4190 506 4251 Sacramenta
519 4192 1072 4270 revernmanducare,etsauguinem
1125 4210 1190 4253 esse
1211 4192 1335 4252 Domini
1357 4209 1482 4253 carnem
1507 4191 1687 4263 animatam,
1710 4194 1741 4250 et
1761 4185 1880 4248 rationa-

341 4412 362 4450 a
377 4398 443 4452 Cra.
454 4397 501 4454 lib.
518 4398 527 4453 l
533 4400 540 4453 Ι
556 4400 589 4453 t'rt
601 4396 780 4453 locabimur
790 4395 919 4469 inertiam
929 4396 1076 4470 οὔχόμοοό-
1161 4412 1176 4453 o
1195 4400 1305 4454 Gratti..
1322 4401 1398 4452 ocal.
1416 4397 1528 4451 macr.
1540 4394 1576 4450 ad
1590 4393 1686 4450 anath.
1700 4410 1729 4449 ιι.
1750 4386 1878 4459 laterata

306 4500 358 4544 σισς
367 4488 403 4554 τῷ
417 4483 474 4554 θεῷ,
489 4481 531 4533 καὶ
551 4481 634 4553 πατρὶ,
651 4480 707 4535 ἀλλ’
722 4480 777 4534 οὐδὲ
792 4479 879 4533 ταύτόν
895 4479 927 4544 εἰς
940 4480 1008 4551 ρόσιν
1022 4481 1036 4548 θ
1051 4480 1077 4534 ἐκ
1124 4479 1235 4554 ὑπάρχον
1250 4479 1438 4552 τοῖςῆμετέροις
1450 4480 1560 4549 αιόμασιν
1577 4476 1702 4550 ὁμογενὲς,
1715 4479 1789 4548 ἤγουν
1801 4470 1878 4545 ipso(-

305 4566 418 4637 γυναικός
432 4564 491 4638 σάρξ
506 4564 581 4629 ἔστιν,
596 4567 671 4636 ἤγουν
686 4564 850 4635 όλοιιλιθρωςθ
861 4561 887 4617 ἐκ
901 4569 943 4631 τῆς
957 4564 1076 4635 παρθένου
1126 4582 1189 4617 σιον·
1204 4565 1344 4637 γεγέννηται
1355 4562 1403 4634 γὰρ
1419 4561 1445 4615 ἔκ
1458 4564 1579 4632 γυναικός·
1601 4559 1664 4614 ἴδιον
1677 4560 1760 4622 αὐτοῦ,
1774 4559 1806 4619 ὡς
1818 4556 1877 4626 ipat.

306 4647 371 4711 ναός,
388 4649 547 4721 παραδεχθεὶς
566 4646 592 4701 δὲ
612 4646 674 4709 ἅπαξ
690 4646 722 4708 εἰς
736 4652 810 4718 σῶμα
832 4650 874 4700 τοῦ
888 4646 977 4717 λόγον,
988 4647 1076 4700 λοιπόν
1127 4651 1230 4712 νοεῖται,
1240 4647 1282 4700 καὶ
1292 4646 1401 4718 λέγεται.
1422 4644 1524 4711 Ἐπειδὴ
1539 4643 1565 4697 δὲ
1575 4643 1626 4711 ζωὴ
1637 4643 1700 4697 κατὰ
1713 4643 1781 4715 ptura
1790 4635 1879 4694 όστὶιόι

306 4730 340 4794 ὡς
352 4731 377 4783 ἕν
391 4750 414 4784 τι
423 4731 565 4803 λελόγισται
575 4732 617 4785 σθν
630 4729 707 4803 αὐτῷ.
1127 4731 1182 4787 θεοῦ
1192 4730 1283 4802 πατρὸς
1295 4731 1381 4800 λόγος,
1396 4728 1517 4791 ζωοπαιόν
1532 4726 1695 4800 ἀπόρῃνητθν
1706 4725 1789 4779 ἑαυτοῦ
1802 4724 1878 4794 σάρκα·
1954 4724 1955 4759 l

344 4813 361 4868 b
381 4815 447 4868 Clu.
469 4817 501 4869 itt
525 4813 618 4869 Scllol.
642 4811 710 4869 lom.
728 4813 758 4876 V,
784 4819 853 4883 part.
872 4813 894 4867 1.
914 4810 1012 4883 ’Ὃνπερ
1033 4810 1079 4882 γὰρ
1128 4814 1202 4886 ταύτῃ
1218 4832 1257 4867 τοι
1271 4812 1370 4884 γέγονεν
1384 4811 1443 4883 ἡμῖν
1458 4809 1560 4883 εὐλογία
1572 4811 1701 4873 ζωοποιός.

307 4897 397 4967 τρόπον
411 4897 440 4951 ab
458 4901 505 4968 πῦρ
530 4898 651 4968 ὁμιλῆσαι
674 4896 749 4968 ἱόλῳ,
779 4896 822 4948 καλ
845 4894 979 4957 stubebant<
1010 4892 1078 4957 αι’ντθ,
1119 4924 1136 4951 0
1164 4895 1314 4952 deintra.
1331 4894 1396 4949 ibid.
1416 4893 1496 4962 Πλὴν,
1513 4896 1557 4947 κᾶν
1571 4891 1635 4946 ἴδιον
1649 4893 1801 4964 λέγηταιτοῦ
1814 4888 1879 4957 λόγον
1954 4902 1955 4931 1

308 4981 501 5052 succipiuntur
516 4978 655 5050 privationi,
670 4981 710 5032 καὶ
725 4977 886 5046 οὗπὲξθστησι
901 4977 943 5050 μὲν
958 4985 1002 5059 top
1017 4970 1079 5029 εἶναι
1129 4980 1252 5051 champa-
1269 4977 1326 5031 ἀλλ’
1343 4972 1384 5030 οὖν
1401 4977 1465 5031 ἔστιν
1480 4975 1506 5030 ἐκ
1523 4971 1879 5048 γοναιιιθςηιαλτιιῖςὴριῐόῳῑι

309 5063 397 5133 Εόλον,
418 5063 544 5136 μεθίστησι
558 5062 584 5116 δὲ
606 5063 700 5134 μᾶλλον
716 5062 750 5124 εἰς
770 5063 814 5130 τὴν
828 5067 871 5116 τοῦ
886 5061 960 5132 πυρός
975 5060 1028 5131 ὄψιν
1043 5078 1079 5122 τε,
1130 5060 1253 5135 συγγενὲς,
1266 5060 1325 5114 καθθ
1339 5063 1429 5113 νοεῖται
1439 5058 1509 5131 σάρξ.
1954 5064 1955 5073 ’

309 5147 350 5200 καὶ
364 5147 476 5218 δύναμιν,
491 5145 530 5199 καὶ
544 5149 591 5199 πᾶν
604 5143 672 5216 αθτῷ
686 5146 715 5199 τό
728 5143 792 5200 ἴδιον
811 5144 974 5217 ἐνεργάζεται·
987 5142 1029 5195 καὶ
1047 5142 1082 5204 ὡς

309 5230 335 5284 ἓν
347 5231 394 5298 ἤδη
402 5230 543 5300 λελόγισται
554 5229 607 5301 μετ’
622 5227 707 5283 αὑτοῦ.
952 5248 954 5251 ·

340 5441 350 5480 1
360 5436 445 5482 (triam.
458 5435 487 5479 ort
499 5433 579 5480 Aaou.
592 5443 614 5475 ιι
635 5453 662 5464 -
673 5429 746 5485 iCJr.
755 5428 786 5472 tb.
