3956 6158
482 314 534 376 DE
554 311 857 388 INGARNATIONE,
880 311 954 373 LIB.
976 311 1041 387 xli,
1064 312 1146 374 GAP.
1169 312 1258 375 XIll.
1592 307 1652 374 tto

93 475 138 542 ulo
166 477 349 542 notificandi
370 478 560 544 lunohonem
595 481 707 543 audeat
740 478 835 541 attin·
886 482 1086 555 commutata,
1100 483 1168 540 tum
1188 496 1245 559 pro
1264 470 1461 558 jugulatione
1483 477 1647 559 pecudum,

93 589 164 651 gere,
177 589 236 633 non
249 572 350 634 solnm
371 571 405 632 in
416 574 546 653 mystico
560 574 654 652 hujus
675 570 834 652 temporis,
886 570 1086 649 semetipsum
1100 570 1211 631 offerre
1222 570 1336 649 jubens
1345 569 1371 632 ί.
1387 592 1402 628 υ

94 682 212 743 veroque
224 665 308 725 cultu
328 685 335 725 :
354 665 407 725 sed
426 666 519 727 etiam
541 666 573 727 in
595 666 710 745 typico,
725 663 779 743 qni
793 682 837 725 sc·
927 664 964 722 Et
977 663 1105 723 homilia
1118 679 1169 724 νιν
1191 663 1225 723 in
1252 662 1440 739 Mattdoenm,
1456 668 1564 723 contra
1584 662 1654 723 illos

91 756 210 816 cundum
223 756 323 836 legem
336 757 571 819 adhibebature.
588 778 602 815 n
888 755 1035 827 invectus,
1047 757 1101 834 qni
1114 754 1262 834 proximis
1276 757 1365 816 alteo
1379 755 1461 815 male
1475 761 1652 834 precantur:

123 848 282 910 Etinlibro
297 849 651 932 secuudodeBnptismo,
666 849 838 928 inrespon-
892 866 903 900 n
934 847 1110 921 Quomodo,
1139 847 1255 925 inquit,
1285 847 1470 907 osculaberis
1502 846 1654 907 fratrem?

92 939 164 1001 sione
176 940 214 1001 ad
226 943 430 1020 quaestionem
443 942 621 1017 secundam,
634 959 729 1021 quum
741 958 838 1020 purus
888 940 1044 1017 quomodo
1059 939 1245 1000 sacrificinm
1255 938 1408 1018 attinges?
1419 940 1655 1018 quomodosan-

91 1031 124 1091 ab
136 1033 214 1092 omni
226 1034 294 1093 labe
301 1034 636 1097 Christiauutsacerdos
643 1052 707 1094 csse
716 1033 835 1105 debeat,
887 1031 1015 1107 quinem
1037 1032 1234 1092 Dominicum
1255 1032 1440 1110 degustabis,
1456 1037 1579 1093 tantum
1598 1034 1654 1092 ha-

91 1123 166 1184 dooet
191 1125 331 1205 exemplo
354 1127 549 1187 sacerdotum
570 1127 603 1186 in
623 1127 691 1205 lege
713 1124 810 1187 veteri
828 1144 834 1184 :
886 1121 964 1183 bens
976 1124 1006 1183 iu
1021 1124 1204 1202 cogitatione
1217 1131 1272 1186 tna
1284 1143 1440 1186 venenum
1454 1125 1489 1185 ⁰?
1503 1146 1517 1183 n

90 1231 157 1292 quos
169 1221 306 1295 expertes
327 1233 393 1276 esse
414 1216 543 1277 macules
567 1216 669 1276 omnis
688 1215 834 1296 oportult.
928 1216 1014 1276 Idem
1029 1218 1168 1277 oratione
1182 1216 1545 1296 quartacontrndudoeos:
1562 1218 1655 1278 nllaec

92 1328 103 1361 ν
115 1307 204 1386 tnnc
228 1309 390 1384 Dominus,
405 1309 523 1389 inquit,
539 1310 583 1369 itu
603 1310 725 1369 dicens:
739 1307 838 1387 lllnjor
888 1308 993 1367 omnia
1005 1307 1084 1369 facta
1096 1308 1343 1385 sunt,ait,ueteri
1360 1310 1480 1370 subluto
1495 1311 1653 1387 sacrificio,

29 1399 32 1403 ’
88 1398 182 1479 templo
195 1405 236 1460 ert
250 1401 310 1478 ln'c,
326 1400 415 1461 docet
428 1420 493 1477 nos,
504 1407 590 1462 tanto
599 1400 837 1481 megisimpium
887 1404 918 1458 ct
939 1399 1035 1460 altero
1054 1402 1086 1461 in
1111 1401 1177 1479 ejus
1200 1402 1301 1462 locum
1325 1403 1469 1476 suffecto,
1495 1404 1577 1483 qnod
1600 1421 1655 1482 por

86 1508 150 1561 esse,
165 1492 216 1570 qui
229 1511 302 1553 cum
324 1494 466 1573 impurus
478 1494 528 1565 sit,
547 1494 641 1554 aridet
663 1493 696 1553 in
718 1494 836 1553 sacriti-
886 1489 994 1551 Christi
1012 1512 1122 1572 corpus
1136 1495 1326 1572 transfigitur
1340 1495 1352 1542 ί
1356 1539 1362 1553 .
1379 1516 1394 1553 ν

87 1583 837 1665 ciumofferrecorpusllomini,qnideditseipsnm
928 1585 1005 1644 Item
1033 1586 1067 1645 iu
1095 1587 1223 1647 homilia
1247 1589 1335 1648 tertie
1366 1588 1399 1648 in
1433 1586 1592 1667 epistolam
1617 1584 1657 1649 orl

85 1694 132 1755 pro
146 1677 230 1738 nobis
244 1679 445 1757 oblationem,
462 1685 493 1740 et
504 1680 636 1739 hostiam
647 1681 709 1739 Deo
719 1678 752 1738 in
761 1679 836 1738 odo·
887 1675 1038 1756 Eplresror,
1055 1678 1109 1737 ubi
1122 1680 1160 1738 dc
1178 1678 1331 1758 frequenti
1355 1682 1573 1744 communione
1590 1683 1654 1743 dis-

85 1785 142 1829 rem
162 1770 329 1847 suauitatis,
359 1778 476 1850 quanto
501 1771 655 1851 unigeniti
678 1770 745 1830 Filii
772 1770 836 1845 lici,
888 1773 987 1847 putat,
1015 1771 1126 1849 saepius
1136 1780 1220 1833 θυσίαν
1235 1773 1388 1847 nominat,
1412 1774 1443 1834 id
1472 1782 1517 1836 est
1540 1775 1655 1853 sucrifi-

84 1879 182 1941 corpus
194 1862 354 1929 arietibus,
370 1883 405 1924 ac
425 1864 524 1925 tauris
537 1861 719 1925 antecellitl.
736 1884 751 1919 ν
775 1863 838 1922 Hoc
889 1859 984 1937 sinin,
1017 1868 1048 1922 ct
1082 1863 1233 1924 victimam
1268 1866 1421 1926 Dominici
1455 1868 1593 1947 eorporis
1624 1874 1656 1929 et

84 1952 319 2036 ίοιοίιροεείεινείν
333 1969 405 2037 σῶμα
419 1959 463 2018 τοῦ
478 1965 579 2035 ίίυρίου,
594 1956 720 2018 estsine
743 1955 838 2016 dubio
889 1954 1048 2030 sanguinis
1065 1975 1072 2013 ι
1093 1976 1108 2013 ιι
1124 1957 1198 2030 Ηοο,
1227 1958 1339 2036 inquit,
1366 1959 1449 2038 apud
1474 1965 1502 2020 te
1529 1961 1628 2039 cogita
1645 1980 1652 2020 r

83 2046 318 2127 aemiliamque}
350 2048 382 2108 in
396 2047 578 2130 ancensium
601 2047 707 2126 offerus
733 2064 839 2127 corpus
889 2044 946 2117 Oui
966 2046 1085 2125 antiqui
1100 2049 1239 2108 sacrificii
1255 2050 1417 2130 participes
1440 2058 1538 2124 erant,
1556 2073 1656 2133 qnan-

19 2164 63 2201 νιοιο
85 2135 215 2200 Domini:
233 2139 500 2219 quemadmodum
524 2140 737 2201 Theodoretns
758 2139 837 2199 libro
887 2142 952 2196 tam
974 2139 1163 2200 adhibebant
1184 2142 1369 2202 cuirtioncm.
1386 2145 1464 2218 Quid
1487 2145 1572 2205 enim
1590 2164 1654 2206 non

83 2230 201 2309 septimo
227 2240 331 2294 contro
358 2230 481 2309 Groeros,
507 2254 522 2290 n
537 2235 637 2293 [lenm
659 2233 703 2292 ait
724 2232 839 2294 ludaeis
888 2229 1128 2309 agebant‘lqnid
1142 2250 1207 2292 non
1224 2233 1396 2294 faciebant?
1409 2236 1502 2295 Omni
1516 2243 1655 2317 tempore

83 2324 241 2400 mandasse,
257 2331 293 2385 ut
304 2344 374 2404 quae
389 2326 427 2386 ab
442 2325 609 2404 gentilibus
618 2343 674 2404 pro
685 2325 744 2384 diis
757 2326 837 2385 cole·
888 2322 1113 2399 pungebantur.
1136 2326 1182 2384 Τιι
1208 2344 1282 2386 vero
1303 2329 1342 2387 ad
1367 2328 1552 2389 sacrificinm
1573 2349 1657 2392 accc-

82 2413 194 2485 bantur,
222 2419 437 2479 immolarentc
455 2437 462 2478 ι
481 2441 493 2475 ι
514 2419 569 2479 ubi
594 2437 649 2497 pro
678 2436 725 2491 eo,
755 2419 839 2496 qnod
890 2415 976 2491 dens,
995 2416 1078 2494 quod
1093 2422 1123 2476 ct
1139 2417 1265 2496 Angelis
1283 2425 1433 2482 terrorem
1453 2422 1544 2501 parit,
1561 2443 1656 2485 unno-

82 2507 164 2587 vulgo
172 2508 287 2587 legitur
297 2517 407 2591 ίερείειν,
423 2511 456 2570 in
470 2529 566 2572 manu
579 2512 709 2571 exaratis
727 2510 838 2570 codici·
861 2587 863 2592 7
889 2525 960 2567 rum
975 2508 1219 2571 revolutionibus
1240 2530 1307 2572 rem
1326 2520 1443 2575 tuntum
1463 2517 1656 2577 circumscri-

81 2598 131 2661 bns
151 2600 212 2681 legi
224 2611 357 2683 ἱερατεύειν
377 2603 502 2663 adnotat
523 2602 707 2681 Sylbnrgius
724 2622 730 2663 :
747 2608 783 2662 nt
799 2602 840 2662 ad
889 2599 935 2659 bis
950 2610 974 2661 ί.
997 2622 1012 2657 υ

19 2720 55 2761 γε,
82 2691 160 2754 illum
193 2695 298 2756 Basilii
327 2695 431 2756 locum
461 2694 634 2754 observavit
662 2704 676 2755 t
709 2702 840 2775 μονορίεης
930 2692 1116 2753 Praeclarum
1128 2698 1158 2754 et
1171 2692 1245 2755 illud
1262 2702 1316 2770 cst,
1334 2698 1416 2776 qnod
1430 2699 1460 2758 in
1475 2701 1613 2763 oratione
1623 2707 1655 2761 ιἰι

83 2784 186 2846 Fronto
209 2789 351 2849 [inciens.
384 2787 442 2848 Cui
463 2789 553 2848 affine
572 2793 627 2863 est,
652 2794 682 2847 et
696 2797 838 2866 συνώνυμον
888 2792 1021 2845 εοιιοίιιιιι
1035 2785 1229 2847 Ειιοίοίίιίιιινι
1243 2788 1464 2868 Antiochenam,
1479 2794 1517 2854 dc
1528 2800 1655 2855 cruento

81 2879 257 2940 vocabulum
279 2888 425 2960 ἱερουργεῖν,
454 2898 516 2958 quo
549 2880 689 2959 plerique
722 2884 840 2939 ueteres
890 2877 1097 2938 etincruenlo
1119 2878 1267 2939 sacrificio
1285 2881 1366 2941 dicit,
1388 2886 1480 2960 «Est,
1497 2886 1609 2964 inquit,
1626 2893 1656 2947 et

82 2977 213 3032 utuntur.
231 2974 287 3032 Est
301 2973 384 3032 enim
396 2972 480 3032 idem
493 2991 530 3032 ac
543 2971 721 3051 sncnfirora
737 2979 772 3031 nt
782 2970 839 3031 ba·
889 2970 955 3029 sine
971 2989 1080 3031 errrore
1094 2971 1288 3032 sacrificium.
1298 2974 1420 3034 Norunt
1433 2976 1655 3056 bocqnoddico

82 3062 148 3124 bent
173 3066 289 3125 Glossae
314 3070 456 3124 veteres:
478 3064 590 3144 quibus
619 3070 841 3144 οίίερουργοςοοί
890 3064 1076 3141 quicumque
1100 3063 1213 3123 initiati
1236 3071 1319 3140 sunt,
1345 3086 1380 3127 ac
1402 3074 1565 3147 propterea
1590 3070 1656 3131 sine

82 3156 253 3219 inmolator.
287 3157 392 3235 ltaque
418 3157 547 3217 Basilius
574 3157 738 3217 incedam
761 3155 840 3215 libro
890 3155 1040 3233 sanguine
1050 3160 1237 3216 transactum
1248 3158 1371 3218 estillud
1381 3157 1657 3239 (Abrahamisacri-

81 3256 208 3331 ἱερουργίαν
236 3263 283 3314 τοῦ
316 3259 450 3330 μυστηρίου
476 3250 565 3327 dixit,
580 3268 637 3329 pro
663 3248 841 3309 sacrosancti
890 3247 1007 3321 ficium,
1038 3248 1162 3325 quando
1190 3250 1329 3310 Isaacum
1358 3250 1477 3331 obtulit)
1507 3254 1656 3332 quoniam

80 3346 210 3421 mysterii
227 3341 408 3424 οοονίρθοίοί.
891 3340 980 3399 istius
991 3340 1092 3417 ligura
1107 3358 1171 3400 esse
1185 3341 1337 3402 debebat'*
1353 3364 1368 3400 n
1388 3342 1550 3424 (incruentl
1565 3365 1656 3407 novae

19 3464 48 3495 υ-
114 3436 179 3498 VII.
203 3439 345 3498 ,loannes
366 3437 441 3497 item
463 3435 681 3515 chysostomus
700 3433 842 3514 plurimis
890 3431 967 3506 legis
981 3429 1143 3509 sacrificii.)
1158 3432 1190 3492 Si
1205 3452 1269 3493 non
1284 3432 1450 3512 singulare,
1465 3438 1657 3499 cosecratlus

19 3518 29 3551 '·
79 3526 109 3588 in
120 3529 195 3591 locis
206 3549 298 3591 novae
312 3529 388 3605 legis
410 3530 593 3589 sacrificium
607 3527 760 3588 similibus
771 3546 840 3588 ver·
892 3524 1015 3604 aliquod
1039 3530 1181 3602 ageretur
1201 3525 1341 3585 sacrificii
1363 3544 1470 3601 genus,
1493 3529 1546 3589 sed
1569 3548 1655 3591 eom·

80 3615 130 3693 bis,
152 3621 376 3699 sententiisque
404 3619 608 3680 commendat.
636 3618 676 3678 Ut
702 3636 774 3678 crim
800 3618 841 3677 od
891 3621 1131 3690 munetantnm,
1148 3616 1230 3695 qnod
1247 3616 1278 3678 in
1303 3618 1456 3698 precibus,
1471 3622 1656 3683 acDeileu·

81 3709 244 3774 Corinthios
255 3712 392 3773 scribens
406 3712 448 3772 ita
461 3709 600 3790 loquitur
616 3729 623 3769 ε
644 3732 658 3767 n
669 3710 726 3770 Hic
736 3714 840 3770 autem
890 3710 991 3781 dibus,
1008 3709 1056 3769 vol
1069 3709 1159 3769 bonis
1173 3710 1319 3789 operibus
1333 3713 1486 3787 consistit,
1501 3721 1537 3774 ut
1551 3716 1658 3777 aduer-

79 3803 115 3863 ad
126 3804 157 3865 id
168 3806 253 3885 qnod
275 3805 375 3869 multo
395 3804 573 3871 terribilius,
590 3808 622 3864 et
634 3802 839 3880 magnificen—
890 3802 977 3861 seriis
998 3801 1115 3880 placet:
1132 3821 1233 3881 neque
1254 3809 1342 3864 tante
1362 3805 1462 3865 canitic
1483 3807 1658 3869 adhibenda

78 3895 132 3957 tius
154 3903 212 3975 est,
237 3896 425 3959 sacrificium
452 3894 621 3972 transtulit,
648 3907 717 3955 him
739 3893 841 3954 hostia
889 3893 1057 3966 inissetid
1078 3895 1116 3955 ad
1141 3895 1221 3955 solos
1246 3895 1400 3976 baptismo
1424 3898 1560 3960 initiatos
1574 3901 1657 3961 illius

108 4093 128 4133 a
145 4078 231 4135 Btslt.
252 4077 301 4130 Τίον
321 4074 387 4149 ίερέα
409 4075 509 4129 τελειοί.
536 4074 564 4129 οὗ
587 4073 635 4148 γὰρ
662 4073 763 4128 θυνοιτδν
785 4072 840 4127 ἄνευ
927 4073 1037 4130 eidem
1063 4072 1139 4129 hom.
1156 4088 1200 4127 xlx
1223 4076 1255 4129 itt
1281 4077 1354 4130 Mur.
1374 4075 1432 4137 Πῶς
1446 4069 1489 4128 οθν
1503 4076 1599 4151 ἁρπάσῃ
1615 4080 1657 4133 τίον

76 4163 180 4228 νηστείας
204 4160 346 4234 ἱερουργίας
371 4159 571 4231 αατατολμῆσαι,
601 4158 629 4212 οὗ
660 4160 735 4231 μόνον
760 4156 784 4210 ίν
811 4160 841 4229 τῇ
891 4152 1012 4228 θθελφόνς
1026 4164 1079 4218 πῶς
1093 4157 1139 4229 ίίψρ
1155 4160 1197 4223 τῆς
1206 4156 1492 4230 θυσίαςςπῶςθιιογεθσῃ
1503 4166 1546 4213 τοῦ
1556 4162 1659 4234 αἵματος

75 4251 173 4318 μυστικῇ
196 4252 251 4311 νῦν,
281 4246 323 4298 κοιλ
345 4242 447 4316 ἀληθινῇ
474 4243 586 4315 λατριίρ,
613 4241 679 4295 ἀλλὰ
705 4240 747 4296 καί
765 4238 789 4292 ἰν
811 4243 841 4311 τῇ
890 4245 935 4293 τοῦ
950 4242 1093 4295 δεσποτικοῦ
1107 4244 1223 4294 τοσοῦτον
1238 4238 1303 4312 ἔχων
1323 4237 1362 4294 ἐπὶ
1376 4245 1419 4307 τῆς
1432 4243 1539 4304 διανοίας
1547 4244 1590 4298 τίον
1606 4245 1658 4317 itaq

75 4334 155 4403 τυαιαῇ
169 4335 201 4404 τῇ
214 4328 335 4383 αατίιτθν
350 4326 618 4399 νόμονπροοαγομίνῃ.
929 4324 950 4399 s
965 4325 1050 4380 Idem.
1071 4318 1153 4377 Ταῖιτσι
1172 4322 1199 4376 δὲ
1223 4325 1319 4377 ἅπαντα
1344 4322 1461 4396 ἐγένητο,
1484 4331 1527 4393 τῆς
1554 4328 1660 4393 παλαιᾶς

107 4413 123 4469 θ
140 4415 230 4469 Basti..
255 4411 286 4466 Ὅ
299 4411 326 4466 δὲ
338 4411 418 4483 αθριος
432 4411 522 4481 λέγων·
539 4409 628 4482 μείζων
643 4412 686 4462 τοῦ
702 4409 767 4479 ίεροῦ
782 4403 840 4471 ὧδε,
891 4407 1065 4475 καταλυθείσης
1085 4408 1176 4469 θυσίας,
1200 4409 1240 4460 καί
1262 4407 1344 4480 ἑτέρας
1360 4407 1530 4482 ίπιοαχθιίοιρς
1552 4415 1595 4478 τῆς
1619 4411 1660 4465 διὰ

74 4497 175 4551 παιδεύει
188 4497 267 4569 ἡμεῖς,
283 4497 321 4548 ὅτι
331 4498 450 4548 τοσοῦτον
462 4492 618 4565 ἆσεθίστερός
633 4490 697 4546 ἔστιν
713 4492 727 4545 ὅ
741 4491 841 4562 τολμῶν
891 4495 935 4544 τοῦ
949 4490 1064 4562 σώματος
1077 4495 1119 4544 τοῦ
1134 4490 1249 4560 Χριστοῦ.

74 4575 198 4650 ἱερατεύειν
214 4581 246 4633 τίν
260 4584 335 4651 σῶμα
349 4582 393 4632 τοῦ
414 4576 495 4649 alpina
519 4581 563 4630 τοῦ
576 4577 661 4639 δόντος
684 4573 842 4644 ίαντίινίνιιὲρ
928 4574 1044 4645 pidem
1058 4574 1133 4630 hom.
1159 4590 1188 4629 ιίί
1216 4574 1258 4629 ad
1280 4572 1356 4646 Ept.
1374 4591 1444 4632 sels.
1471 4577 1497 4631 8.
1523 4575 1659 4645 Ἐννόησον

73 4660 139 4733 θεῶν
149 4662 307 4736 προσφορὰν,
324 4660 365 4713 nel
380 4661 464 4714 θυσίαν
476 4665 513 4731 τῷ
524 4661 571 4732 θεῷ
586 4658 619 4721 είς
635 4658 714 4730 θορήν
730 4656 841 4723 εθωθίας,
893 4657 917 4710 ol
930 4661 973 4725 τῆς
986 4658 1069 4718 θυσίας
1084 4657 1227 4730 μετέχοντες
1239 4662 1280 4724 τῆς
1296 4658 1402 4722 παλαιᾶς
1411 4660 1474 4730 πόσῃ
1486 4658 1616 4733 ἐκέχρηντο
1630 4666 1660 4735 τῃ

73 4745 129 4799 θσον
142 4747 173 4801 τὸ
190 4753 268 4818 σῶμα
285 4750 328 4800 τοῦ
349 4747 496 4816 μονογενοῦς
514 4747 558 4798 τοῦ
577 4741 631 4796 υίοῦ
656 4742 710 4795 θεοῦ
730 4741 842 4814 ίικερίγει
893 4743 983 4812 φειδοῖ,
998 4742 1021 4794 τί
1035 4741 1081 4812 γὰρ
1091 4739 1135 4793 οὖα
1149 4740 1283 4812 ἔπραττονς
1300 4743 1323 4795 τί
1337 4741 1363 4794 δὲ
1377 4740 1420 4795 ota
1432 4740 1542 4812 ίαοίουνς
1555 4745 1661 4799 πάντοτε

72 4836 154 4901 κριῶν,
168 4832 211 4885 nal
222 4828 329 4902 ταιίρων.
893 4824 1059 4897 ἔνιοιθαίροντο,
1076 4824 1105 4877 σίν
1118 4824 1145 4877 δὲ
1159 4824 1231 4895 θυσίᾳ
1243 4826 1362 4896 προσιὼν,
1375 4827 1405 4891 ἣν
1419 4825 1460 4878 καί
1476 4825 1576 4899 ἄγγελοι
1591 4828 1661 4901 φρίτ-

106 4931 120 4970 o
137 4911 324 4984 Theonoen!
339 4909 377 4964 Τίι
394 4909 421 4965 bl
442 4909 561 4982 σιθίριενα
581 4908 639 4981 παρ’
656 4907 731 4962 αθτοῦ
745 4906 842 4980 ίερειίειν
892 4925 971 4972 τουσι,
981 4915 1073 4981 καιρῶν
1084 4908 1205 4979 περιίδοις
1215 4908 1353 4980 τίνπράγρα
1366 4907 1462 4980 ίρίζεις.

73 4996 195 5061 atnam,
929 4991 948 5045 Ιι
967 4994 1067 5047 Casus.
1093 4997 1160 5046 tom.
1173 4991 1205 5054 V,
1229 5007 1301 5048 νοτε.
1321 4991 1365 5047 22.
1392 4990 1459 5045 Ἀλλ’
1473 4991 1524 5048 ἔστι
1537 4989 1608 5048 θυσία
1620 4996 1662 5048 καί

105 5080 295 5137 dsssnssost.
314 5078 342 5135 ln
358 5094 402 5148 ep.
416 5093 426 5133 ί
441 5076 483 5133 ad
498 5076 565 5132 Cor.
591 5074 713 5128 Ἐνταῦθα
724 5074 751 5127 δὲ
765 5072 804 5127 ἔστί
814 5071 844 5126 ab
893 5076 970 5148 χωρίς
984 5076 1097 5147 α’ίματος.
1112 5073 1195 5128 ίσοισιν
1209 5075 1232 5127 ol
1248 5077 1398 5148 μεμυημένοι
1414 5076 1443 5129 τί)
1458 5077 1600 5151 λεγόμενον.
1620 5079 1662 5132 tit

74 5164 157 5236 πολλῷ
191 5165 402 5236 φρικωδέστερον,
439 5160 479 5213 ml
507 5159 764 5232 μεγαλοπρεπέστερον
799 5155 843 5223 τὴν
893 5162 967 5211 τοῦτο
982 5157 1008 5211 δὲ
1021 5157 1144 5225 κάκοίνηίρ
1165 5159 1235 5211 θυσία
1249 5160 1324 5231 χωρίς
1336 5160 1440 5231 αἵματος
1459 5156 1565 5232 ἐγένετο,
1579 5159 1661 5231 ἐπειδὴ

73 5245 211 5320 ἱερουργίαν
237 5246 405 5317 μετεσιιείιασε·
420 5244 462 5297 καί
481 5243 524 5310 τὴν
543 5237 626 5296 θυσίαν
642 5240 718 5308 αθτὴν
731 5240 843 5312 ἀμείψας,
894 5239 983 5310 sarteq<
992 5240 1094 5314 ἔμελλεν
1104 5240 1199 5296 ἔσεσθαι
1211 5242 1292 5305 τύπος.

73 5331 110 5382 καί
120 5329 175 5384 ἀντὶ
189 5334 235 5398 τῆς
244 5330 341 5403 ἀλόγων
356 5332 450 5401 σφαγῆς
464 5327 547 5381 ἑαυτὸν
561 5326 704 5398 προσφέρειν
718 5323 842 5385 κελεύσας.

99 5499 109 5541 ί
121 5498 191 5547 basil.
201 5504 254 5544 tom
269 5498 286 5545 1.
