3932 6142
437 316 484 383 DE
505 314 805 393 lNflhRNhl'lOltE,
828 314 906 381 tls.
930 314 1013 393 Vlll,
1036 311 1119 380 CAP.
1142 314 1193 381 tx.
1555 316 1615 379 248

9 501 30 537 s
90 480 173 542 llVIl.
192 481 243 543 Est
257 478 399 542 ottamln
411 481 521 543 eadem
543 481 663 542 catone
677 480 798 541 decisus
848 478 1113 557 quamdam,etln
1125 476 1616 557 utsroejusosroltguratanasct·

9 554 37 641 h*
62 571 146 651 synoti
159 578 258 646 sexte,
273 572 357 633 uude
373 573 523 635 hnastmii
536 578 738 652 expromptae
747 573 799 632 ille
846 577 899 629 tur
913 570 1007 630 homo
1033 572 1093 631 Deo
1108 569 1226 630 mistus.
1244 572 1323 629 Caro
1345 570 1454 648 spiritu
1467 572 1617 630 instructu

62 663 126 723 locos
149 669 200 737 est,
228 663 360 723 loannis
384 664 630 743 scythopolitani
657 664 800 743 egregius
847 662 995 737 nutritur,
1011 661 1167 738 adolescit,
1181 661 1617 740 affatur,doeet,operatur,et

63 755 128 829 alter,
141 774 176 816 ax
192 754 271 815 libro
291 761 400 817 octavo
418 762 524 817 contra
544 756 648 817 Severi
660 755 801 835 blasphe·
848 753 986 816 Christus
999 759 1083 813 cst.-

64 847 136 920 nim
149 847 178 907 in
188 865 249 925 quo
259 848 415 927 duplicem
429 848 543 909 Christi
558 855 677 929 ἐνέργειαν
685 848 799 907 invicta
889 845 941 906 Sic
975 845 1008 905 in
1043 846 1145 923 primo
1177 854 1275 907 contro
1302 845 1491 913 Marcionem,
1517 844 1616 925 cupite

65 939 155 1000 ratium
167 938 292 1017 colligit.
309 939 432 1000 Etenim
446 940 583 1000 Verbum
608 938 799 1000 substantive
848 935 968 1015 quinto,
985 955 1024 997 ax
1038 938 1117 997 veris
1130 938 1333 1018 passionibus,
1348 943 1384 999 ut
1393 937 1567 1009 suffixione,
1581 955 1617 997 ac

65 1030 159 1091 numm
173 1048 237 1091 esse
252 1030 352 1106 carni,
363 1049 403 1093 ne
417 1031 475 1111 ipsi
489 1031 614 1110 quidem
629 1031 800 1093 diffitentur
848 1034 949 1089 morte
967 1047 1073 1090 voram
1089 1048 1213 1091 carnem
1235 1030 1397 1111 approbat.
1417 1032 1456 1089 Et
1481 1029 1513 1089 iu
1536 1028 1616 1088 libro

64 1123 269 1198 ummnaturae,
284 1123 334 1183 vol
357 1123 486 1184 aetionis
513 1123 688 1185 defensores
700 1124 799 1185 haere·
847 1120 950 1197 tertio,
966 1122 1065 1201 capita
1086 1127 1207 1198 octavo,
1228 1141 1267 1182 ex
1288 1129 1372 1183 tactu
1391 1122 1476 1182 idem
1495 1122 1615 1183 astruit.

65 1214 116 1275 tici:
129 1232 213 1291 porro
223 1215 370 1276 eumdem
384 1216 481 1276 Deum
491 1215 629 1276 Verbum
639 1215 800 1277 divinitate
853 1213 913 1272 «si
927 1213 1012 1273 enim
1025 1214 1181 1291 tangendo
1193 1214 1329 1294 aliquem
1343 1213 1485 1275 liberavit
1498 1233 1517 1274 a
1530 1213 1616 1291 vitio,

63 1324 103 1366 sua
113 1311 202 1367 amia
214 1307 378 1385 complecti
393 1307 509 1381 omnia,
531 1307 656 1379 coelum,
671 1314 798 1382 torrem,
850 1302 962 1382 inquit,
975 1304 1024 1365 vel
1038 1311 1137 1366 tactus
1150 1307 1189 1366 ab
1199 1306 1315 1385 aliquo,
1325 1308 1409 1386 quod
1419 1306 1618 1385 corporaliter

64 1415 137 1473 aare,
153 1399 295 1477 Angelos,
317 1399 471 1474 homines,
494 1398 593 1478 iisque
610 1399 801 1478 providentia
849 1403 954 1456 oerum
974 1402 1031 1473 est,
1047 1415 1111 1457 non
1125 1403 1225 1478 potest
1238 1416 1309 1459 vere
1323 1404 1427 1460 actum
1442 1398 1537 1477 credi,
1551 1399 1617 1459 sine

63 1508 105 1553 ars
124 1490 276 1552 consulere
303 1508 376 1552 cum
397 1490 551 1566 universe,
567 1497 636 1551 tum
656 1490 800 1570 privatim
850 1489 988 1566 corporis
1013 1489 1108 1567 ipsius
1131 1494 1270 1551 veritate.
1309 1491 1392 1551 Nihil
1419 1491 1553 1551 solidum
1579 1491 1618 1552 ab

64 1581 172 1661 iugalis,
201 1601 348 1662 parasque
375 1583 571 1645 confitentur.
601 1584 674 1643 Horo
695 1594 800 1644 autom
851 1578 947 1654 inani,
964 1580 1043 1641 nihil
1070 1582 1198 1661 plenum
1219 1602 1239 1642 a
1267 1602 1362 1644 vacuo
1390 1583 1495 1664 perfici
1521 1584 1614 1644 licuit.

9 1692 39 1733 aa.
64 1674 235 1752 punitentia,
262 1680 372 1755 ἐνέργεια
399 1674 505 1754 utique
534 1680 689 1736 censetur.
719 1675 802 1735 Hinc
851 1672 1013 1735 Putativus
1026 1673 1159 1751 habitus,
1172 1676 1428 1755 putativuseotus
1445 1695 1451 1736 :
1470 1676 1619 1756 imagina-

65 1765 136 1842 igitar
154 1766 289 1846 primum
316 1766 465 1827 continua
489 1769 546 1828 Dei
566 1767 660 1827 Verbi
683 1772 802 1828 censat
850 1763 915 1824 rius
941 1773 1095 1845 operator,
1122 1767 1311 1847 imaginarias
1340 1787 1452 1848 operes.
1485 1769 1535 1830 Sic
1562 1788 1620 1830 uec

63 1859 181 1935 amatio.
203 1860 325 1920 Rursus
350 1858 526 1937 intelligens
547 1859 651 1920 anima
675 1858 799 1931 Christi,
850 1855 1007 1935 passiones
1042 1859 1154 1919 Christi
1182 1860 1248 1939 ejus
1276 1860 1370 1921 tidem
1401 1861 1616 1922 merebuntur.

64 1951 288 2026 osmundus
300 1949 493 2030 hypostasim
516 1953 576 2012 Deo
589 1951 692 2040 Verbo
706 1969 801 2030 copu·
851 1947 933 2008 Nihil
948 1948 1033 2009 enim
1046 1957 1217 2028 passnsest,
1231 1952 1616 2033 quinonvereestpassus.

62 2039 108 2101 hta
128 2047 176 2118 cst,
208 2061 273 2104 uon
300 2048 349 2103 est
371 2042 582 2121 intelligentia
605 2063 641 2104 ae
667 2043 803 2103 notionis
850 2039 930 2099 Vere
957 2048 1061 2101 autem
1088 2042 1152 2120 pati
1179 2043 1361 2121 phantasma
1384 2063 1448 2104 non
1465 2045 1614 2124 potuit.»

63 2149 155 2211 expers
169 2133 269 2196 hrntm
291 2134 422 2214 pecudis
445 2134 549 2196 instar.
572 2136 651 2195 Nam
670 2134 757 2195 novit
770 2152 803 2194 se
851 2130 969 2191 Videat
981 2131 1096 2193 librum
1110 2141 1269 2212 quartum,
1285 2140 1383 2215 eapite
1397 2140 1516 2197 octavo.

61 2224 157 2287 rmum
168 2244 232 2287 csse
244 2228 324 2302 θείη
340 2245 372 2287 se
392 2227 501 2289 crenus
514 2225 659 2287 omnibus
672 2244 736 2287 esse
748 2244 801 2286 su·
890 2223 961 2283 Jam
972 2225 1162 2286 Novatianus
1175 2225 1208 2286 in
1226 2226 1307 2287 libro
1328 2226 1363 2288 de
1384 2228 1545 2304 Trinitate,
1561 2248 1618 2290 nuc
1643 2268 1781 2313 mm„

62 2316 204 2393 paoem
221 2336 255 2379 se
279 2317 313 2379 in
332 2324 421 2379 utero
444 2318 580 2397 Virginis
601 2319 708 2378 matris
730 2336 801 2378 oum
850 2333 915 2374 non
934 2316 1099 2392 hrnobius,
1116 2318 1229 2398 aliique
1252 2319 1618 2400 eideminsistnntargu-
1657 2322 1779 2366 arnobius.

60 2424 133 2469 sarae
149 2415 337 2488 assumptam
355 2429 375 2471 a
395 2410 509 2488 Verbo,
528 2429 565 2471 ao
586 2415 696 2470 catera
716 2411 801 2490 ejus·
851 2412 968 2484 mento,
984 2415 1019 2469 nt
1032 2427 1138 2471 veram
1158 2411 1305 2472 humanae
1325 2417 1443 2473 nature
1471 2414 1618 2475 substan·

61 2496 200 2563 eundi.
216 2502 314 2575 Igitur
333 2502 464 2576 eunius,
484 2502 664 2580 atejusdem
680 2502 804 2563 Domini
851 2497 927 2557 tiam
951 2507 1125 2561 assererent
1148 2501 1182 2561 in
1203 2502 1345 2564 Christo:
1368 2523 1502 2583 quorum
1524 2506 1620 2566 verba

60 2592 136 2651 metri
146 2592 338 2657 dasuChristi
349 2594 427 2655 duas
433 2595 626 2674 operationes
633 2594 801 2670 cernimus,
848 2589 912 2668 jam
929 2610 1023 2671 supra
1036 2592 1115 2654 libro
1127 2594 1398 2675 tertiodesortpsi¹,
1407 2615 1479 2658 eum
1492 2604 1619 2659 naturas

61 2678 200 2745 didnilatis
213 2684 328 2745 scilicet
342 2684 447 2764 ipsius,
460 2691 490 2746 et
503 2685 716 2762 humanitatis,
727 2684 803 2747 citra
851 2688 920 2761 post
934 2684 1107 2747 unitionem
1130 2685 1207 2746 duas
1227 2689 1410 2749 auctoritate
1434 2689 1619 2752 Latinorum

60 2773 235 2847 mitonem
250 2776 347 2839 ullam
361 2795 397 2838 ac
410 2777 648 2838 mutationem&
663 2800 678 2836 o
851 2774 980 2835 Patrnm
992 2778 1207 2856 approbarem.

893 2867 932 2926 Il.
969 2867 1104 2928 Hilarius
1137 2869 1214 2930 item
1249 2870 1484 2950 expressissimis
1518 2873 1620 2945 verbis
1665 2910 1773 2957 ,ΝΜ

852 2958 1150 3021 Monothelotharum
1181 2979 1318 3022 errorem
1348 2962 1473 3042 jugulat
1498 2983 1619 3044 :quem

851 3049 956 3110 locum
970 3051 1090 3128 Agatho
1101 3052 1183 3131 Papa
1201 3051 1328 3115 retulit⁸
1347 3073 1354 3114 ε
1374 3056 1499 3115 «Natus
1513 3057 1618 3134 igitur,

852 3139 977 3220 inquid,
993 3142 1172 3221 unigenitus
1197 3146 1281 3205 Deus
1294 3163 1333 3207 es
1359 3146 1485 3226 Virgine
1512 3148 1618 3227 homo,

264 3189 368 3273 CAP
375 3189 448 3273 UT
498 3189 574 3271 ΙΧ·
852 3235 1023 3294 sserrndum
1037 3236 1264 3314 plenitudinem
1273 3242 1450 3321 temporum
1464 3238 1498 3300 in
1512 3246 1623 3302 mmet·

854 3325 921 3404 ipso
944 3333 1146 3405 provecturus
1169 3328 1323 3390 inlisum
1350 3331 1523 3406 hominem,
1538 3333 1623 3394 hunc

854 3418 1204 3498 peromrrialtvangelioi
1212 3422 1362 3483 sermonis
1372 3424 1501 3483 modum
1509 3424 1621 3501 tenuit,

54 3509 150 3575 Eodem
161 3534 216 3595 pro
228 3534 353 3577 nomeu
366 3524 544 3579 naturarum
566 3513 720 3576 diremtos
734 3534 804 3596 ops-
855 3514 890 3569 ut
913 3527 946 3570 se
974 3510 1074 3570 lilium
1100 3511 1157 3571 Dei
1180 3513 1263 3573 credi
1287 3512 1419 3589 doceret,
1435 3520 1467 3575 et
1488 3515 1623 3576 hominis

95 3604 236 3668 rothaum
253 3624 291 3667 en
307 3603 422 3667 Latinis
436 3603 576 3665 Patribus
594 3603 761 3684 collipr'tur.
855 3600 954 3665 filiurn
965 3602 1123 3681 predicari
1135 3604 1624 3686 admoneret,lorutus,etgerens

856 3694 937 3753 Deus
952 3693 1094 3754 univorsa
1104 3713 1174 3774 qrsse
1186 3695 1239 3756 Dei
1253 3702 1343 3758 sunt:
1358 3698 1489 3777 loquens
1498 3698 1622 3775 deinde,

9 3834 36 3867 ,
84 3785 107 3845 Ι.
125 3788 305 3851 (trecorum
319 3789 448 3850 Petrum
458 3786 590 3860 abunde,
604 3790 635 3846 et
648 3784 717 3864 plus
734 3782 806 3844 satis
856 3792 885 3845 et
900 3803 1011 3863 gerens
1025 3786 1109 3846 Deus
1124 3788 1279 3848 universe.
1295 3789 1511 3867 quaehominis
1524 3798 1622 3853 sunt:

9 3884 36 3923 Ι·
51 3878 183 3953 ambri
195 3880 303 3959 capite
316 3886 364 3941 est
381 3878 557 3946 cuneatum,
575 3877 736 3957 Siquidem
749 3895 806 3936 na·
855 3875 898 3937 ita
919 3882 1036 3951 tamen
1051 3883 1087 3937 ut
1109 3878 1142 3937 in
1164 3878 1230 3957 ipso
1244 3879 1297 3940 illo
1319 3882 1479 3960 utriusque
1503 3881 1625 3960 generis

9 3964 13 3975 '
52 3966 128 4031 thais
138 3971 220 4033 illius
233 3971 564 4053 proprisfuithseresis
579 3969 722 4048 ille,quoe
732 3986 808 4028 con·
856 3986 1014 4030 sermones
1026 3987 1189 4048 nrrnquam
1204 3970 1265 4030 nisi
1275 3990 1347 4032 cum
1358 3971 1581 4051 significatione
1596 3980 1628 4035 et

9 4092 31 4128 n
50 4059 805 4145 fuosinChsistotvepptneetvoluntatesasserebat.
856 4060 992 4122 hominis
1006 4061 1137 4137 loeutus,
1164 4067 1195 4122 et
1215 4062 1268 4122 Dei
1280 4063 1338 4137 sit3
1351 4082 1415 4124 uuo
1435 4069 1542 4124 tamen·
1565 4067 1625 4126 heo

51 4153 213 4219 hinorum
225 4155 325 4221 modo
339 4155 561 4231 nonnullos,ao
573 4154 703 4215 selectos
716 4150 806 4213 alhi-
858 4155 947 4213 Patre
961 4170 1083 4232 semper
1097 4156 1231 4228 ostenso,
1248 4159 1279 4214 et
1297 4172 1329 4216 se
1344 4153 1377 4214 in
1397 4160 1508 4215 natura
1532 4156 1627 4217 unius

51 4241 185 4312 bebimus.
205 4251 333 4312 Horum
353 4247 473 4327 primus
500 4247 561 4308 erit
579 4244 806 4318 Tertullianus3
859 4244 915 4305 Dei
930 4262 986 4323 per
998 4245 1167 4305 nativitatis
1189 4245 1351 4307 veritatem
1367 4246 1514 4324 professo,
1529 4252 1561 4308 at
1582 4253 1628 4307 ta·

51 4338 95 4414 qui
105 4358 174 4403 eum
186 4342 395 4416 Verbum-et
409 4340 463 4401 [lei
483 4338 582 4401 tilium
597 4355 669 4399 vere
684 4352 811 4398 carnem
859 4337 1053 4396 meuselteo
1069 4335 1153 4396 Patri
1173 4336 1278 4397 attilii
1298 4337 1430 4408 honore,
1447 4338 1627 4400 ethominis
1717 4406 1719 4409 ,

9 4484 25 4515 ,
51 4434 234 4512 manniae
249 4433 362 4507 senfin
377 4431 709 4497 tumeamdemreram
717 4427 810 4489 inisse
857 4427 1035 4489 conditione
1047 4427 1199 4489 subdente
1215 4446 1222 4487 ι
1239 4447 1310 4490 oum
1324 4435 1355 4490 et
1368 4429 1513 4490 nativitas
1526 4430 1628 4491 omnis

50 4537 159 4586 tarnem
172 4544 212 4588 ex
227 4526 269 4587 iis
289 4522 517 4597 affectionibus,
531 4528 564 4582 et
578 4528 718 4601 ἐνεργείαις,
738 4538 809 4599 qum
858 4538 891 4580 se
912 4519 1025 4580 relerat
1050 4520 1091 4579 ad
1103 4525 1273 4596 auctorem,
1290 4526 1322 4581 et
1341 4540 1412 4581 caro
1431 4539 1464 4582 se
1486 4521 1630 4582 universa

50 4620 111 4677 ant
122 4616 224 4679 carnis
235 4613 627 4700 proprias,multisinloeis
634 4612 807 4674 confirmat.
859 4611 1030 4673 seeundum
1046 4613 1144 4671 Deum
1164 4611 1346 4691 profiteatur
1364 4612 1534 4673 infirmam.
1550 4613 1631 4674 lltnc

51 4702 80 4765 111
98 4708 292 4790 Apologetieo
314 4706 453 4770 aduersos
478 4711 594 4787 gentes,
618 4704 719 4784 eapite
745 4719 808 4765 aar.
860 4703 963 4781 itaque
984 4702 1112 4763 fallendi
1140 4702 1308 4782 simplices,
1333 4710 1426 4783 atque
1453 4704 1632 4782 ignorantes

53 4796 131 4863 «tae
141 4800 242 4880 igitar
255 4801 315 4862 Dei
328 4800 445 4874 radius,
461 4799 572 4878 inquit,
584 4804 620 4858 ut
632 4802 716 4859 retro
727 4814 809 4858 sem-
860 4794 1015 4856 hereticis
1024 4794 1141 4857 occasio
1154 4800 1211 4863 est,
1227 4800 1263 4854 ut
1272 4813 1342 4873 qua
1357 4795 1396 4856 ab
1406 4813 1443 4857 so
1457 4797 1631 4858 seeundum

50 4904 96 4964 Μ
123 4892 380 4971 predicabatur,
415 4890 559 4970 delapsus
592 4889 626 4951 in
656 4888 809 4968 vhgnem
861 4887 1022 4949 hominem
1047 4886 1128 4947 dicta
1153 4891 1237 4964 sunt,
1260 4887 1342 4949 dicta
1368 4906 1435 4950 esso
1460 4891 1633 4955 worsndum

49 5102 86 5171 ab
97 5101 145 5159 tarr
157 5106 262 5168 πάντως
276 5105 323 5171 τῆς
341 5100 406 5166 θείας
418 5101 521 5170 φύσεως,
537 5099 608 5172 ἑτέρα
624 5097 652 5154 bt
665 5101 709 5167 τῆς
722 5095 815 5171 &utpo-
862 5097 946 5171 κυρίου
961 5097 1033 5170 ἡμῶν
1051 5096 1138 5167 Ἰησοῦ
1155 5098 1262 5171 Χριστοῦ
1277 5097 1320 5152 tto
1337 5098 1433 5173 δρῶμεν
1447 5099 1490 5165 τὰς
1504 5098 1632 5179 ἔνεργεῐας,

48 5185 265 5262 Whltspt‘ffi
863 5185 906 5250 τῆς
919 5183 1033 5250 θεότητος
1048 5179 1132 5247 stimi,
1149 5182 1190 5235 ml
1210 5186 1254 5249 τῆς
1275 5180 1472 5255 attendimus,
1488 5183 1633 5256 ἀμερίστως,

78 5288 97 5327 o
112 5275 219 5344 lnsyn.
239 5272 291 5338 Vt,
303 5275 358 5326 aet.
372 5286 399 5327 x.
423 5267 497 5340 Ὁρᾷς
509 5268 548 5322 tu
557 5266 620 5331 ἰνὸς,
634 5265 675 5320 :sl
684 5270 728 5320 tot
738 5264 814 5320 etant
862 5265 903 5318 sat
917 5264 1085 5326 ἀναλλιώτως.

95 5465 141 5510 us.
154 5465 193 5520 tlt,
203 5477 257 5522 cap.
266 5474 310 5508 au.
318 5482 347 5496 ·-
359 5462 373 5505 t
383 5461 407 5506 tn
417 5460 491 5517 Sinti
502 5464 544 5505 aet
555 5470 586 5503 rs.
594 5479 621 5492 -
633 5457 648 5503 8
660 5457 731 5504 ltttsr.
744 5457 784 5504 ltb.
800 5456 826 5502 rr
842 5460 910 5516 psuto
921 5465 971 5515 post
980 5457 1085 5507 initium:
1096 5469 1158 5514 quem
1170 5464 1193 5505 st
1202 5458 1256 5506 etot
1265 5456 1393 5505 morere
1403 5457 1457 5503 dtat.
1466 5469 1492 5505 u.
1506 5464 1557 5503 tssr.
1570 5457 1605 5502 lt.
