3956 6158
514 414 563 476 DE
583 408 885 477 INGARNthONE.
909 415 982 477 tls.
1005 416 1073 493 Xll,
1096 416 1179 478 CdP.
1203 418 1260 477 lx.
1622 418 1681 478 nte

115 603 193 648 omne
211 583 343 644 debitum
364 582 512 644 idoneum
539 583 611 643 satis
633 581 672 643 ud
696 583 863 662 deprecuu·
914 584 988 657 Quas
1015 584 1092 644 tanti
1127 583 1277 664 ponderis
1295 584 1327 645 in
1352 582 1417 663 ipsa
1441 584 1536 663 ipsius
1554 583 1680 662 justitiae

116 681 177 740 dem
190 693 309 757 poenam
322 675 450 737 valeret.
466 702 479 730 ι
498 677 578 736 Tum
590 694 648 737 nce
666 675 862 736 interhomi-
912 676 999 737 lance
1014 694 1079 737 csse
1091 678 1297 752 cognoscitur,
1316 676 1404 736 atad
1416 677 1680 755 justeordiuanda

114 790 167 847 nes,
199 788 253 830 neo
286 770 368 830 iuter
399 771 532 849 Angelos
566 769 694 849 reperiri
728 771 861 850 potuisse
913 769 1024 829 mundi
1051 775 1193 849 peceati,
1222 770 1313 849 louge
1340 770 1439 849 magis
1465 770 1682 850 praeponderet

115 880 285 945 quemquam
307 863 424 936 usserit,
445 863 546 942 quiid
570 867 714 944 prs-stare
737 868 858 941 posset3
913 879 997 921 mors
1010 862 1185 922 transitoria
1197 862 1263 922 Filii
1278 863 1345 935 Dei,
1362 880 1456 942 quam
1471 868 1587 922 esterna
1605 863 1681 922 iiiio-

116 975 174 1036 qun
186 955 276 1015 verba
290 958 396 1015 Graece
406 955 473 1034 jam
494 956 711 1035 descripsimus
724 956 756 1014 in
779 955 860 1015 libro
911 971 984 1013 rum
1011 954 1186 1015 hominum.
1217 954 1288 1015 Plus
1324 955 1415 1034 plene
1449 955 1607 1015 redditum
1635 961 1681 1016 est

112 1047 241 1122 secundo,
271 1049 370 1127 capite
398 1049 544 1127 x11,§7,
571 1054 681 1109 castere
706 1056 790 1108 nune
817 1046 860 1106 ibi
909 1045 1050 1122 justitia,
1064 1046 1188 1124 quando
1205 1047 1343 1106 Christus
1357 1051 1501 1106 mortuus
1514 1055 1569 1120 est,
1586 1065 1680 1126 quam

111 1141 208 1202 omissa
229 1159 392 1220 ponemus,
408 1159 478 1221 quoe
501 1142 538 1201 ad
560 1145 742 1221 praesentem
760 1157 860 1218 quaes-
911 1136 951 1198 sit
963 1143 1243 1217 recompensatum.
1260 1138 1385 1216 quaudo
1398 1138 1493 1200 homo
1515 1139 1680 1199 damnatus

111 1230 211 1294 tionem
231 1239 379 1313 spectant.
406 1254 422 1291 a
446 1233 538 1308 Talis,
567 1232 678 1312 inquit,
700 1232 781 1293 alius
806 1250 862 1311 per
911 1236 967 1293 est.
983 1231 1084 1297 Habet
1105 1248 1178 1310 ergo
1203 1230 1324 1308 justitia
1352 1230 1503 1309 quidquid
1517 1248 1609 1291 suum
1621 1236 1677 1307 est,

109 1324 352 1403 dispensationem
363 1330 464 1406 neque
474 1325 544 1398 fuit,
554 1342 657 1404 neque
665 1329 744 1398 erat3
757 1343 860 1404 neque
911 1324 985 1403 quia
995 1322 1050 1384 Dei
1064 1323 1145 1383 filius
1154 1341 1210 1402 pro
1220 1324 1351 1403 peccatis
1361 1322 1527 1385 hominum
1537 1329 1679 1385 mort-rum

107 1419 157 1477 crit
169 1435 316 1497 unqrram,
332 1419 392 1479 uisi
400 1418 483 1479 solus
497 1437 535 1478 ex
544 1417 671 1497 Virgine
678 1424 768 1477 natus
777 1418 861 1478 Deus
912 1420 967 1476 est.
991 1436 1007 1473 n

107 1510 249 1585 ethome,
273 1512 328 1589 qui
351 1529 415 1571 non
444 1510 544 1570 solum
568 1510 765 1588 adaequatam
789 1527 861 1569 eum
951 1507 1115 1569 Anselmus
1128 1510 1201 1570 item
1217 1509 1251 1569 in
1264 1508 1345 1569 libro
1360 1508 1508 1585 secundo,
1523 1506 1587 1570 Cur
1601 1508 1679 1571 Deus

105 1619 217 1662 reomm
229 1602 625 1680 multitudiuedignitatem
639 1601 860 1662 ctaestimatio-
910 1596 1286 1681 donno,capitexrx,ait:
1307 1601 1497 1661 «Christum
1519 1600 1581 1660 tale
1603 1602 1679 1679 quid

105 1695 273 1755 nonhabet
289 1715 296 1755 ;
313 1696 367 1755 secl
379 1714 418 1755 ex
430 1694 571 1755 omnium
586 1693 720 1768 calculis,
739 1700 861 1755 senten·
909 1697 1019 1772 sponte
1044 1694 1162 1754 dedisse
1182 1695 1244 1755 Deo
1265 1695 1311 1755 ‚ed
1339 1693 1490 1754 honorem
1510 1692 1604 1768 illius,
1629 1694 1678 1756 eui

104 1786 202 1865 tiisque
214 1788 367 1866 majorem
381 1798 407 1847 t.
426 1810 438 1846 a
910 1785 1062 1864 quidquid
1075 1787 1156 1846 Deus
1165 1805 1230 1846 nou
1242 1785 1477 1864 est,comparari
1487 1803 1552 1845 non
1565 1791 1676 1864 potest,

137 1881 172 1940 V.
193 1881 384 1960 Augustinus
398 1881 472 1941 item
486 1897 628 1940 sermone
642 1896 733 1939 oxxn
744 1876 778 1938 de
790 1883 861 1939 tem·
910 1883 941 1935 et
954 1877 1038 1955 quod
1052 1896 1109 1956 pro
1122 1879 1268 1938 omnibus
1281 1877 1460 1939 hominibus
1471 1879 1613 1939 omnium
1627 1880 1678 1941 de·

101 1988 173 2051 porc,
195 1973 355 2046 «Fudisti,
369 1971 422 2039 ait,
439 1991 495 2050 pro
504 1989 556 2031 me
572 1972 708 2052 pretium
720 1971 861 2050 redemp·
908 1967 981 2029 bitis
991 1972 1216 2050 recompensari
1227 1977 1337 2050 potest.
1346 1992 1361 2027 a
1371 1972 1408 2031 Et
1415 1970 1513 2049 capite
1523 1972 1675 2049 sequenti:

102 2061 232 2127 tionist)
248 2062 856 2145 pretiosumpretiumperditorumlctc..
913 2082 928 2118 a
956 2060 1033 2135 Quid
1067 2060 1181 2140 justius
1208 2080 1303 2141 quam
1342 2067 1378 2121 ut
1402 2060 1465 2135 ille,
1510 2062 1559 2121 cui
1585 2062 1677 2124 detur

102 2153 178 2215 Dicat
216 2157 245 2217 ei
278 2163 361 2218 terra
392 2158 571 2236 redempta,
608 2164 688 2217 terra
720 2155 857 2234 irrigata,
908 2154 1044 2233 pretium
1058 2155 1158 2233 majus
1176 2155 1263 2216 omni
1284 2154 1398 2224 debito,
1411 2154 1437 2213 si
1455 2153 1560 2214 debito
1586 2155 1677 2217 datur

101 2246 250 2328 redempta
285 2249 457 2327 sanguine,
495 2249 622 2327 irrigata
662 2246 857 2328 baptismate.
910 2244 1034 2319 affectu,
1050 2247 1185 2308 dimittat
1198 2245 1491 2308 omnedebitumln

100 2339 201 2416 Magna
213 2342 362 2420 iniquitas
375 2359 456 2417 mea,
471 2341 524 2401 sed
548 2341 646 2418 major
657 2346 703 2400 est
716 2341 858 2420 redemp-
948 2339 999 2399 Vl.
1034 2339 1152 2399 Verum
1177 2358 1218 2400 ue
1243 2338 1380 2417 singulos
1404 2338 1560 2418 appellare
1584 2345 1676 2402 testes
1721 2367 1823 2423 uagata

99 2430 212 2494 ῖὶοῖιιε.
228 2434 430 2513 Audiatergo
455 2451 562 2494 vocem
584 2432 710 2493 Domini
725 2433 788 2493 mei
802 2433 859 2493 hu·
909 2448 1012 2509 operae
1027 2432 1138 2510 majori
1149 2431 1300 2503 molestia,
1313 2449 1408 2511 quam
1422 2432 1520 2509 pretio
1535 2450 1674 2511 pergam,
1713 2428 1838 2530 '‘Jgffiffl‘

98 2524 176 2584 mani
192 2525 317 2603 generis
337 2526 541 2596 adversarius
560 2530 592 2585 et
614 2525 691 2585 nihil
714 2524 775 2604 jam
800 2525 858 2585 sihi
908 2540 946 2582 cx
961 2523 1179 2584 communibus
1192 2523 1379 2602 quibusdam
1394 2523 1519 2584 illorum
1543 2525 1673 2604 placitis,
1713 2529 1833 2576 amaena

97 2616 255 2694 applaudat
270 2618 387 2694 eletas,
403 2618 542 2697 quiapro
554 2616 647 2677 totius
658 2617 770 2677 mundi
783 2617 857 2677 faci·
908 2619 939 2676 et
946 2616 1107 2695 principiis
1122 2634 1313 2694 consequeus
1330 2616 1362 2675 id
1373 2633 1439 2676 esse
1451 2622 1672 2679 monstremus.
1699 2585 1847 2702 dimdi-

97 2710 206 2770 norein
220 2729 312 2772 cruce
324 2710 472 2790 pependit
484 2709 634 2770 Dominus
648 2714 753 2770 noster
768 2711 858 2770 Jcsos
907 2708 1028 2768 Horum
1038 2708 1233 2769 decretorum
1247 2708 1385 2787 primurn
1393 2707 1471 2769 illud
1479 2713 1534 2784 est,
1544 2710 1576 2769 in
1591 2711 1675 2789 quod
1720 2692 1823 2790 sffissffi?

97 2799 235 2863 Christus.
252 2825 268 2861 a
304 2805 341 2863 Et
367 2803 402 2863 in
425 2820 462 2863 eo
485 2820 628 2862 sermone
653 2802 708 2881 qui
729 2818 801 2862 cxlv
823 2800 859 2862 de
906 2799 1024 2874 ingenti
1044 2802 1243 2861 consensione
1265 2800 1443 2879 conspirant
1465 2806 1583 2862 veteres
1606 2820 1673 2864 om·

97 2895 216 2973 tempore
225 2894 462 2971 numerabatur,
478 2899 509 2955 et
526 2895 559 2955 in
577 2894 778 2973 rejicrdonrm
791 2895 857 2973 Ap·
907 2910 981 2967 nes;
997 2892 1116 2953 nullam
1137 2893 1266 2952 omniuo
1280 2898 1417 2953 creatam
1431 2910 1498 2953 rem
1520 2894 1560 2954 ad
1583 2913 1673 2955 exae-

95 2986 250 3061 pendicem
279 2987 438 3067 ablegatus
465 2992 533 3047 est:
555 3007 567 3043 a
591 2987 690 3046 Hodie
709 2988 858 3047 Dominus
907 2991 973 3044 tam
988 3003 1045 3064 pro
1062 2990 1186 3063 peccato
1200 2985 1294 3064 primi
1312 2989 1458 3063 parentis,
1478 2988 1673 3065 acposterio-

95 3084 192 3138 noster
206 3082 239 3140 in
255 3086 371 3141 statera
384 3081 482 3140 crucis
492 3079 629 3158 pretium
643 3084 757 3139 nostrae
774 3079 856 3139 sala-
906 3094 978 3136 rum
1006 3077 1071 3155 ejus
1100 3076 1218 3137 delictis
1250 3077 1396 3137 omnibns
1425 3077 1672 3151 satisfactionem,

93 3169 128 3227 tis
141 3173 303 3251 appendit,
317 3178 349 3233 et
362 3190 425 3232 uua
445 3175 545 3231 morte
565 3170 746 3231 uuiversum
760 3189 857 3231 mun·
907 3169 981 3229 satis
996 3169 1142 3230 idoneam
1157 3169 1249 3229 fuisse
1264 3189 1271 3230 :
1288 3188 1346 3230 nec
1372 3170 1481 3246 alium,
1504 3189 1599 3249 quam
1620 3173 1675 3252 qui

94 3259 173 3333 drrm,
202 3264 282 3325 sieut
306 3265 449 3324 omnium
473 3264 623 3338 conditor,
649 3262 693 3322 ita
715 3263 857 3323 omnium
908 3261 988 3321 Deris
1006 3269 1097 3337 esset,
1128 3261 1315 3322 intervenire
1339 3262 1503 3338 debuissc3
1528 3264 1612 3343 quod
1641 3266 1674 3325 in

91 3359 247 3430 reparator
260 3352 403 3413 absolvit.
420 3351 638 3412 Indubitantcr
655 3351 740 3412 enim
753 3353 858 3412 ereda·
905 3353 1040 3414 secundo
1063 3353 1143 3414 libro
1171 3355 1293 3433 copiose
1317 3354 1565 3416 demonstratum
1593 3356 1673 3418 θεῖ’.

91 3458 167 3517 nus,
180 3445 266 3523 quod
280 3449 381 3504 totam
396 3443 550 3503 mundum
564 3445 706 3519 redemit,
724 3445 778 3523 qui
787 3444 857 3523 plus
906 3445 1006 3523 Hujus
1028 3452 1133 3505 autem
1156 3463 1248 3505 eausa
1264 3446 1452 3506 necessitatis
1467 3464 1506 3508 ex
1529 3466 1565 3508 eo
1588 3448 1674 3525 duci-

90 3533 180 3610 dcdit,
195 3553 294 3615 qaram
307 3541 390 3596 totus
413 3535 550 3596 mundus
569 3535 695 3596 valeret.
711 3535 857 3596 Meritum
905 3541 979 3613 tur,
1010 3538 1093 3616 quod
1119 3537 1169 3597 vel
1208 3536 1399 3614 offensionis,
1433 3557 1496 3617 que
1532 3540 1677 3619 majestas

90 3627 169 3687 enim
194 3630 366 3708 redemptae
392 3627 542 3689 mercedis
568 3627 702 3706 dignitas
729 3627 857 3706 insignis
907 3628 1025 3705 divina,
1045 3630 1228 3708 bonitasque
1254 3630 1390 3702 laeditnr,
1412 3630 1535 3692 infinita
1553 3632 1676 3712 sitgra-

88 3719 173 3794 pretii
202 3737 402 3799 supergressa
416 3724 472 3794 eet,
495 3720 581 3778 Inter
600 3717 808 3798 redemptum,
827 3725 858 3779 et
906 3722 1005 3783 vites:
1021 3723 1071 3783 vel
1090 3722 1217 3782 nonnisi
1235 3722 1360 3783 infinita
1381 3723 1557 3785 Mediatoris
1576 3724 1677 3801 digni-

88 3810 293 3872 redimentem
302 3810 565 3890 dispensatiofuit,
574 3811 783 3889 compensatio
792 3828 854 3871 non
886 3821 970 3876 tate
993 3814 1187 3894 compensari
1214 3815 1319 3894 possit.
1348 3815 1490 3877 Alterum
1518 3817 1678 3878 decretum

86 3898 187 3962 tuit.»
908 3913 963 3984 est,
979 3907 1062 3985 quod
1077 3907 1217 3985 proxime
1232 3911 1303 3966 ante
1315 3908 1572 3981 memoravimus3
1588 3909 1678 3970 illum

124 3994 188 4054 Leo
213 4013 340 4074 quoque
368 3994 487 4074 primus
513 4012 654 4055 sermone
668 4011 710 4055 au
731 3993 766 4055 de
779 3993 855 4055 Pas·
907 3998 1010 4078 ipsum
1026 3998 1091 4074 Dei,
1109 3998 1336 4076 hominumque
1364 3999 1569 4060 mediatorem
1589 4001 1677 4061 Chri-

86 4084 163 4146 steae
176 4085 318 4164 Domini,
334 4086 431 4147 effuso
443 4088 594 4164 sanguine
609 4087 729 4159 Christi,
751 4085 856 4145 cvali-
908 4097 991 4150 stum
1006 4092 1111 4151 desum
1135 4107 1199 4149 non
1216 4089 1319 4150 solum
1341 4089 1443 4168 plene,
1466 4109 1503 4151 ae
1523 4091 1678 4153 cumulate

87 4176 154 4237 dius
168 4180 215 4239 ait
229 4177 345 4239 factrrm
360 4197 426 4239 esse
444 4179 562 4240 donrrm
585 4178 747 4253 libertatis,
762 4196 858 4256 quam
909 4182 991 4242 Patri
1007 4181 1184 4242 satisfecisse
1197 4199 1254 4260 pro
1271 4181 1416 4241 omnibus
1429 4183 1572 4242 omnium
1584 4182 1677 4244 delic-

85 4268 231 4330 debitum
245 4271 411 4338 servitutis,
432 4292 443 4329 a
462 4272 501 4330 Et
514 4271 548 4331 in
558 4288 700 4331 sermone
714 4267 859 4349 primorie
907 4275 967 4334 tis:
988 4275 1041 4335 sed
1062 4273 1161 4334 multo
1184 4274 1277 4334 etiam
1301 4273 1464 4352 copiosius,
1489 4292 1585 4353 quam
1613 4282 1679 4335 erat

87 4362 273 4436 Asecnsr'oae,
292 4362 478 4441 «ampliora
500 4380 557 4422 nos
585 4361 712 4440 adeptos
739 4362 782 4420 ait
804 4379 859 4439 per
909 4383 1054 4427 neccsse:
1081 4383 1119 4426 ex
1146 4365 1257 4444 quibus
1277 4364 1417 4443 sequitur
1432 4384 1497 4425 non
1524 4365 1678 4429 infinitam

86 4452 281 4514 ineffabilem
296 4454 411 4515 Christi
422 4454 669 4534 gratiam,quam
677 4471 733 4532 per
743 4452 858 4513 diaboli
907 4458 1010 4517 solum
1032 4457 1273 4537 amplitudinem
1301 4456 1394 4517 luisse
1416 4457 1530 4517 Christi
1553 4458 1678 4520 merito-

85 4544 290 4605 aniseramus
303 4546 466 4606 invidiam.
486 4567 502 4603 a
907 4568 991 4625 rum,
1004 4554 1034 4610 et
1048 4550 1272 4624 satisfactionis,
1286 4566 1348 4627 qua
1363 4548 1526 4627 redempti,
1547 4567 1676 4629 reeupe·
1705 4552 1712 4563 '

123 4637 176 4698 Sic
190 4638 305 4698 Petrus
332 4637 543 4698 Cluniaecnsis
561 4636 594 4697 in
615 4656 651 4698 eo
671 4637 788 4712 libello,
804 4637 858 4717 qui
907 4643 1027 4721 ratique
1049 4660 1174 4703 sumus:
1203 4641 1256 4701 sed
1281 4640 1406 4701 infinita
1425 4659 1561 4720 quoque,
1587 4643 1613 4702 si
1633 4643 1677 4704 sic

84 4727 224 4790 Nuelcus
238 4728 414 4790 inscribitur
428 4734 437 4763 ¹
452 4750 460 4805 ;
476 4731 556 4790 aPro
573 4734 690 4791 retento
708 4729 858 4810 supplicio
907 4731 992 4810 loqui
1005 4730 1050 4791 ias
1063 4735 1120 4805 cst,
1136 4730 1324 4791 uberiorem.

83 4818 240 4892 hominis,
255 4821 424 4901 temporale
436 4821 629 4881 eitohlatum
653 4839 717 4882 esse
740 4823 856 4902 suppli·
946 4823 1085 4884 Tertium
1097 4823 1146 4883 his
1160 4822 1276 4883 accedit
1298 4821 1438 4899 effatum,
1462 4823 1547 4903 quod
1566 4841 1606 4885 ex
1625 4844 1677 4886 oe·

84 4912 172 4972 cium
201 4913 257 4973 Dei
284 4919 315 4974 et
341 4913 478 4973 hominis
501 4930 588 4993 :pro
615 4918 730 4974 aeterna
757 4919 857 4974 morte
906 4916 970 4976 tavi
983 4914 1055 4974 libri
1069 4913 1327 4993 disputationibus
1352 4913 1507 4993 colligitur
1523 4913 1547 4991 ³3
1563 4917 1678 4978 Christi

82 5000 445 5084 hominis,tempornlem
456 5011 590 5066 mortem
597 5005 656 5066 Dei
667 5010 698 5065 et
709 5005 854 5067 hominis.
906 5007 1102 5088 operationes
1114 5007 1237 5068 infinita
1251 5006 1386 5086 quadam
1403 5008 1565 5087 dignitate,
1581 5015 1612 5069 et
1625 5028 1679 5070 aas·

118 5242 140 5281 a
159 5226 299 5283 ramnus.
307 5228 424 5289 Τοιοῦτος
433 5225 481 5298 γὰρ
489 5227 566 5288 ἄλλος
574 5228 630 5281 κατ’
647 5225 789 5299 οἰκονομίαν
801 5227 858 5282 οὔτε
909 5232 981 5302 μόνον
997 5229 1062 5305 ἔχων
1075 5231 1120 5298 τὴν
1130 5230 1197 5293 ἀξίαν
1209 5235 1246 5303 τῷ
1254 5232 1341 5300 πλήθει
1354 5236 1404 5286 τῶν
1417 5232 1549 5297 haedinas,
1560 5232 1626 5285 ἀλλὰ
1634 5234 1675 5286 καῖ

81 5310 199 5379 γέγονεν,
218 5308 272 5363 οὔτε
284 5306 325 5377 ἢν,
347 5307 403 5363 οὔτε
424 5307 491 5362 torel
505 5310 575 5373 nort,
596 5310 612 5376 ἢ
633 5311 736 5381 μονοςό
753 5309 780 5363 ἐκ
797 5331 859 5381 παρ·
907 5315 996 5376 πάσαις
1005 5315 1094 5385 ψήφοις
1107 5314 1283 5386 ὑπερέχουσαν.

79 5391 153 5445 tirou
166 5391 266 5462 τεχθεὶς
277 5393 338 5458 θεὸς,
353 5393 394 5445 καὶ
408 5392 543 5463 ἅνθρωπος,
558 5391 857 5448 οὖνᾶντιταλαντεὺοοοαν

113 5586 124 5630 t
137 5583 211 5631 Ten.
225 5580 252 5633 1.
262 5584 315 5635 sttt.
327 5587 370 5633 PP.
387 5597 407 5634 ο.
421 5596 450 5635 11.
460 5607 488 5623 ι·
498 5585 512 5632 t
524 5584 580 5633 ilde
588 5584 629 5636 tu.
638 5585 667 5640 li,
679 5597 699 5634 ο.
714 5586 783 5633 xlrret
795 5596 839 5633 nn
851 5606 878 5622 ·-
889 5585 903 5633 d
916 5585 1006 5633 unxina
1019 5597 1039 5632 ο.
1050 5597 1072 5631 n
1085 5592 1107 5632 et
1120 5590 1159 5631 εῖν.
