3936 6152
126 2053 257 2101 Unctiohuc

125 2109 257 2155 tntetttatto

151 2163 248 2217 Spiritus

146 2223 246 2260 uocatur.

291 295 350 356 tbi
793 287 1117 351 rasotostcestttr
1138 290 1356 356 nouus‘rtttt

292 459 422 519 Basilius
450 458 579 521 homilia
601 458 634 517 in
658 456 811 518 Psalmoor
833 473 912 530 reru,
945 455 983 515 ad
1006 454 1059 514 illa
1107 458 1197 518 uouit
1220 468 1247 519 te
1274 458 1362 533 Dius,
1388 457 1467 520 Deus
1487 465 1553 518 tuus
1579 464 1641 517 otoo
1665 454 1783 526 letitie,
1803 472 1859 534 pre

291 550 397 625 verba,
412 550 505 612 Isaac
519 558 546 611 tc
558 550 645 626 Deus,
662 555 719 610 cte.
1106 550 1304 631 participibus
1313 552 1380 611 ter's.
1402 551 1523 611 Fratres
1533 547 1657 624 Christi,
1672 553 1703 608 et
1715 546 1862 626 participes

333 643 467 721 Cyriilus
488 643 563 703 item
578 642 802 703 Alexandrinus
817 642 851 701 in
876 645 1007 699 mactatu
1025 637 1059 698 de
1108 644 1279 703 seeundum
1292 643 1521 704 humanitatem
1532 659 1658 702 sumus:
1674 640 1785 714 oleum,
1801 637 1864 716 Spi-

292 732 461 814 Spmbolo¹,
483 734 588 796 lorum
607 741 736 813 usurpat
753 753 791 795 ex
802 735 944 795 rictorem
962 731 1060 811 capite
1108 734 1186 795 ritus
1198 736 1323 815 siguum
1335 742 1401 797 est:
1418 740 1530 797 unctus
1546 739 1709 795 astantem
1722 728 1862 804 Clnistus,

293 825 423 903 decimo,
437 827 491 905 qui
511 828 610 888 Jesem
627 826 819 888 Nazarenum
840 832 961 885 uectum
973 824 1018 883 ait
1041 841 1060 884 a
1109 843 1173 885 non
1185 831 1221 886 ιιι
1235 828 1327 902 Deus,
1341 826 1393 887 sed
1408 830 1443 885 ut
1455 825 1561 892 homo,
1578 824 1777 903 Nequaquam
1790 821 1864 881 enim

292 917 365 995 Deo,
393 918 517 1000 Spiritu
543 927 650 982 coorto.
678 921 716 980 Et
743 919 954 979 Theodoretus
980 915 1060 977 libro
1110 921 1145 976 ut
1160 918 1213 978 Dei
1234 918 1327 991 filius,
1352 916 1492 996 ungitur,
1516 915 1569 976 sed
1586 932 1657 975 earo
1672 913 1780 974 Christi
1800 929 1865 971 rem

292 1012 400 1089 quinto
423 1010 628 1074 deterrimis
648 1011 774 1091 sabulis,
803 1011 901 1090 capite
927 1027 975 1081 ιιι,
991 1014 1061 1069 tum
1110 1010 1255 1072 unctione
1269 1016 1363 1072 uncta
1377 1016 1432 1084 est,
1454 1010 1590 1070 adventu
1608 1007 1724 1069 scilicet
1746 1004 1864 1084 Spiritus

290 1101 387 1178 hunc,
423 1110 491 1166 tum
524 1105 597 1181 alia,
631 1123 701 1184 quae
735 1102 1059 1177 commemoravimus,
1110 1104 1217 1180 saneti,
1230 1103 1264 1163 in
1278 1103 1345 1183 ipsa
1358 1102 1414 1163 tilii
1445 1101 1582 1163 leontinis
1603 1096 1807 1176 correptione.
1834 1096 1866 1155 Et

292 1196 382 1258 affert
399 1196 654 1277 loea,utprobet,
676 1197 852 1257 «Christum
873 1195 931 1255 hoc
945 1211 1061 1254 nomen
1111 1214 1175 1275 prm
1189 1196 1402 1276 participibus,
1424 1195 1498 1275 quia
1518 1193 1589 1269 illis,
1604 1198 1641 1252 ut
1668 1208 1775 1270 mpero
1794 1193 1867 1265 pote

292 1292 493 1351 consecutum
521 1307 585 1351 esse
617 1295 742 1370 propter
770 1288 950 1350 unctionem
977 1285 1061 1362 spiri·
1110 1294 1193 1364 rant,
1223 1288 1414 1368 particularis
1441 1286 1585 1366 quaedam
1622 1282 1720 1344 sancti
1748 1280 1867 1360 Spiritus

291 1389 342 1443 tus
352 1392 377 1443 ⁰.
392 1402 407 1439 u
425 1384 462 1443 Et
476 1384 612 1444 ioannes
625 1384 843 1457 Damascenus,
871 1401 886 1437 ιι
910 1379 1061 1453 Christus
1113 1382 1266 1442 emanatio
1280 1381 1397 1441 tributa
1411 1385 1467 1440 est.
1487 1377 1533 1438 Ad
1548 1378 1645 1437 instar
1655 1374 1741 1436 enim
1752 1372 1867 1435 humaui

292 1475 406 1554 inquit,
434 1481 480 1536 est
504 1476 597 1535 Filius
619 1476 673 1535 Dei
698 1474 841 1547 virentis,
854 1490 946 1551 quem
973 1470 1064 1530 unxit
1112 1475 1237 1553 spiritus
1250 1473 1431 1534 huminibus
1451 1471 1575 1531 videtur
1589 1467 1732 1530 distribui
1748 1467 1867 1545 Spiritus

292 1568 386 1630 Pater
400 1573 505 1628 saneto
521 1565 639 1646 Spiritu
649 1566 669 1626 ι.
692 1588 707 1623 u
729 1566 868 1646 Idipsum
893 1565 928 1624 in
954 1562 1062 1625 Cutem
1112 1568 1209 1627 sancti
1225 1567 1324 1644 gratia
1336 1585 1343 1626 ι
1354 1563 1618 1644 quemadmodum
1638 1561 1745 1641 utique
1759 1561 1785 1619 is
1797 1578 1814 1619 a
1826 1577 1866 1619 ce·

293 1659 325 1719 in
348 1657 480 1720 Psulrnoa
498 1660 673 1738 complures
697 1658 819 1737 antiqui
837 1661 1001 1727 testantur,
1029 1658 1065 1713 ut
1112 1658 1205 1720 rehro
1219 1658 1406 1720 (tessendens
1419 1674 1476 1737 per
1499 1655 1657 1717 sensibiles
1679 1671 1800 1729 nmvos,
1813 1670 1867 1711 non

293 1751 454 1830 Didymus,
470 1752 690 1831 Apollinarius,
705 1750 906 1828 Nicephorus,
923 1748 1065 1808 Theodo·
1114 1751 1258 1812 omnibus
1277 1751 1437 1826 membris,
1453 1767 1503 1811 sec
1521 1748 1694 1809 secundum
1712 1744 1869 1826 proportio

293 1850 395 1904 retus:
408 1851 478 1904 tum
500 1845 632 1923 Nyoetas
646 1843 681 1903 in
698 1841 809 1905 Cotcuu
829 1839 868 1902 od
889 1839 1063 1901 tritticum
1114 1863 1188 1905 nem
1199 1843 1366 1924 unicuique
1380 1841 1499 1923 potenti
1519 1841 1716 1920 suscipere.»

294 1937 361 1997 aP.
384 1937 532 1997 Corderio
546 1936 662 1998 edita’.
724 1972 730 1982 ·
830 1999 833 2006 ,
994 1927 997 1937 “
1149 1935 1520 2018 IV.Auetor,quoestionum
1529 1931 1870 2006 retractaremus

335 2031 392 2090 Ill.
409 2031 495 2091 Hunc
506 2049 579 2091 vero
593 2048 648 2110 per
659 2030 811 2110 Spiritum
828 2034 969 2089 sanetum
980 2027 1066 2087 Chri·
1116 2030 1282 2108 Augustini
1294 2048 1389 2109 opera
1403 2026 1507 2088 editus
1526 2043 1651 2087 caumm
1659 2024 1817 2103 inquirens
1824 2040 1870 2083 cur

295 2120 1067 2199 stihominisunetionem,r'nitobitutiouemejusdem
1118 2123 1258 2183 Christus
1277 2121 1344 2200 jam
1370 2139 1517 2201 purusne
1544 2123 1668 2179 sanctus
1694 2116 1869 2196 baptismum

298 2213 431 2293 Spiritus
444 2216 477 2273 in
492 2216 571 2293 ipso,
587 2220 618 2274 et
640 2214 765 2292 quidem
787 2214 1010 2292 plenissimam,
1032 2230 1068 2272 ae
1116 2214 1293 2293 susceperit,
1308 2231 1444 2274 necnon
1459 2211 1609 2291 Spiritum
1623 2214 1764 2271 sanetum
1778 2227 1870 2287 aspec-

297 2307 532 2386 possessionem,
557 2306 717 2367 interdum
756 2307 862 2365 Patres
895 2305 1063 2383 appellunt.
1116 2307 1202 2368 tahili
1221 2306 1254 2366 in
1281 2325 1313 2367 se
1338 2306 1497 2385 delapsum
1525 2304 1635 2384 speeie,
1666 2302 1699 2362 id
1723 2302 1809 2362 illum
1838 2299 1871 2359 ad

298 2401 341 2459 De
355 2416 416 2477 qua
444 2398 668 2459 inhabitatione
684 2397 814 2477 pulchre
832 2396 1021 2456 Novatianus
1034 2395 1068 2455 in
1117 2397 1294 2477 exemplum
1307 2397 1487 2459 hominibus
1496 2395 1702 2476 praebendum
1722 2410 1871 2474 usurpasse

299 2490 379 2550 libro
393 2488 427 2551 de
455 2489 615 2556 i‘rine'tote,
633 2490 732 2567 capite
756 2507 846 2549 xxm.
872 2509 888 2544 ιι
907 2488 1066 2565 Habitans,
1117 2491 1293 2570 respondet.
1312 2489 1486 2568 «Numqui
1513 2486 1710 2548 credentibus
1736 2486 1871 2565 Spiritum

299 2583 411 2662 inquit,
427 2583 461 2643 iu
474 2581 539 2641 solo
559 2581 679 2641 Christo
698 2581 818 2660 plenuS,
837 2587 867 2640 et
892 2584 977 2640 totus
986 2600 994 2656 3
1012 2599 1069 2642 nec
1119 2589 1261 2644 sanctum
1275 2602 1294 2644 a
1310 2581 1446 2643 Deodari
1460 2580 1671 2660 promittebat,
1684 2577 1790 2640 debuit
1801 2575 1872 2637 istud

299 2676 333 2734 in
347 2674 450 2754 aliqua
469 2691 627 2749 mensura,
655 2681 707 2734 aut
727 2674 869 2752 portione
896 2673 1067 2750 mutilatus,
1119 2673 1872 2755 insemetipsoivisibiliterdemonstrare;quocon-

299 2767 353 2827 sed
367 2785 438 2827 eum
453 2771 518 2827 tota
531 2785 587 2827 sua
609 2766 816 2827 redundantia
830 2763 985 2826 stimulate
1008 2766 1068 2825 dis·
1118 2774 1206 2848 perto
1215 2768 1375 2828 credentes
1383 2765 1580 2827 invisibiliter
1595 2782 1724 2844 seposse
1738 2762 1872 2843 Spiritum

299 2859 447 2936 tributus,
462 2866 493 2920 et
506 2861 635 2935 missus;
651 2865 687 2920 ut
700 2877 740 2919 es
753 2858 805 2919 illo
816 2857 1071 2919 deliberationem
1119 2867 1260 2922 sanctum
1284 2858 1398 2920 habere
1430 2862 1598 2938 sperarent.
1629 2857 1707 2917 Nam
1748 2855 1873 2917 Salvator

301 2954 469 3030 quamdam
483 2954 656 3030 gratiarum
665 2950 769 3012 caeteri
784 2949 931 3028 consequi
939 2950 1067 3029 possint,
1119 2952 1239 3031 ntique,
1268 2969 1340 3011 cum
1364 2950 1403 3011 de
1427 2949 1544 3029 Spiritu
1567 2954 1673 3009 sancto
1698 2952 1872 3016 nasceretur,

299 3044 394 3104 totius
408 3046 505 3105 saneti
523 3045 656 3124 Spiritus
676 3043 839 3104 inChristo
858 3040 944 3102 fonte
969 3061 1069 3103 rema·
1119 3044 1317 3124 purificatum
1324 3060 1435 3121 corpus
1443 3041 1562 3102 habuit.
1579 3041 1692 3101 Unctio
1707 3039 1790 3101 enim
1799 3036 1873 3099 carni

300 3142 406 3212 nente,
432 3141 467 3196 ut
493 3154 532 3196 ex
556 3136 610 3195 illo
635 3136 802 3209 donorum,
828 3140 920 3212 atque
940 3135 1071 3214 operum
1120 3138 1187 3215 ejus
1209 3136 1409 3215 spiritualiter
1422 3135 1455 3195 in
1475 3139 1564 3195 utero
1578 3133 1718 3212 Virginis
1735 3133 1803 3194 data
1825 3137 1872 3192 est.

299 3245 386 3287 venae
401 3228 598 3303 ducerentur,
630 3227 747 3306 Spiritu
761 3233 867 3288 saneto
892 3227 925 3287 in
952 3226 1070 3288 Christo
1121 3229 1253 3307 Spiritus
1273 3228 1356 3288 enirn
1384 3232 1509 3287 sanctus
1531 3224 1708 3305 purificavit
1731 3226 1810 3304 quod
1842 3224 1874 3284 dc

299 3320 461 3380 affluenter
476 3320 644 3380 habitante.
677 3340 689 3377 i
720 3320 818 3393 Quam
845 3318 1071 3381 habitationem
1120 3322 1217 3382 Maria
1230 3321 1359 3399 Virgine
1378 3338 1492 3400 eorpus
1507 3318 1676 3381 Salvatoris
1696 3318 1828 3398 profecit.
1843 3318 1875 3379 n

299 3412 474 3473 describens
488 3412 591 3473 Esaias
603 3410 625 3489 ³,
642 3409 837 3492 requiescendi
850 3410 945 3472 verbo
960 3412 1069 3490 utitur,
1120 3412 1181 3474 hoc
1196 3419 1243 3474 est
1255 3413 1360 3475 unctio
1371 3412 1471 3474 earnis
1484 3411 1651 3473 Salvatoris
1663 3431 1671 3471 ε
1683 3429 1776 3491 quare
1790 3416 1819 3473 et
1830 3428 1875 3471 na·

299 3522 371 3564 cum
381 3505 435 3581 ait,
445 3504 781 3585 Reqrrieeoetsupcreum
792 3502 925 3584 Spiritus
934 3502 1068 3565 Domini.
1120 3511 1171 3566 tus
1182 3505 1320 3566 Christus
1334 3512 1380 3566 est
1391 3504 1571 3584 appellatus.
1588 3525 1604 3564 r

243 3668 245 3673 .
299 3597 338 3655 Et
351 3596 390 3656 ad
404 3598 489 3657 hune
503 3598 600 3658 Esaias
617 3598 729 3670 locum,
751 3596 849 3656 alium
862 3614 935 3656 mox
949 3613 1070 3656 accom—
1161 3597 1240 3658 Hine
1249 3603 1354 3658 utitem
1362 3597 1543 3676 Fulgentius
1555 3595 1747 3657 divinitatem
1757 3594 1876 3676 Spiritus

299 3688 406 3748 modat
418 3689 619 3765 Novatianus,
627 3690 660 3749 in
675 3707 737 3767 quo
748 3695 878 3749 unctum
890 3707 922 3749 se
935 3688 1071 3749 Christus
1120 3686 1789 3769 sanctirecteadversusArianosapprobat‘.r
1800 3684 1874 3762 Quod

300 3799 319 3838 a
333 3782 395 3839 Deo
419 3786 569 3841 testatur:
592 3798 685 3860 quem
709 3787 740 3841 et
760 3781 797 3841 de
815 3800 848 3841 se
866 3780 1002 3841 Christus
1023 3781 1070 3840 in·
1120 3782 1277 3861 si,inquit,
1292 3782 1387 3842 homo
1398 3782 1551 3859 Christus,
1563 3781 1629 3843 sinc
1643 3780 1742 3843 saneti
1756 3779 1875 3859 Spiritus

299 3877 487 3952 terpretatur
501 3872 699 3953 Luroeeapite
715 3880 837 3952 quarto.
1120 3875 1219 3952 gratia
1243 3874 1335 3953 plene
1371 3873 1555 3936 sanctificari
1591 3873 1705 3954 potuit,
1734 3871 1874 3953 superflue

339 3967 394 4025 Est
406 3965 445 4025 ad
455 3966 596 4027 eamdem
612 3966 796 4027 sententiam
808 3966 956 4044 preclara
970 3966 1071 4045 Hugo·
1120 3966 1240 4028 dicetur
1254 3966 1374 4028 collatio
1385 3966 1468 4027 illius
1481 3966 1648 4028 unedonis.
1658 3966 1691 4027 Si
1703 3972 1803 4027 autem
1816 3964 1872 4025 sine

299 4055 350 4118 nis
365 4057 527 4118 Etheriani
542 4058 719 4138 disputatio,
735 4076 798 4136 <prta
813 4059 964 4137 Spiritum
987 4076 1073 4119 sane·
1120 4064 1225 4120 saneto
1246 4059 1364 4139 Spiritu
1386 4059 1477 4138 plane
1495 4058 1679 4120 sanctificari
1692 4076 1757 4119 non
1776 4056 1872 4138 potuit,

299 4156 368 4210 tum
376 4150 492 4211 habere
504 4151 662 4211 Christum
675 4150 800 4229 prohat;
817 4168 881 4210 non
893 4151 994 4211 solum
1009 4169 1072 4229 qua
1119 4151 1244 4232 plenam
1272 4150 1520 4212 sanctificationis
1541 4149 1676 4230 gratiam
1687 4151 1754 4211 sine
1771 4149 1874 4229 Spiritu

181 4293 185 4300 .
299 4243 381 4302 Deus
395 4248 450 4316 est,
468 4242 522 4303 sed
535 4243 628 4304 etiam
642 4248 678 4302 ιιι
689 4242 867 4302 hominem:
885 4264 900 4301 ιι
915 4239 949 4303 Si
971 4242 1071 4303 homi-
1119 4248 1224 4304 saneto
1251 4243 1388 4305 Cirristus
1417 4244 1512 4304 homo
1539 4261 1605 4303 non
1636 4242 1757 4318 hahuit,
1782 4244 1874 4319 utpote

299 4353 388 4412 num,
417 4336 537 4414 inquit,
568 4335 602 4395 in
616 4333 780 4394 animabus
794 4335 856 4413 pie,
869 4353 903 4395 ue
926 4335 1069 4413 religiose
1119 4353 1213 4414 quem
1238 4335 1331 4396 Pater
1349 4333 1559 4407 sanctificavit,
1575 4340 1606 4395 ct
1624 4334 1712 4396 misit
1735 4335 1768 4394 in
1792 4350 1872 4394 mun·

299 4427 490 4506 degentium,
513 4433 693 4488 nontamen
711 4427 827 4506 absque
842 4427 931 4488 sorde
946 4428 1069 4507 penitus
1118 4429 1210 4502 dum3
1233 4426 1287 4506 qui
1310 4427 1348 4487 dc
1367 4426 1466 4506 seipso
1480 4427 1574 4487 dixit:
1596 4425 1643 4487 Et
1665 4446 1719 4507 rgo
1740 4421 1872 4504 candifico

299 4519 508 4593 existentium,
525 4519 657 4599 Spiritus
679 4524 804 4579 sanetus
817 4518 958 4579 habitare
979 4519 1069 4599 polli-
1119 4520 1262 4600 meipsum
1272 4539 1281 4585 ;
1297 4519 1336 4578 Et
1348 4518 1382 4579 in
1402 4537 1464 4598 quo
1479 4519 1576 4580 sancti
1595 4515 1728 4599 Spiritus
1753 4513 1871 4579 martifi-

298 4624 394 4689 cetur,
423 4613 639 4691 multomagis
665 4613 699 4672 in
723 4611 836 4673 Christi
862 4613 1068 4692 animaque
1118 4613 1195 4672 catio
1223 4611 1364 4673 similiter
1398 4611 1584 4688 agnoscitur,
1617 4611 1765 4690 quoniam
1792 4606 1871 4670 unxit

297 4708 456 4779 inviolata,
482 4710 513 4767 et
536 4704 734 4766 immaculata
748 4706 814 4765 sine
833 4704 922 4765 sorde
945 4722 1067 4784 semper
1118 4721 1191 4765 eum
1218 4705 1298 4764 Deus
1325 4702 1442 4783 Spiritu
1468 4708 1585 4781 saneto,
1606 4710 1637 4764 et
1657 4703 1782 4777 virtute;
1803 4717 1871 4779 quo

298 4801 410 4875 existit,
426 4798 551 4859 nullum
562 4798 691 4859 omnino
705 4796 823 4878 peccati
837 4797 1003 4875 vestigium
1014 4797 1068 4858 ha-
1118 4796 1211 4857 modo
1226 4795 1295 4875 quis
1309 4795 1460 4876 Spiritum
1469 4796 1624 4857 minorem
1640 4796 1740 4871 Patre,
1748 4794 1793 4855 vel
1801 4791 1869 4853 Filio

297 4894 385 4967 bens,
401 4891 485 4951 idem
499 4890 624 4970 spiritus
644 4890 803 4951 habitauit.
829 4890 894 4949 Hoc
914 4888 1068 4968 Propheta
1118 4888 1212 4949 audet
1226 4888 1339 4957 dicere,
1356 4887 1421 4949 sine
1435 4906 1498 4966 quo
1511 4888 1755 4950 sanctificationis
1765 4884 1869 4966 perlae·

297 4983 536 5059 vaticinabatur,
565 4983 689 5063 quando
728 4982 858 5043 dicebat.
901 4981 1067 5062 Propterea
1117 4981 1235 5042 tionem
1244 4980 1475 5042 uideteonstare
1485 4999 1550 5042 non
1563 4981 1677 5061 posse?
1690 4980 1765 5055 Quid
1774 4982 1869 5039 autem

334 5175 355 5214 a
373 5160 547 5215 Turonorum.
567 5163 632 5214 tom.
649 5157 695 5214 lV.
716 5156 809 5228 ripert
820 5175 828 5211 t
839 5157 867 5210 bt
882 5155 1065 5228 προσηγορεύθη
1151 5155 1168 5211 ὁ
1187 5156 1304 5211 Dttttsc.
1326 5153 1375 5210 lib.
1393 5154 1439 5221 lv,
1467 5170 1527 5227 cup.
1544 5170 1573 5212 v.
1592 5154 1699 5227 Χριστὸς
1715 5155 1760 5227 γάρ
1776 5151 1834 5206 ἔστιν
1854 5148 1867 5202 ὃ

298 5239 535 5315 διὰτὸχρίσματοῦ
549 5240 692 5311 πνεύματος.
984 5279 986 5282 ψ
1115 5236 1167 5299 υἱὸς
1186 5232 1230 5291 roi
1249 5238 1304 5292 θεοῦ
1318 5243 1362 5291 τοῦ
1373 5240 1474 5304 ζῶντος,
1492 5239 1521 5291 br
1531 5236 1652 5311 ἔχρισειὸ
1671 5238 1748 5309 πατὴρ
1760 5242 1792 5307 τῷ
1809 5232 1866 5304 &rie

398 5354 400 5358 >
1116 5320 1243 5392 πνεύματι.

326 5468 335 5510 ι
351 5468 399 5522 cyr.
412 5471 462 5513 ton.
475 5464 501 5518 t,
514 5475 558 5521 pur.
575 5461 601 5509 u.
616 5484 643 5499 ·-
655 5463 761 5509 scetem
770 5463 877 5510 ternu.
892 5461 914 5508 Ρ.
930 5462 1036 5509 corderii.
1045 5484 1066 5497 -
1082 5463 1158 5510 tara.
1172 5464 1199 5508 u.
1212 5465 1252 5509 -t
1266 5465 1313 5512 ιιι.
1324 5465 1341 5509 t
1352 5465 1382 5512 rut
1393 5464 1488 5513 iterim
1498 5475 1547 5523 cap.
1557 5476 1617 5512 rur.
