3990 6130
753 259 1087 324 Tueeleelcouun
1109 260 1328 325 DOGMATUM

1070 430 1175 491 lecum
1200 429 1290 492 illum
1313 428 1475 512 Prophetae
1497 431 1612 494 refert:
1635 436 1671 493 ut
1693 431 1831 493 animad-

1072 522 1165 584 vertit
1182 522 1422 605 Hieronymus¹,
1443 530 1475 586 et
1496 529 1568 587 ante
1587 526 1671 586 bunc
1688 525 1834 587 Eusebius

1072 614 1108 675 in
1122 615 1201 676 libro
1215 633 1300 677 nono
1319 615 1355 678 de
1372 615 1622 679 demonstratione
1639 616 1833 699 Eneapelieo,

468 667 579 751 CAP
590 669 665 752 UT
698 671 822 756 Vlll·
1073 707 1171 786 eapite
1185 724 1241 768 xv.
1258 707 1305 768 Ibi
1321 709 1407 770 enim
1424 709 1578 785 observat,
1602 727 1703 789 neque
1720 708 1755 770 in
1776 709 1834 769 He·

1073 800 1158 860 braeo
1171 799 1228 860 ista
1247 800 1308 879 legi
1321 802 1459 870 uomina,
1480 819 1581 881 neque
1600 800 1683 881 apud
1696 800 1772 862 alios
1784 801 1837 861 In-

1072 897 1222 971 terpretes
1235 892 1377 955 Graecos:
1393 895 1469 955 etin
1481 899 1627 955 contextu
1644 893 1837 973 septuaginta

253 985 465 1066 Proponuntur
477 987 631 1070 utrimque
638 987 829 1071 pinnamentn
840 989 947 1070 portis,
963 996 1022 1050 tam
1072 984 1242 1058 seniorum,
1264 984 1354 1046 obelo
1370 986 1528 1065 jugulatus
1550 1004 1614 1048 esse
1633 1005 1723 1048 voces
1743 987 1835 1063 istes;

292 1095 360 1158 pune
375 1075 529 1140 Christum
541 1088 629 1161 putet
640 1098 696 1142 csse
709 1099 837 1156 servan
854 1100 943 1163 quom
958 1100 1024 1162 qnoe
1074 1076 1246 1155 meritoque
1266 1078 1463 1154 Mettbaum,
1487 1083 1636 1159 tanquam
1658 1079 1833 1161 Hebraeum,

293 1176 390 1250 nepot.
408 1172 437 1232 l.
461 1170 553 1234 lenire
567 1171 655 1247 torus,
680 1174 713 1234 in
729 1192 787 1254 quo
805 1191 904 1235 rernm
921 1174 1023 1254 appel.
1073 1168 1142 1229 illas
1161 1168 1325 1230 omisisse:
1350 1172 1433 1250 qrted
1456 1171 1548 1232 etiam
1571 1171 1760 1252 Hieronymo
1783 1190 1838 1233 no·

297 1259 391 1334 latur,
420 1264 612 1342 expenditur,
640 1272 668 1325 et
689 1268 817 1326 carietes
838 1265 969 1326 lectionis
993 1265 1025 1325 in
1073 1265 1173 1321 tetum
1187 1266 1244 1337 est,
1259 1261 1314 1340 qui
1334 1263 1374 1324 ad
1387 1268 1480 1342 eaput
1500 1262 1588 1324 Isaia
1606 1280 1676 1339 xm,
1691 1264 1840 1343 «plenius

297 1351 409 1416 Grecis
421 1352 612 1436 Hebraeisque
625 1354 782 1417 codicibus.
798 1359 828 1420 t.
845 1356 932 1417 Alter
947 1356 1025 1422 brus
1074 1352 1107 1413 in
1119 1352 1257 1414 Matthaei
1272 1353 1544 1432 commentariolis,
1558 1356 1630 1416 etin
1640 1354 1731 1428 libro,
1747 1373 1840 1435 quem

295 1443 420 1527 punem
439 1444 528 1507 Isoioe
551 1447 650 1527 optior
671 1447 712 1508 od
730 1449 810 1509 idem
830 1446 1022 1527 probandum.
1074 1444 1113 1505 ad
1128 1443 1282 1524 Algasiam
1302 1464 1403 1526 nuper
1421 1442 1593 1526 scripserat,
1613 1447 1802 1527 disputatum
1820 1468 1836 1505 a

296 1540 326 1598 3.
342 1536 474 1617 Apostoli
486 1537 565 1599 lours
578 1539 752 1620 ecepistolor
764 1541 802 1600 ad
815 1541 1026 1619 Philippenses
1073 1536 1132 1598 hac
1145 1536 1183 1598 de
1197 1555 1231 1598 re
1245 1539 1361 1600 asserit.
1384 1538 1472 1612 Quod
1489 1557 1562 1600 vere
1584 1538 1662 1599 dixit
1678 1540 1717 1600 de
1739 1544 1840 1620 poste·

297 1629 392 1708 eapite
401 1628 535 1697 serundo.
549 1629 602 1691 ubi
613 1631 830 1708 sormnmserni
839 1633 1026 1712 assumpsisse
1074 1628 1157 1689 riore
1170 1629 1230 1690 boe
1242 1628 1333 1707 libro,
1349 1630 1412 1690 sive
1425 1630 1554 1709 epistola
1565 1630 1604 1692 ad
1623 1630 1789 1710 Algesiam.
1804 1633 1843 1693 At

296 1718 415 1781 decitur.
441 1724 472 1781 4.
498 1720 640 1803 Dionysii
667 1722 866 1784 Alexandrini
892 1722 970 1784 loeus
991 1722 1026 1783 ele
1075 1721 1109 1781 iu
1122 1721 1260 1781 Matthaei
1275 1723 1503 1783 commentariis
1512 1723 1593 1783 nihil
1601 1723 1639 1783 de
1649 1725 1840 1798 Greeoomm,

296 1810 364 1872 illis
372 1810 509 1892 Apostoli
516 1812 612 1874 nutu
624 1812 824 1875 emanatione
836 1814 943 1896 dipnus
958 1832 1027 1894 pro·
1076 1818 1108 1874 et
1118 1812 1321 1874 Hebraeorum
1331 1814 1507 1875 discrimine
1519 1815 1659 1876 codicum
1671 1816 1841 1879 adnotavit.

294 1903 431 1985 ponitur,
449 1904 626 1985 oeprimurn
638 1905 804 1986 explicatur
817 1905 914 1967 Pauli
927 1904 1028 1968 Serno-
1079 1904 1184 1984 ltaque
1205 1906 1344 1983 suspicor
1365 1906 1424 1967 illis
1449 1906 1551 1967 verbis
1578 1925 1643 1968 non
1671 1909 1843 1984 significare

298 1995 394 2055 sueni
421 1993 551 2056 heresis.
580 1998 609 2058 b.
636 1993 765 2078 ejusdem
788 1997 885 2059 Pauli
904 1997 1027 2079 strepltu
1077 2004 1218 2058 sanctum
1232 1998 1663 2079 virum,seprivatimeleillo
1678 2001 1765 2062 lsaiae
1778 2001 1844 2062 loen

298 2086 441 2165 diluitur,
456 2092 487 2150 6.
499 2089 659 2170 Dionysius
668 2088 764 2170 poulo
776 2089 876 2168 aliter,
891 2109 926 2151 oo
939 2090 1028 2172 vulpe
1078 2088 1201 2170 plenius
1209 2090 1243 2152 in
1255 2092 1487 2152 communionis
1505 2091 1544 2152 ed
1559 2090 1736 2154 Mottloeum
1749 2094 1844 2173 scrip·

301 2180 348 2257 fit,
370 2180 507 2261 Apostoli
520 2181 611 2242 bearn
632 2181 718 2242 illurn
745 2181 953 2262 interpretetus
974 2190 1025 2247 est.
1078 2182 1170 2255 sisse3
1187 2183 1240 2243 sed
1253 2184 1399 2244 adversus
1412 2183 1563 2244 versionis
1580 2202 1644 2244 suae
1664 2191 1696 2245 et
1715 2184 1844 2245 Hebrai-

301 2270 464 2334 rucuma
476 2272 766 2352 euplt'rotionisejus.
783 2274 1029 2355 8.Etpurpotur
1078 2290 1187 2333 corum
1209 2272 1362 2335 librorum
1379 2275 1613 2353 suggillatores3
1629 2277 1713 2357 quod
1728 2276 1847 2356 eliquat

301 2364 423 2424 interim
456 2363 492 2424 ab
526 2362 645 2426 dureris
677 2369 850 2446 suspicione.
890 2369 921 2428 e.
955 2366 1030 2428 For·
1079 2365 1113 2425 in
1124 2365 1200 2426 locis
1213 2366 1429 2427 commentarii
1442 2367 1530 2428 istius
1542 2366 1623 2428 feeit.

301 2475 379 2517 mern
388 2455 467 2516 servi
477 2464 614 2516 naturam
628 2457 723 2537 ipsam
735 2456 916 2538 si'pcificore.
935 2457 1031 2540 Chry·
1120 2458 1324 2519 Consentiunt
1336 2465 1441 2519 autem
1449 2459 1484 2518 in
1497 2459 1529 2519 id
1542 2477 1652 2520 omnes
1665 2460 1774 2537 Grani,
1790 2463 1849 2521 La·

301 2546 422 2608 sostenu'
432 2547 575 2627 expositio
587 2548 803 2630 Dionysiorum
821 2547 902 2609 illurn
917 2549 1030 2630 suppil-
1079 2549 1200 2629 tinique
1226 2550 1421 2628 interpretes,
1450 2550 1553 2612 locum
1580 2550 1670 2611 illum
1692 2551 1791 2613 lsaiee'
1809 2552 1847 2613 de

302 2637 375 2700 lons.
397 2641 446 2699 lo.
464 2637 571 2699 Portis
583 2638 682 2716 illius,
694 2657 761 2720 puoe
778 2637 928 2701 Christum
942 2649 1031 2719 nepot
1081 2640 1202 2701 Christo
1216 2642 1357 2720 intelligi,
1381 2647 1417 2702 ut
1435 2647 1466 2703 et
1479 2643 1644 2704 Matthaeus
1660 2643 1798 2720 indicat;
1817 2650 1849 2705 et

302 2750 358 2793 esse
371 2749 499 2806 sunum,
521 2738 698 2809 orpurnentc
716 2739 932 2813 proponuntur.
957 2733 1031 2794 Pri·
1079 2732 1305 2793 vetuslissimus
1326 2738 1435 2794 suntor
1458 2733 1600 2794 lustinus
1616 2738 1738 2814 martyr
1758 2736 1849 2797 docet

301 2843 382 2886 mum
395 2840 433 2884 eu
446 2822 571 2904 epistole
585 2823 624 2883 ad
639 2823 794 2886 Hebraeos.
811 2827 860 2886 ll.
878 2824 950 2887 Trio
969 2826 1031 2890 olio
1082 2824 1113 2884 in
1128 2822 1294 2902 dialogo⁸2
1312 2824 1365 2903 qni
1380 2829 1411 2886 et
1430 2824 1584 2888 Christum
1600 2826 1746 2907 appellari
1759 2834 1851 2907 putat

303 2916 366 2979 loco
375 2922 403 2978 et
415 2922 602 2997 orpurneuto.
1081 2914 1189 2976 iacobi
1217 2919 1248 2976 et
1275 2916 1394 2977 Israelis
1421 2912 1611 2979 nominibus.
1639 2918 1851 2998 Hieronymus

1080 3024 1155 3068 uero
1178 3009 1323 3069 eumdem
1350 3007 1506 3087 designari
1516 3007 1538 3082 ⁸,
1564 3015 1595 3070 et
1621 3010 1770 3088 spirituum
1794 3010 1852 3072 Dei
1977 3004 1978 3025 ¹

303 3101 329 3161 l.
352 3099 522 3174 Christum,
537 3115 600 3177 que
613 3096 708 3159 homo
722 3104 778 3175 est,
790 3117 914 3160 servum
928 3099 1034 3179 appel·
1081 3099 1184 3159 Petris
1201 3101 1303 3179 «pont
1320 3118 1413 3179 super
1425 3099 1515 3160 iham
1531 3100 1585 3177 ait,
1601 3119 1666 3161 non
1688 3120 1782 3180 super
1796 3103 1854 3165 Dei
1977 3092 1978 3131 ³

262 3192 321 3253 lari
340 3208 429 3272 posse
453 3209 519 3251 non
541 3207 650 3270 pauca,
676 3209 733 3251 nee
754 3190 884 3252 obseura
901 3191 1034 3253 suadent
1081 3191 1232 3268 Verbum,
1253 3197 1284 3251 et
1303 3209 1397 3271 super
1414 3191 1623 3271 unigenitum,
1646 3193 1701 3271 qui
1720 3195 1759 3255 de
1778 3194 1854 3256 sinu
1977 3188 1978 3227 ³

263 3283 417 3364 imprimis
431 3282 806 3361 testimoniaScripturae:
823 3300 957 3362 quorum
970 3284 1033 3363 ple·
1082 3283 1228 3363 processit
1256 3284 1375 3358 Patris;
1402 3285 1455 3344 sed
1482 3302 1575 3364 super
1602 3301 1685 3362 eum,
1714 3286 1752 3346 de
1787 3305 1853 3366 quo
1977 3280 1978 3347 l

263 3394 360 3458 reque
382 3381 526 3439 veterum
546 3374 608 3436 illis
627 3375 788 3437 sententiis
810 3376 1033 3456 comprehensa
1082 3375 1200 3436 dietum
1227 3381 1292 3450 est3
1322 3374 1400 3436 Eece
1418 3393 1493 3455 puer
1517 3392 1608 3437 rnna.
1633 3397 1649 3434 n
1677 3376 1795 3451 Quibus
1816 3380 1854 3440 in
1977 3430 1978 3437 ,

264 3474 347 3545 sunt,
363 3486 440 3548 quas
453 3467 605 3547 superiori
614 3468 715 3547 eapite
728 3469 956 3548 descripsimus.
972 3468 1033 3530 Sed
1081 3466 1184 3528 verbis
1197 3467 1356 3527 notatione
1374 3467 1505 3544 dignum
1523 3472 1580 3540 est,
1600 3468 1645 3529 sic
1667 3485 1741 3529 etim
1763 3468 1854 3548 loqui
1977 3518 1978 3521 .

263 3562 379 3625 habeut
388 3560 515 3621 illorum
523 3560 627 3638 aliqua
635 3560 780 3621 nonnihil
789 3561 1033 3621 consideratione
1082 3558 1121 3619 de
1135 3559 1267 3634 Christo,
1282 3563 1318 3618 ut
1332 3556 1419 3619 illum
1429 3565 1457 3620 et
1466 3577 1531 3620 eum
1547 3557 1658 3638 inipso
1668 3559 1853 3640 distinguat,
1977 3566 1978 3627 j

265 3654 406 3732 dignum,
432 3650 520 3728 cujus
542 3651 639 3726 petia
662 3651 712 3725 bie
732 3652 766 3712 in
786 3670 887 3713 unum
908 3652 1033 3715 collecta
1083 3651 1168 3731 quod
1187 3649 1241 3711 alii
1259 3650 1367 3711 Patres
1384 3656 1544 3729 respuunt.
1568 3650 1630 3711 Sed
1647 3651 1754 3713 dextre
1767 3654 1855 3715 istud
1977 3678 1978 3681 ¹

266 3749 433 3826 ponentur.
1084 3742 1181 3823 accipi
1193 3747 1314 3822 oportet
1326 3742 1365 3803 de
1382 3748 1566 3804 naturarum
1586 3742 1770 3822 differentia,
1787 3764 1856 3808 non

306 3837 447 3897 Primum
463 3835 557 3897 Isaias
580 3834 735 3914 Propheta
759 3834 878 3914 aliquot
898 3836 933 3896 in
957 3835 1034 3896 loeis
1083 3851 1298 3918 personarum.

266 3944 390 3991 servum
401 3928 542 3990 nominat
555 3945 648 4008 quem
658 3927 799 3988 Messium
812 3927 950 4007 praedicit
959 3928 1035 3988 affu-
1127 3929 1168 3989 ll.
1186 3926 1462 4006 Verumquouiam
1471 3927 1771 4004 Greeeadictiopute,
1787 3948 1856 3992 non
1977 3994 1978 3997 ,

204 4057 211 4072 ·
267 4028 385 4084 turum.
403 4021 464 4083 Sed
485 4020 649 4099 insigniter
663 4020 763 4099 capite
781 4019 1034 4100 quadregeslmo·
1084 4026 1208 4082 tantum
1230 4036 1366 4095 servum,
1388 4020 1442 4080 sed
1460 4020 1554 4080 etiam
1572 4019 1673 4107 filium
1688 4021 1856 4098 significat,

267 4098 423 4177 seeundo:
441 4112 607 4174 ubiDeum
620 4110 704 4172 illius
716 4112 844 4173 Patrem
857 4111 1036 4191 loquentem
1086 4130 1151 4174 non
1172 4117 1238 4171 tam
1265 4129 1408 4190 expressa
1433 4111 1480 4172 vis
1507 4117 1553 4173 est
1577 4111 1661 4172 illius
1686 4112 1747 4173 loei
1770 4114 1859 4194 apud

268 4207 313 4268 sie
326 4207 463 4267 inducit:
479 4204 559 4266 Ecce
571 4221 765 4276 sucusuieus,
778 4203 935 4284 smrrpiorn
948 4222 1036 4264 eum:
1087 4204 1208 4264 Grecos
1231 4205 1339 4263 Patres
1362 4202 1401 4262 de
1422 4203 1503 4263 servi
1524 4204 1712 4283 proprietate
1732 4204 1860 4267 Christo

268 4298 373 4361 electus
385 4316 476 4371 meus,
488 4294 666 4376 complacuit
676 4294 733 4356 sibi
744 4294 839 4356 inille
851 4296 1035 4358 onirnonreo.
1086 4294 1284 4356 vindicanda.
1302 4295 1341 4354 lit
1353 4294 1474 4355 videtur
1491 4294 1626 4374 (tyrillus
1642 4295 1679 4356 in
1694 4312 1861 4359 crummen-

269 4391 318 4451 lta
331 4408 370 4451 ex
389 4390 519 4451 Hebraeo
538 4393 643 4449 noster
661 4388 832 4468 interpres:
854 4393 885 4448 et
897 4405 959 4448 vox
972 4391 1039 4468 ipsa
1087 4387 1165 4448 tario
1177 4386 1216 4447 ad
1230 4385 1284 4446 illa
1296 4384 1393 4445 verba
1407 4386 1494 4446 lasiae
1509 4386 1608 4446 lilium
1620 4387 1723 4467 potius
1736 4389 1863 4451 intelle-

269 4482 408 4561 ejusdem
417 4482 546 4560 lingue,
558 4498 756 4553 navarreum
767 4498 864 4541 meum
874 4479 1036 4556 signifieat.
1087 4479 1178 4551 sisse
1191 4494 1286 4556 quam
1299 4494 1435 4554 servum,
1444 4485 1480 4539 ut
1493 4482 1524 4539 et
1537 4479 1863 4556 Procopianarum

270 4575 310 4635 nt
330 4574 533 4654 Septuaginta
550 4574 686 4634 seniores
710 4571 896 4633 addiderunt
918 4570 1037 4647 lucebi,
1089 4570 1228 4648 ejusdem
1255 4569 1416 4649 Prophetae
1444 4569 1524 4630 alius
1550 4575 1596 4631 est
1620 4572 1702 4651 apud
1732 4572 1864 4635 aracos

271 4672 303 4728 et
316 4667 435 4728 Israelis
444 4666 591 4728 nomina:
606 4663 695 4727 Jacob
703 4682 779 4745 puer
792 4681 883 4736 meus,
894 4681 1038 4724 maumam
1090 4660 1241 4730 disertior,
1259 4667 1290 4722 et
1301 4661 1340 4721 ad
1355 4661 1438 4723 idem
1449 4661 1647 4741 probandum
1658 4664 1761 4744 aptior
1773 4665 1866 4728 locus

271 4777 347 4820 euni.
368 4756 463 4819 lsrael
481 4756 588 4818 electus
602 4775 682 4818 meus
692 4775 704 4819 .·
718 4755 842 4836 snuepit
860 4773 925 4816 eum
940 4754 1039 4815 ocimo
1090 4771 1129 4815 en
1140 4753 1239 4833 eapite
1253 4751 1356 4815 xnrxl.
1374 4752 1419 4813 Et
1431 4771 1517 4828 nunc,
1529 4752 1606 4815 dieii
1619 4754 1779 4833 hominus,
1794 4759 1865 4838 sor-

272 4857 366 4910 new.
385 4848 512 4924 Ibisne,
527 4849 710 4929 idestpuer,
725 4865 879 4927 preserve
893 4847 1038 4907 sumitur.
1090 4863 1175 4906 moris
1193 4863 1239 4906 me
1259 4862 1298 4906 eu
1314 4852 1398 4906 utero
1415 4856 1533 4905 serrum
1554 4844 1624 4921 sili,
1638 4853 1694 4909 etc.
1713 4848 1754 4908 Et
1768 4849 1864 4927 dixit,

272 4944 314 5003 At
324 4940 442 5017 Jacobi,
457 4946 489 5001 et
502 4940 620 5001 Israelis
632 4940 782 5001 voeabula
794 4957 852 5001 nec
864 4939 899 5000 in
912 4938 1042 4999 authen·
1089 4937 1204 5000 Porum
1217 4941 1270 5006 est,
1285 4946 1318 4997 ut
1332 4937 1372 4997 sis
1385 4936 1463 4998 milri
1469 4935 1596 5013 urm‘,
1608 4943 1666 5000 etc.
1682 4939 1737 5000 ubi
1748 4942 1867 5005 eadem

273 5033 334 5095 tice
347 5033 547 5115 reperiuntur
561 5051 569 5093 ε
585 5049 643 5094 nec
655 5031 739 5114 apud
753 5031 934 5094 Matthaeum
948 5029 969 5107 ¹,
985 5030 1041 5092 ubi
1089 5047 1161 5106 vox,
1187 5046 1258 5111 quea
1275 5029 1309 5091 in
1332 5028 1489 5109 superiore
1509 5028 1577 5091 loeo
1596 5048 1658 5104 nnn
1672 5031 1780 5095 Graece
1795 5035 1868 5098 red·

309 5225 331 5267 o
348 5211 406 5266 lta.
423 5223 488 5266 xtlt.
512 5206 604 5262 ‘luat
614 5204 628 5261 ὁ
638 5208 696 5268 παῖς
710 5199 768 5280 poli·
779 5204 944 5280 ἄντιλῄψομαι
953 5204 1037 5261 αὐτοῦ.
1097 5202 1202 5277 Ἰσραὴλ
1215 5203 1230 5259 ὁ
1244 5202 1355 5268 ἐκλεκτός
1368 5223 1425 5277 μου·
1438 5203 1602 5279 προσεδέξατο
1613 5204 1686 5262 αὺτὸν
1695 5206 1711 5278 ἡ
1720 5208 1790 5284 ψυχή
1805 5230 1865 5284 pon.

273 5415 288 5462 θ
298 5353 421 5462 Ιίδῦαωπ.
434 5352 467 5398 lt.
477 5373 505 5387 ·-
516 5357 529 5398 t
541 5350 602 5401 lllor.
615 5351 639 5399 tn
648 5361 668 5400 c.
682 5350 883 5408 ruentiruenti.
897 5349 946 5400 llll.
960 5350 1092 5408 cittene.
1106 5361 1132 5395 u.
1145 5349 1198 5396 -a
1211 5348 1269 5397 lust.
1282 5361 1306 5408 p.
1318 5348 1608 5429 illd.-lller.ln1ntt.ll.
1623 5351 1686 5399 tt·
1696 5352 1711 5398 l
1722 5354 1768 5409 aa,
1778 5365 1810 5403 u..
1825 5354 1868 5403 b-

349 5448 354 5461 .
370 5427 424 5463 coru
437 5426 467 5461 rr.
