3936 6146
326 338 385 398 356
836 333 1163 397 THEOLOGICORUM
1183 334 1405 397 DQGMATUM

325 500 562 582 spiritumet»
583 500 644 562 Sed
663 499 1093 581 hisperversidogmatis,et
1144 506 1293 560 uturum
1307 505 1471 562 essetcnm
1486 501 1581 561 boor.
1597 519 1613 558 n
1631 499 1738 579 Pergit
1756 498 1888 581 deinceps,
1954 506 1955 573 ξ

324 592 463 654 heretici
476 594 562 654 virus
575 593 732 668 admiscet,
749 594 825 654 dum
838 601 872 654 ut
888 606 960 654 ante
974 593 1092 672 signiti-
1144 600 1175 655 et
1188 595 1344 673 quomodo
1357 593 1495 654 adillam
1516 592 1745 671 copulationem
1765 610 1891 673 perteue
1954 632 1955 643 .

325 685 420 760 cavi’,
436 686 572 747 animam
596 686 708 746 Christi
731 686 823 765 longe
845 693 917 747 ante
940 703 1093 764 corpusa
1144 686 1186 746 rit
1196 703 1266 746 caro
1281 686 1323 747 sic
1335 686 1485 763 exponit:
1500 685 1755 747 «Sanctificatam
1768 687 1891 766 aSpin'tn
1954 736 1955 751 .

325 778 388 838 Deo
401 783 593 857 procreatam
608 779 761 840 existimat
775 779 888 840 divinae.
902 778 984 838 illius
997 779 1092 839 socie·
1145 777 1231 838 illam
1254 796 1320 840 esse
1347 779 1449 839 dicit:
1469 783 1501 839 et
1525 779 1570 838 sie
1594 777 1634 838 ad
1661 777 1892 855 conjunctionem
1954 786 1955 841 Ι

324 868 395 929 tatis
406 876 581 950 compotem
593 872 696 949 fuisse,
713 877 744 931 et
756 871 1092 952 assumptumejusdem
1143 870 1230 932 illam
1247 889 1319 932 cum
1335 872 1396 932 Deo
1419 870 1521 932 Verbo
1540 871 1617 931 citra
1630 869 1846 947 contusionem,
1865 890 1893 932 ac

324 961 416 1024 luisse
431 964 659 1040 conjunctionis
672 965 836 1045 particeps.
1144 982 1200 1043 per
1213 963 1317 1044 ipsum
1329 981 1400 1024 cum
1419 964 1510 1024 Patre
1525 981 1591 1024 esse
1609 963 1807 1037 subrectam
1825 964 1893 1042 quod

363 1055 481 1117 Verum
489 1057 778 1134 deOrigeneminus
787 1057 993 1119 laborandum
1003 1056 1094 1118 nobis
1144 1055 1294 1116 nimirum
1317 1055 1509 1131 habitudine,
1523 1074 1588 1117 non
1610 1060 1723 1117 natura
1742 1055 1893 1134 perlectum

325 1153 382 1223 est,
404 1149 494 1228 cujus
515 1150 677 1229 ingenium
697 1150 809 1211 talium
829 1157 1090 1227 commentorum,
1145 1146 1249 1223 est⁶,n
1268 1150 1343 1209 Ecce
1357 1163 1489 1229 σχετικῶς,
1509 1165 1574 1210 non
1591 1163 1793 1228 postiemum
1804 1148 1892 1210 Verbo

324 1248 356 1302 et
371 1241 558 1320 ineptiarum
576 1244 660 1304 ferax
682 1261 775 1304 nemo
796 1243 941 1322 prudens,
959 1250 990 1304 et
1010 1261 1093 1303 sanae
1145 1239 1356 1319 conjunctam,
1373 1247 1512 1302 etuunm
1523 1241 1642 1320 ailquid
1655 1241 1768 1302 factam
1781 1259 1894 1303 wana·
1918 1236 1944 1268 Μ

324 1335 396 1396 fidei
410 1334 590 1396 laudaverit.
607 1337 649 1397 lte
667 1336 784 1397 caeteris
805 1341 910 1397 auum
928 1336 1048 1397 eximiis
1061 1339 1093 1396 et
1145 1337 1248 1393 turam
1282 1334 1453 1395 humanam
1487 1334 1619 1414 cyrillus
1651 1333 1812 1395 affirmat:
1836 1352 1893 1396 cum

324 1426 530 1506 Integerrimis
548 1429 703 1502 Patribus,
723 1428 777 1508 qui
801 1434 867 1489 tam
888 1445 1092 1508 personarum
1145 1432 1252 1486 tamen
1278 1425 1355 1487 alias
1380 1427 1554 1488 unitionem
1576 1427 1663 1488 illam
1685 1433 1787 1507 φυσικὴν
1811 1434 1892 1489 vocet.

325 1518 502 1580 divinarum
515 1520 596 1581 inter
611 1539 655 1593 se,
678 1539 772 1600 quam
786 1527 969 1582 naturarum
988 1521 1092 1580 unita-
1145 1519 1338 1598 Verumque
1359 1538 1451 1581 sensu
1465 1519 1524 1581 hoc
1542 1521 1665 1598 dixerit,
1677 1523 1846 1601 expositum
1857 1525 1895 1582 est
1954 1552 1955 1609 Ι

324 1616 389 1671 tem
402 1612 435 1673 in
450 1613 570 1673 Christo
584 1612 624 1673 ad
635 1618 780 1673 mutuum
790 1614 926 1674 caritatis
936 1614 1090 1686 allectum,
1145 1610 1179 1672 iu
1201 1610 1280 1672 libro
1301 1612 1353 1685 ΙΙΙ,
1377 1612 1431 1672 ubi
1446 1612 1639 1673 decretione
1661 1628 1749 1696 paras,
1769 1612 1891 1694 egimus.
1954 1620 1955 1699 Ι

325 1709 356 1765 et
380 1706 576 1766 concordiam
602 1707 743 1768 retulisse
764 1707 919 1782 uidentur,
949 1707 1009 1767 dici
1034 1706 1094 1768 hoe
1146 1704 1410 1766 Naturahumana
1423 1705 1533 1766 Christi
1546 1722 1675 1785 nonper
1689 1725 1804 1769 secum
1812 1707 1893 1769 Verbo

324 1796 483 1858 verissime
511 1803 629 1877 potest3
658 1818 724 1859 non
746 1816 798 1860 eos
828 1798 1030 1879 primariam,
1064 1804 1095 1860 et
1146 1796 1318 1877 copulatur,
1330 1799 1374 1857 ita
1388 1802 1424 1857 ut
1437 1796 1566 1858 unatiat
1584 1816 1622 1858 ex
1635 1797 1788 1860 ambobus
1805 1805 1894 1861 natura

325 1888 484 1968 propriam
498 1889 580 1949 illius
591 1890 818 1969 conjunctionis
832 1891 1010 1970 hujusmodi
1030 1909 1094 1952 esse
1145 1889 1318 1968 composita
1335 1908 1342 1950 :
1358 1890 1438 1950 sicut
1455 1908 1492 1951 ex
1516 1890 1646 1951 materia
1669 1897 1701 1952 et
1719 1892 1820 1953 torma
1840 1914 1846 1952 :
1866 1910 1894 1953 ex

325 1999 449 2042 causam
472 1981 631 2059 arbitram
654 1985 708 2045 sed
730 1985 818 2064 quasi
838 1988 1092 2064 consequentem,
1145 1983 1259 2063 quibus
1276 1987 1389 2044 natura
1411 2002 1475 2043 una
1496 1982 1543 2056 fit,
1557 1988 1721 2063 propterea
1739 1986 1821 2065 quod
1839 1987 1894 2046 dna

325 2078 356 2135 et
382 2075 607 2137 secundariam.
622 2078 691 2138 Non
714 2077 799 2139 enim
825 2084 945 2155 οὖσιώδη,
971 2083 1002 2138 et
1026 2075 1096 2137 aab·
1146 2075 1207 2135 illae
1224 2079 1415 2155 partesque
1434 2080 1554 2136 naturae
1575 2077 1734 2153 sunt,hoc
1756 2084 1802 2139 cst
1820 2081 1896 2139 natu·

324 2167 496 2243 sterlinum,
512 2169 575 2230 sive
588 2169 757 2232 naturalem
765 2188 881 2231 nexum
891 2170 1093 2245 intercedere,
1145 2167 1225 2229 reles
1242 2173 1356 2248 partes,
1372 2168 1454 2230 inter
1473 2185 1505 2229 se
1521 2168 1710 2248 junguntur.
1731 2170 1812 2233 Sunt
1829 2170 1896 2231 enin

325 2260 375 2320 rel
393 2261 583 2338 nescierunt,
604 2264 654 2324 rel
675 2263 920 2324 dissimularunt.
946 2262 1007 2323 Sed
1029 2263 1097 2341 ejus
1147 2268 1229 2322 ectus
1252 2266 1284 2322 et
1304 2261 1438 2341 potentia
1461 2281 1468 2320 ε
1493 2262 1664 2340 exquibus
1687 2280 1789 2324 unum
1807 2281 1856 2343 per
1872 2280 1896 2322 sc

325 2351 437 2412 omissa
461 2354 639 2431 mentione,
669 2373 765 2434 quam
797 2355 989 2415 luculentam
1022 2354 1096 2415 alibi
1146 2353 1263 2434 aliquid
1276 2353 1378 2415 efficit.
1391 2353 1431 2414 at
1445 2353 1581 2415 humana
1595 2355 1707 2416 Christi
1720 2361 1898 2435 natiuaqua

324 2442 472 2519 fecerant,
491 2464 548 2525 pro
572 2466 609 2507 eo
633 2464 668 2507 ac.
686 2447 846 2520 sermonis,
869 2452 900 2508 et
918 2444 1096 2526 argumenti
1147 2452 1259 2507 natura
1268 2450 1324 2523 est,
1333 2444 1568 2525 periectaest,et
1576 2452 1666 2522 actu;
1682 2454 1718 2508 ut
1727 2454 1760 2509 et
1767 2448 1895 2521 Verbum,

325 2535 404 2597 ratio
432 2537 567 2615 ferebat,
595 2539 798 2618 posteriorem
827 2540 918 2600 istam
942 2557 1095 2600 nonnun·
1147 2557 1210 2619 quo
1237 2557 1308 2599 cum
1331 2538 1487 2618 jungitur.
1513 2539 1613 2612 Quare
1640 2557 1706 2599 non
1728 2547 1853 2621 possunt
1871 2539 1897 2598 iu

326 2647 421 2708 quam
435 2629 618 2692 attulerunt.
1148 2649 1243 2692 unam
1257 2630 1349 2691 ambo
1359 2637 1504 2692 naturam
1515 2630 1694 2693 coalescere.
1710 2633 1836 2693 Proinde
1847 2649 1898 2692 nou

166 2759 192 2804 ,,1
211 2758 287 2806 arna
366 2723 450 2784 Xlll.
473 2723 519 2785 dd
534 2742 690 2785 summam
708 2725 769 2785 duo
786 2725 821 2785 iu
836 2726 896 2786 hoc
910 2726 1034 2805 negotio
1048 2725 1094 2785 vi-
1147 2739 1266 2804 φυσικῶς,
1295 2723 1410 2799 idest,
1434 2743 1496 2803 qua
1523 2728 1645 2786 naturae
1668 2729 1753 2798 sunt,
1786 2742 1897 2786 couna-

159 2812 300 2861 corrutione
325 2815 411 2876 madi
425 2822 498 2877 sunt
519 2817 647 2897 scopuli.
675 2818 807 2887 Primus,
821 2836 861 2878 ne
882 2817 975 2879 nimis
987 2817 1096 2897 jejune
1148 2823 1270 2893 tuntur,
1296 2822 1328 2877 et
1354 2834 1455 2877 uuum
1479 2817 1580 2892 fiunt3
1607 2817 1661 2877 sed
1688 2832 1817 2900 οχετικῶς,
1840 2817 1898 2895 quia

167 2867 287 2967 iiiiii
326 2907 364 2969 de
389 2910 643 2988 praestantissima
667 2910 720 2970 illa
744 2910 891 2971 humanae
925 2929 996 2971 eum
1031 2911 1095 2972 Dco
1148 2914 1305 2970 mutuose
1328 2908 1454 2970 habent.
1471 2915 1503 2970 et
1524 2909 1584 2970 sibi
1602 2909 1771 2971 cohaerent.
1790 2905 1899 2984 Quodsi
1919 2920 1936 2933 ·’

179 2976 273 3087 ,iiiiii
326 3008 447 3063 naturae
471 3003 665 3082 copulatione
687 3005 874 3079 sentiamus;
889 3009 926 3065 ut
939 3021 1008 3065 eam
1030 3002 1096 3064 solo
1149 3015 1254 3081 φυσικῶς
1267 3020 1324 3081 pro
1348 3019 1396 3074 eo,
1420 3002 1504 3082 quod
1524 3008 1569 3063 cst
1582 3009 1718 3079 uiolatae,
1739 3002 1899 3083 accipiatur,

327 3093 451 3168 affectu,
467 3113 502 3155 ac
514 3104 597 3176 σχέσει
620 3095 798 3156 metiamur.
826 3097 892 3170 Quo
913 3095 1038 3176 quidem
1063 3096 1096 3156 in
1149 3099 1180 3154 et
1193 3094 1419 3155 substantivum
1435 3095 1572 3175 aliquem
1584 3094 1715 3156 modum
1725 3094 1898 3175 conjunctio

325 3186 393 3247 loco
412 3186 519 3266 Cyrilli
542 3187 743 3248 Alexandrini
764 3193 871 3249 notata
895 3196 942 3249 cst
970 3188 1098 3250 anobis
1148 3185 1197 3247 nis
1211 3187 1372 3266 significet,
1388 3193 1490 3266 potest
1512 3188 1691 3249 humanitas
1713 3186 1821 3250 Christi
1841 3201 1900 3247 cum

326 3279 412 3356 alias,
432 3287 464 3340 et
486 3280 640 3341 declarata
661 3282 811 3341 sententia
831 3286 888 3359 est,
916 3300 987 3360 quae
1010 3281 1095 3358 huic,
1148 3279 1253 3340 Verbo
1264 3295 1371 3360 φυσικῶς
1385 3281 1551 3360 conjuncta
1565 3280 1634 3342 dici.

326 3372 412 3452 quod
434 3372 577 3447 dicimus,
596 3374 751 3435 adversari
773 3373 907 3435 ridetur.
935 3374 1014 3435 Nam
1035 3375 1097 3435 hu·
1189 3374 1272 3434 XIV.
1296 3375 1437 3435 Alterum
1453 3374 1510 3435 bae
1526 3375 1607 3435 inre
1621 3374 1794 3437 carendum
1805 3373 1900 3438 erroris
1926 3402 1945 3446 ῃ,

326 3480 428 3526 manae
440 3483 513 3527 cum
532 3466 635 3527 Verbo
658 3472 780 3527 naturae
796 3467 1097 3546 coagmentationem
1149 3472 1343 3541 extremum3
1369 3481 1409 3527 ne
1431 3464 1475 3527 sic
1495 3468 1528 3527 in
1552 3465 1745 3529 divinitatem
1764 3467 1900 3529 transiisse
1927 3456 1946 3464 ”

327 3557 392 3618 sola
411 3557 493 3629 σχίσει
507 3557 637 3620 delinire
652 3559 786 3619 videtur.
803 3561 846 3621 Ac
867 3559 1004 3639 primum
1027 3559 1098 3620 uni·
1150 3564 1262 3619 natura
1279 3563 1408 3639 putetur
1426 3558 1584 3622 bominis.
1606 3564 1641 3620 ut
1663 3560 1705 3621 sit
1730 3559 1841 3622 abolita
1860 3576 1901 3639 pr·-

328 3648 446 3711 tionem
457 3651 548 3711 istam
561 3657 644 3712 recte
657 3651 707 3712 his
718 3651 973 3731 verbisexplicat,
986 3652 1099 3731 quibus
1148 3651 1246 3725 nitus,
1262 3657 1294 3713 et
1314 3653 1461 3725 extincta,
1480 3670 1539 3714 nec
1563 3651 1628 3714 nlla
1649 3658 1764 3732 praeter
1782 3618 1927 3715 dirinamh

329 3740 423 3802 etiam
437 3749 621 3803 naturarum
635 3744 798 3804 discrimen
813 3745 922 3822 aperit,
939 3748 969 3804 ct
983 3744 1100 3823 Apolli·
1149 3743 1255 3804 relicta
1284 3742 1388 3805 fuerit.
1420 3746 1509 3819 Quod
1531 3763 1570 3807 ex
1592 3751 1771 3807 sanctorum
1792 3747 1900 3807 Panum

157 3869 175 3914 1.
190 3867 290 3913 amn.
329 3833 413 3894 naris
425 3833 702 3897 buresimrelellit.
725 3858 741 3894 c
761 3836 871 3914 igitur,
891 3836 1003 3915 inquit,
1021 3855 1099 3915 quo·
1150 3835 1337 3915 quibusdam
1350 3836 1451 3912 dictis,
1467 3839 1603 3899 maxime
1622 3856 1661 3899 ex
1679 3840 1828 3919 Gregorio
1840 3838 1901 3917 llys

156 3921 302 4020 gffijssgssssffl
329 3924 415 3988 niam
427 3944 490 3987 non
510 3934 555 3988 est
569 3928 837 3989 consubstantialis
859 3929 932 4004 Deo,
950 3933 984 3989 et
1003 3929 1098 4005 Patri,
1149 3945 1235 4003 seno,
1251 3934 1282 3990 et
1295 3929 1420 4009 Cyrillu‚
1437 3929 1664 4011 Monophysitae
1673 3930 1899 3993 concludebant:

156 4028 296 4091 eleanan
330 4019 451 4082 seduco
464 4020 630 4081 idemcum
645 4038 681 4082 eo
696 4027 806 4081 natirra
820 4038 891 4079 caro
911 4038 950 4080 ex
969 4020 1099 4081 muliere
1150 4039 1221 4100 quae
1245 4022 1425 4083 summatim
1449 4024 1579 4084 collecta
1606 4024 1650 4085 sio
1678 4023 1805 4099 abillis
1824 4017 1902 4100 objici

170 4086 283 4127 mmm
329 4116 414 4189 nata,
429 4111 620 4174 relomniuo
635 4112 797 4193 templum,
813 4111 896 4192 quod
917 4130 956 4172 ex
970 4112 1099 4191 Virgine
1150 4114 1259 4189 solere,
1274 4114 1368 4176 refert
1381 4115 1561 4176 Anastasius
1575 4115 1719 4177 Sinaitu:
1743 4116 1848 4189 «Nos,
1862 4113 1902 4172 in·
1954 4150 1955 4177 i

329 4205 496 4267 formatum
509 4212 571 4281 est3
589 4206 791 4267 nihilominus
804 4205 859 4264 ubi
878 4204 937 4264 hoe
951 4204 1047 4265 semel
1067 4204 1098 4265 in
1150 4206 1309 4285 quiebant,
1335 4206 1498 4268 subtilibus
1526 4208 1624 4268 animi
1646 4208 1833 4277 notionibus.
1849 4204 1902 4265 sire
1954 4184 1955 4271 Ι

329 4297 424 4360 Verbi
442 4318 554 4379 corpus
575 4304 621 4361 est
643 4303 846 4378 assumptum,
868 4297 1014 4378 deinceps
1035 4304 1101 4357 tan-
1150 4297 1264 4358 mentis
1285 4297 1561 4378 imaginationibus
1578 4300 1791 4381 intelligimus,
1811 4297 1903 4360 Chris·

330 4409 425 4473 quam
438 4409 539 4454 unum
560 4409 680 4453 cumeo
700 4391 818 4470 aliquid
841 4396 991 4451 censetur.
1014 4391 1102 4451 Unus
1151 4395 1219 4450 tum
1233 4408 1272 4451 ex
1285 4391 1407 4453 duabus
1428 4393 1549 4453 naturis
1570 4411 1668 4454 unam
1687 4411 1754 4456 esse
1774 4397 1903 4453 natunn
1954 4422 1955 4471 Ι

330 4486 416 4547 enim
430 4485 580 4560 Christus,
600 4489 631 4545 ct
651 4502 732 4544 unus
752 4483 844 4559 filius,
863 4483 986 4563 quando
1006 4483 1101 4544 homo
1150 4482 1354 4545 incarnatam.
1373 4483 1453 4545 Nam
1472 4492 1542 4562 post
1563 4486 1740 4548 unitionem
1761 4503 1821 4546 non
1842 4484 1903 4543 sunt

331 4578 430 4639 lactus
443 4584 500 4639 est.
527 4577 600 4639 Ideo
624 4576 798 4637 unitionem
819 4575 900 4637 hanc
918 4575 1102 4652 intelligitur
1150 4574 1284 4655 amplius
1309 4581 1431 4638 naturae
1461 4577 1543 4640 duae.
1566 4578 1687 4660 Quippe
1711 4578 1845 4640 deificata
1865 4577 1903 4633 est
1954 4598 1955 4625 i

332 4671 494 4751 accepisse,
519 4670 645 4751 quando
666 4669 706 4729 ad
729 4669 789 4729 hoc
803 4669 895 4730 etiam
919 4686 991 4729 cum
1010 4686 1102 4729 carne
1151 4687 1234 4742 caro,
1256 4674 1288 4730 et
1310 4669 1472 4731 commista
1493 4675 1551 4748 est,
1575 4669 1663 4731 velut
1688 4670 1765 4732 aceti
1784 4667 1861 4729 stilla
1876 4664 1904 4723 in
1954 4630 1955 4701 Ι

332 4769 378 4824 est
391 4769 580 4843 assumptus,
590 4779 659 4843 quae
671 4761 703 4823 id
714 4778 752 4823 ex
766 4762 865 4842 scipsa
878 4779 943 4822 non
955 4760 1100 4839 habebat,
1150 4766 1237 4822 vasto
1250 4761 1330 4823 mari
1345 4780 1352 4822 :
1369 4779 1405 4823 ac
1418 4761 1490 4823 talis
1507 4767 1555 4824 est
1571 4760 1668 4840 taeta,
1681 4759 1770 4842 quale
1782 4757 1876 4831 estid,
1888 4771 1904 4815 a

371 4956 392 4997 a
409 4944 520 4999 Crathi..
536 4940 583 4998 tib.
606 4943 629 4998 ΙΙ
642 4944 674 4999 in
688 4945 773 4999 Joart.
794 4940 887 4995 Οὗκοῦν
910 4939 1037 5014 ἐπειδήπερ
1052 4939 1101 5013 οὐχ
1149 4941 1244 4993 νοεῖται
1258 4939 1303 5008 τὴν
1313 4938 1413 5005 ἕνωσιν,
1424 4940 1583 5014 παραδεχθεὶς
1598 4938 1720 5003 cicestro
1733 4939 1772 4992 καὶ
1782 4936 1843 5011 μετὰ
1854 4952 1904 5005 σιρ-

334 5024 464 5099 ὗμοοιΙσιος
479 5031 515 5098 τῷ
527 5027 575 5097 θεῷ
589 5026 630 5078 καὶ
644 5027 728 5099 πατρὶ·
747 5025 803 5079 ἀλλ’
818 5024 874 5080 οὐδὲ
888 5024 975 5078 aciabu
990 5023 1101 5095 εΙςφῦσιν
1149 5024 1201 5093 aba,
1213 5022 1257 5076 oia
1268 5021 1372 5095 ἐχούσης
1381 5021 1477 5077 οἴκοθεν
1492 5024 1521 5077 τὸ
1533 5024 1559 5076 ts
1569 5018 1632 5077 εἶναι
1645 5025 1706 5097 πρὸς
1718 5023 1778 5077 θεόν.

332 5109 391 5178 ἣέκ
403 5109 515 5182 γυναικὸς
535 5108 595 5181 σάρξ
622 5107 697 5163 ἔστιν.
719 5112 795 5183 ἤγουν
816 5109 958 5181 ὁλοκλήρως
976 5108 991 5161 ὁ
1012 5106 1038 5161 ἔκ
1059 5111 1103 5174 τῆς
1188 5105 1290 5163 blbid.
1315 5104 1489 5180 Ἃγιαζομένης
1500 5108 1576 5175 δῆλον
1597 5109 1636 5162 ὅτι
1651 5111 1694 5175 τῆς
1706 5106 1800 5177 σαρκὸς,
1814 5104 1905 5157 etms
1954 5100 1955 5183 Ι

335 5192 453 5266 παρθένου
462 5194 529 5257 ναὸς,
543 5193 702 5265 παραδεχθιὶς
711 5193 738 5247 δὲ
747 5191 810 5255 ἅπαξ
829 5192 861 5254 εἰς
879 5197 952 5265 σῶμα
961 5195 1005 5245 τοῦ
1014 5193 1102 5262 λόγου,
1152 5190 1224 5263 πρὸξ
1234 5191 1321 5244 ἕνωσιν
1345 5189 1488 5263 ὰωγχύτως
1506 5190 1681 5261 &discretione
1702 5189 1772 5257 uirile
1793 5187 1851 5259 apis
1870 5183 1906 5237 ab
1954 5186 1955 5263 Ι

333 5275 421 5330 λοιπὸν
436 5277 469 5338 ὡς
483 5276 509 5329 ἕν
523 5295 546 5331 τι
559 5277 753 5347 telepsensis
764 5274 841 5347 αὐτῷ.
857 5268 892 5339 εἷς
905 5275 952 5347 γὰρ
966 5274 1103 5347 ὁΧριετΙς,
1153 5275 1206 5328 θεὸν
1220 5274 1307 5347 λόγον,
1329 5272 1370 5327 καΙ
1391 5275 1425 5327 δι’
1446 5273 1522 5329 αὐτοῦ
1550 5275 1611 5348 πρὸς
1631 5276 1674 5331 τὸν
1688 5273 1783 5346 antipa,
1798 5272 1906 5344 σχιταῦς
1954 5266 1955 5341 Ι

334 5360 376 5414 καὶ
399 5352 434 5422 εἷς
461 5359 523 5428 υἱὸς,
545 5361 585 5414 ὅτε
605 5360 703 5433 γέγονεν
719 5360 853 5432 ἄνθρωπος.
869 5360 941 5432 ταύτῃ
958 5378 997 5413 τοι
1019 5358 1105 5413 laicis
1154 5358 1282 5429 δηλονότι,
1297 5356 1338 5411 nal
1352 5356 1381 5411 εὖ
1391 5365 1507 5430 φυσικῶς.
1954 5352 1955 5387 ³

363 5516 374 5563 t
387 5519 437 5566 Cer.
448 5528 478 5571 vr,
493 5518 525 5565 n.
538 5540 566 5553 -
576 5517 754 5574 tsnpraparag.
763 5516 784 5563 5.
796 5538 824 5552 -
834 5514 908 5573 ttCaft.
922 5527 952 5571 rr,
965 5526 1042 5572 parag.
1052 5514 1073 5560 l.
