3990 6130
320 382 360 446 92
824 383 1148 450 hammarcoauu
1167 385 1386 450 manarum

321 545 478 609 amodum
490 545 667 631 hypostasim
674 555 878 631 vocat3qnam
892 568 1088 632 esseprorms
1140 553 1338 614 comantem
1357 570 1396 614 ex
1415 549 1561 629 naturali,
1576 553 1608 611 et
1626 546 1818 610 substantiva
1831 544 1901 607 uni·

321 628 461 721 ipootcm,
477 660 512 703 cc
526 643 721 722 pereyriaum
735 642 859 719 asserit,
881 662 934 707 nec
947 644 979 704 in
997 645 1089 705 sceris
1136 644 1222 706 tione
1235 664 1309 718 etna,
1326 646 1371 706 uti
1384 644 1458 719 dixi,
1483 642 1666 719 substantia,
1681 641 1740 702 hoc
1762 644 1809 700 est
1828 637 1900 700 suh-

321 731 440 810 lr'tterir,
451 741 505 794 aut
515 752 616 796 aarum
629 735 847 797 coamatoribus
859 735 975 817 uspiam
986 754 1088 797 occur·
1137 736 1286 812 sistentia,
1304 745 1335 799 et
1355 737 1529 819 hypostasis
1554 735 1623 796 lieri
1644 733 1773 806 debeat;
1801 749 1902 793 uuum

322 844 396 887 rere.
421 826 508 900 Quod
527 827 553 887 si
571 827 671 889 unitio
692 830 862 890 secundum
879 829 1086 909 hypostasim,
1136 836 1242 891 autem
1266 830 1307 905 ei,
1336 830 1420 909 quod
1445 828 1579 891 divisum
1606 832 1662 896 est,
1687 845 1723 888 ac
1739 824 1902 905 multiplex

320 917 480 998 utriusque
491 925 612 981 naturae
625 919 813 998 mistionem,
829 929 860 983 et
873 921 1088 983 contusionem
1137 928 1330 1002 opponatur;
1347 922 1460 983 idcireo
1474 921 1637 999 diligenter
1655 924 1742 982 myst
1753 917 1899 999 cyrillus,

321 1010 484 1088 significet,
499 1012 532 1073 id
549 1030 623 1073 vero
645 1012 774 1074 minime
793 1030 858 1075 esse
877 1014 1086 1075 tolerandum.
1136 1032 1178 1076 ne
1191 1015 1371 1076 substantie
1385 1013 1458 1088 illa,
1474 1031 1544 1094 quat
1556 1014 1638 1075 inter
1650 1030 1683 1074 se
1701 1011 1900 1086 conveniunt,

322 1104 410 1167 Hanc
436 1103 621 1166 theodoreti
645 1105 807 1179 ludicram,
835 1111 867 1166 et
891 1105 1088 1184 sophisticam
1136 1113 1168 1169 et
1181 1114 1385 1183 concurrunt,
1406 1113 1499 1187 atque
1512 1105 1651 1167 unitione
1665 1108 1900 1179 connectuntur,

319 1195 567 1257 criminationem
574 1197 760 1259 validissime
768 1198 929 1277 propulsat
942 1198 1085 1278 cyrillus,
1135 1198 1242 1259 divisse
1255 1199 1443 1276 habeantur,
1458 1217 1495 1260 ac
1507 1198 1678 1279 disjunctae.
1699 1197 1787 1271 Quod
1800 1197 1903 1277 reipsa

319 1303 435 1363 negans
458 1287 519 1349 tale
538 1285 613 1368 qnid
639 1289 698 1350 sihi
720 1290 754 1350 in
781 1296 920 1351 mentem
946 1290 1084 1353 venisse:
1136 1292 1339 1370 contingeret,
1354 1291 1379 1351 si
1392 1290 1606 1372 solaqtaa,id
1620 1295 1665 1350 est
1677 1287 1859 1364 habitudine,
1871 1294 1903 1349 et

317 1397 426 1441 verum
451 1381 628 1443 unitionem
644 1390 699 1443 καθ’
714 1390 849 1445 νιιόσιιισιι
868 1382 1022 1462 appellare
1041 1401 1086 1460 se,
1135 1399 1223 1444 more
1236 1384 1271 1444 in
1285 1400 1377 1444 usum
1390 1383 1557 1444 hominum
1570 1387 1710 1462 recepto,
1731 1398 1825 1460 mam
1842 1400 1903 1442 mo·

317 1489 424 1532 veram
437 1472 688 1551 conjunctionem
696 1480 827 1546 naturae,
840 1474 904 1535 sive
912 1475 1087 1555 hypostasis
1136 1473 1229 1535 solem
1241 1481 1406 1557 propterea
1418 1482 1532 1535 vocant
1552 1474 1728 1548 acritioneri,
1748 1472 1903 1534 committi

317 1562 411 1624 Verbi
424 1581 497 1625 cum
510 1584 614 1627 carne.
629 1567 673 1627 De
690 1567 750 1628 hoc
762 1566 926 1629 amborum
941 1566 1086 1631 conflictu
1135 1566 1312 1629 dicerentur
1322 1588 1329 1629 ι
1341 1568 1466 1648 qualem
1478 1585 1551 1628 cum
1560 1566 1717 1627 Nestorius
1729 1564 1900 1639 inveheret,

317 1654 452 1717 diximus
465 1656 498 1716 in
510 1656 589 1718 libro
603 1657 723 1720 tertio¹.
1135 1658 1236 1738 plenis
1249 1665 1354 1721 tamen
1378 1659 1491 1735 buccis,
1507 1678 1543 1720 ac
1555 1657 1736 1738 magnificis,
1752 1663 1785 1718 et
1796 1658 1903 1737 exqui-

1134 1751 1201 1811 sitis
1214 1768 1284 1812 ram
1295 1752 1409 1824 verbis,
1424 1770 1461 1813 ac
1473 1751 1632 1812 sententiis
1647 1748 1853 1828 predicabat3
1866 1756 1903 1810 ut

1133 1843 1391 1906 solenthaeretici.
1400 1845 1517 1905 Verum
1527 1843 1611 1923 quod
1621 1860 1659 1904 ex
1671 1842 1821 1919 humana,
1836 1860 1904 1904 non

416 1914 782 1983 ANATHEMATISMUS
804 1919 981 1983 TERTIUS·
1133 1936 1269 1996 naturali
1295 1938 1536 2014 conjunctione,
1565 1954 1601 1997 ac
1626 1935 1779 1997 consortio
1801 1953 1903 1996 unum

1133 2027 1246 2104 existit,
1255 2027 1285 2089 id
1299 2030 1400 2108 reipsa
1410 2029 1574 2108 multiplex
1583 2033 1639 2089 cst.
1654 2028 1755 2093 Quare
1768 2027 1903 2107 cyrillus

416 2123 570 2188 anromr,
839 2131 971 2192 cmm,
1133 2119 1244 2181 semim
1257 2120 1434 2199 contendit,
1450 2125 1486 2181 ut
1500 2138 1589 2189 vero,
1606 2125 1637 2181 et
1650 2118 1783 2180 naturali
1797 2138 1901 2199 nexu,
1992 2132 1993 2161 ³

1132 2229 1197 2271 non
1216 2229 1255 2273 ex
1280 2213 1431 2288 instituto,
1461 2218 1492 2274 et
1516 2231 1575 2273 usu
1598 2212 1764 2273 hominum
1789 2212 1901 2291 petito,
1992 2224 1993 2261 ι

360 2295 514 2377 «Siquis
537 2315 601 2358 non
624 2316 671 2359 se·
771 2301 835 2362 «si
861 2301 931 2382 quis
956 2302 990 2364 in
1017 2321 1081 2365 nno
1131 2308 1253 2366 naturae
1270 2305 1386 2367 Christi
1399 2307 1469 2367 dnae
1483 2306 1655 2367 constrictae
1671 2304 1819 2379 interse,
1835 2323 1902 2367 non

317 2387 455 2450 cundum
480 2388 671 2467 conjunctio·
727 2392 846 2454 Christo
873 2394 983 2456 dividit
1009 2395 1081 2456 sub·
1131 2414 1240 2458 revera
1266 2404 1415 2477 separata
1444 2402 1603 2478 putentur.
1638 2397 1764 2457 Frustra
1794 2401 1902 2458 autem

316 2498 390 2541 nem
425 2498 527 2541 unum
560 2481 673 2543 dixerit
728 2485 855 2546 stantiae
873 2492 943 2566 post
965 2488 1081 2550 unitio·
1131 2487 1309 2567 imperitus,
1333 2495 1364 2550 et
1373 2489 1508 2550 insulsus
1521 2507 1697 2568 anonymus
1708 2497 1824 2568 διαίρεσιν
1838 2488 1903 2552 illic

316 2571 494 2647 Christum,
534 2572 589 2652 qui
628 2578 674 2634 est
727 2594 812 2653 nem,
827 2577 892 2638 sola
915 2597 967 2639 eas
986 2581 1081 2641 socie·
1131 2581 1278 2659 acyrillo
1292 2600 1349 2661 pro
1362 2580 1559 2657 distinctione,
1573 2600 1608 2643 ar
1621 2580 1793 2661 differentia
1802 2581 1903 2643 voluit

317 2665 410 2726 etiam
424 2665 612 2725 Emmanuel
628 2683 674 2726 se·
725 2673 790 2729 tate
818 2669 1009 2748 conjungens
1032 2690 1079 2749 ea,
1132 2671 1249 2751 aecipi;
1274 2685 1311 2734 ut
1332 2692 1371 2734 ex
1399 2692 1436 2734 eo
1464 2673 1664 2749 calumniam,
1688 2678 1720 2734 et
1738 2672 1901 2736 infamiam

317 2757 457 2819 oriudum
496 2761 670 2834 naturam3
727 2778 798 2839 quae
830 2762 1001 2824 secundum
1034 2764 1081 2824 di·
1132 2768 1230 2824 struat
1242 2766 1446 2842 sanctissimo,
1460 2772 1490 2828 et
1504 2766 1712 2827 eruditissimo
1726 2766 1812 2827 viro:
1828 2772 1900 2829 tan·

317 2849 675 2928 exutraqueetiamsub-
727 2852 878 2931 gnitatem
925 2860 992 2929 est,
1032 2857 1082 2918 vel
1132 2874 1226 2935 quam
1254 2862 1437 2919 naturarum
1453 2864 1522 2936 post
1538 2859 1713 2920 unitionem
1733 2858 1903 2922 discrimen

317 2940 440 3015 stantia,
457 2945 521 3002 tam
536 2942 591 3001 Dei
599 2943 674 3004 Ver·
727 2944 823 3006 etiam
845 2948 1079 3026 auctoritatem,
1131 2965 1225 3009 omne
1243 2949 1411 3023 sustulerit,
1438 2956 1546 3011 contra
1570 2967 1665 3031 quem
1689 2968 1781 3030 supra
1799 2952 1902 3032 capite

316 3032 361 3110 hi,
376 3033 672 3113 quametiamabeo
728 3042 782 3097 ant
819 3043 1019 3117 potestatem3
1052 3047 1083 3103 et
1131 3057 1215 3100 nono
1243 3041 1499 3123 depugnavimus.
1521 3043 1610 3104 Certe
1624 3043 1755 3122 ipsemet
1767 3042 1903 3123 cyrillus

316 3124 452 3186 hominis
472 3126 618 3205 suseepti,
639 3126 674 3187 in
727 3147 792 3189 non
806 3131 906 3210 magis
927 3140 1082 3195 conventu
1130 3130 1164 3191 in
1179 3137 1286 3195 irrttca
1300 3133 1389 3194 istius
1400 3135 1651 3196 anathematismi
1669 3134 1787 3196 nullam
1804 3135 1902 3197 dnbi-
1942 3122 1993 3229 iffi

317 3235 381 3277 etna
393 3215 451 3277 filii
465 3216 670 3291 connexione,
727 3220 767 3280 ad
779 3227 932 3285 unitatem
954 3230 1080 3287 natura·
1130 3223 1282 3285 tationem
1306 3223 1441 3286 residere
1461 3227 1597 3305 patitur,
1619 3245 1715 3307 quam
1733 3227 1766 3288 in
1779 3235 1904 3308 partem

316 3325 411 3388 quam
425 3308 518 3369 ctiam
533 3308 673 3370 nuncin·
727 3310 801 3390 lem,
810 3315 974 3377 anathema
985 3317 1077 3379 τιν’.»
1130 3325 1270 3397 διαιρέσεως
1294 3317 1481 3379 vocabulum
1505 3319 1602 3400 accipi
1630 3320 1715 3381 velit.
1750 3321 1829 3383 Nam
1866 3341 1904 3385 eo
1938 3319 1993 3371 Μ

316 3399 441 3462 confuse
482 3394 668 3474 sciremus,
1132 3408 1258 3469 consilio
1273 3414 1401 3471 testatur
1427 3428 1460 3471 se
1486 3410 1669 3472 divisionem
1696 3411 1782 3474 illam
1808 3421 1904 3476 natu-

316 3493 447 3553 minime
481 3492 671 3570 confitetur;
1132 3518 1239 3562 rarum
1252 3502 1424 3579 damnasse,
1438 3504 1522 3582 quod
1536 3521 1605 3565 eam
1615 3504 1906 3571 Nestorianahaere·

316 3586 482 3647 anathemis
496 3586 546 3648 sit.
561 3611 576 3641 ι
1132 3592 1174 3653 sis
1186 3593 1354 3657 induceret.
1372 3594 1551 3672 cujusmodi
1563 3613 1637 3657 vero
1650 3596 1703 3658 hic
1716 3597 1802 3659 illam
1819 3617 1905 3662 asse-

1133 3680 1300 3764 veraverit,
1321 3687 1370 3748 his
1394 3687 1497 3748 verbis
1524 3688 1675 3768 explicat:
1697 3690 1784 3764 acui
1807 3691 1907 3772 igitur

357 3781 557 3860 Propositum
578 3780 691 3861 cyrillo
710 3780 771 3840 fuit
790 3780 851 3841 hoo
876 3780 911 3842 in
937 3782 1084 3864 capitulo,
1133 3776 1326 3857 hypostases,
1339 3785 1409 3858 post
1423 3780 1596 3841 unitionem
1610 3779 1764 3860 dividunt,
1778 3788 1908 3865 etsepa-

318 3878 503 3935 naturarum
515 3873 549 3933 in
561 3873 795 3935 Glnistoveram
804 3873 964 3953 etproprie
973 3875 1085 3937 dictam
1134 3869 1229 3931 ratim
1242 3876 1365 3949 ponunt
1391 3871 1539 3950 singulm,
1564 3872 1724 3933 hominem
1748 3873 1906 3948 videlicet.

319 3963 493 4026 unitionem
507 3966 685 4042 adstruere3
709 3983 780 4046 quse
799 3970 874 4026 tunc
888 3967 1083 4046 intelligitur,
1135 3980 1170 4023 ae
1197 3963 1308 4037 Deum,
1334 3963 1489 4043 talemque
1516 3964 1795 4027 commimscuntur
1822 3969 1910 4032 inter

319 4075 391 4118 eum
404 4075 504 4119 unum
524 4074 578 4136 per
592 4075 657 4119 sese
676 4057 792 4136 aliquid
815 4057 919 4118 existit
936 4059 1083 4135 naturali,
1135 4054 1242 4115 ambos
1257 4056 1527 4133 consociationem,
1537 4074 1608 4137 qnae
1622 4056 1657 4117 in
1670 4057 1735 4119 sola
1748 4058 1912 4138 dignitatis

319 4155 350 4211 et
362 4150 553 4211 substantiva
561 4149 723 4228 junctione
733 4155 982 4229 coagmentatum
998 4171 1004 4211 :
1021 4169 1086 4211 non
1136 4146 1355 4208 communione
1385 4148 1535 4224 consistit,
1564 4149 1643 4210 duos
1666 4149 1796 4212 omnino
1824 4152 1913 4215 filios

319 4242 557 4322 ejusmodi,quae
567 4242 956 4316 exhominumyoluntate,
966 4261 1087 4323 usuque
1136 4237 1349 4298 constituunt.
1368 4260 1384 4297 ιι
1406 4239 1476 4300 Non
1492 4240 1595 4319 potuit
1610 4239 1791 4303 clarioribus
1804 4244 1913 4308 verbis

318 4334 459 4415 ponitur,
481 4352 576 4414 quam
599 4333 712 4395 idcirco
729 4340 842 4410 θιιιιιὴι,
857 4338 1086 4415 stuperatem·
1136 4329 1289 4409 explicare
1312 4330 1458 4410 cyrillus,
1484 4330 1666 4393 divisionem
1690 4351 1724 4395 se
1754 4335 1915 4401 duntaxat

319 4431 578 4503 cant3utestea,
592 4426 729 4505 quaduo
743 4426 870 4487 interae
885 4426 975 4486 amici
988 4445 1085 4507 copu-
1135 4421 1225 4482 illam
1244 4421 1283 4482 ah
1296 4429 1488 4485 sacramento
1502 4424 1669 4486 Dominicac
1683 4425 1915 4495 iucarnationis

319 4520 434 4593 lentur,
449 4525 481 4580 et
490 4535 591 4579 unum
605 4516 697 4578 finnt.
713 4518 756 4579 De
765 4519 823 4578 hac
835 4517 976 4579 unitione
989 4519 1088 4580 multa
1136 4513 1309 4591 excludere,
1333 4533 1403 4595 qnae
1430 4515 1507 4576 duas
1529 4516 1719 4595 hypostases,
1743 4522 1916 4586 autetiam

319 4613 433 4691 passim
458 4610 610 4686 diximum
639 4609 730 4671 utin
749 4608 830 4669 libro
854 4609 956 4678 tertio,
986 4612 1087 4690 eapite
1138 4606 1444 4687 naturasseparatim
1463 4606 1637 4681 existentes,
1666 4626 1702 4670 ac
1724 4609 1913 4692 disjunctas,

320 4708 450 4783 quart03
480 4702 535 4763 ubi
561 4703 646 4763 hunc
670 4701 779 4783 cyrilli
806 4699 1087 4763 anathematismum
1136 4698 1213 4760 dicis
1239 4717 1346 4776 rausa,
1378 4703 1410 4760 et
1446 4698 1654 4778 perfunctorie
1681 4702 1913 4785 conjungeret,

319 4794 554 4856 illustravimus:
579 4800 610 4856 et
636 4811 692 4855 cur
715 4801 802 4873 φυσικὴ
822 4792 915 4854 idest
940 4792 1088 4854 naturalis
1136 4796 1229 4871 atque
1250 4808 1350 4851 unum
1377 4808 1417 4851 ex
1442 4788 1504 4851 illis
1527 4789 1660 4853 laceret:
1685 4793 1776 4872 quale
1795 4799 1912 4879 estid,

320 4886 421 4948 unitio
442 4885 501 4947 ista
517 4886 715 4962 nominetru,
737 4885 896 4947 uberrime
916 4885 1080 4948 docuimus
1136 4884 1220 4965 quod
1229 4901 1269 4945 ex
1277 4882 1434 4944 consortio
1442 4881 1580 4963 ejusdem
1587 4882 1754 4962 dignitatis,
1762 4892 1917 4955 etaucto-

357 5075 373 5131 ὁ
392 5074 503 5130 crrur.
523 5072 619 5130 anath.
634 5089 674 5129 ur.
693 5071 726 5127 Et
743 5092 779 5135 τις
798 5070 837 5128 ἔτι
856 5075 900 5126 τσῦ
915 5070 967 5135 ἐνὸς
978 5067 1086 5144 Χριστοῦ
1171 5072 1313 5128 ocraur.
1328 5074 1361 5127 to
1380 5072 1515 5146 Explere·
1540 5067 1632 5130 acati
1651 5086 1692 5128 ιιι.
1711 5075 1742 5131 ot
1756 5079 1917 5150 traconem

320 5159 410 5231 διαιρεῖ
422 5155 465 5220 τὰς
476 5157 620 5219 ὑποστάσεις
634 5160 695 5229 μετὰ
708 5155 752 5225 τὴν
767 5156 864 5222 iuncis,
880 5157 941 5229 μόνῃ
956 5156 1085 5210 συνάπτων
1134 5154 1215 5209 τοίνυν
1227 5153 1271 5218 τὰς
1284 5153 1425 5217 ὒτοττάσεις
1439 5155 1501 5228 μετὰ
1518 5158 1562 5228 τὴν
1585 5160 1682 5224 ἕνωσιν,
1708 5158 1750 5214 καὶ
1769 5158 1816 5214 ἀνὰ
1833 5164 1917 5237 μέρος
1992 5146 1993 5197 i

320 5240 395 5303 ιῶτὰς
408 5240 566 5313 συναφείατῇ
584 5239 648 5295 κατὰ
661 5239 705 5309 τὴν
729 5238 809 5305 ἀξίαν,
823 5241 899 5311 ἤγουν
922 5238 1085 5308 chettim
1135 5238 1238 5300 τιθέντες
1258 5236 1382 5310 ἑκατέραν·
1399 5240 1525 5295 τουτέστιν
1548 5242 1686 5316 ἄνθρωπον,
1707 5243 1747 5297 καὶ
1770 5245 1839 5299 θεόν.
1857 5245 1916 5302 ἔπι-

319 5325 471 5390 δυναστείαν,
481 5325 522 5377 καὶ
537 5323 595 5398 οὐχὶ
609 5322 638 5392 δὴ
654 5323 748 5397 μᾶλλον
760 5319 861 5379 circos
873 5322 918 5393 τὴν
931 5322 985 5380 καθ’
999 5322 1086 5378 ἕνωσιν
1135 5315 1247 5383 νοοῖινττς
1260 5320 1301 5374 sci
1314 5321 1444 5393 σννάφειαν
1466 5322 1549 5387 αὐτοῖς
1562 5324 1606 5393 τὴν
1625 5327 1690 5381 κατά
1708 5345 1737 5400 γι
1758 5327 1839 5399 μόνην
1867 5329 1916 5401 τὴν

319 5407 431 5481 φυσικὴν,
447 5407 556 5481 ἀνάθεμα
566 5405 641 5463 ἴστω.
1136 5401 1328 5471 dilectiorem
1342 5405 1439 5468 πάντως
1451 5404 1550 5464 ἱστῶσιν
1561 5407 1637 5471 υἱούς.
1717 5422 1721 5426 ·

347 5559 359 5603 l
374 5557 427 5613 Gap.
440 5564 471 5607 ιι,
482 5552 498 5610 ς
508 5552 542 5597 lc.
