3956 6158
479 360 529 421 na
548 356 847 438 maurannus,
871 360 943 423 are.
965 360 1037 441 xu,
1060 362 1143 428 cle.
1165 366 1233 429 xn.
1597 364 1650 425 arr

128 516 264 579 manus
295 520 482 584 Arelatensis
511 526 640 588 homilia
675 526 805 608 septima
831 549 839 589 ι
890 529 1095 591 nihilominus
1118 532 1156 592 de
1179 535 1246 612 ipsa
1271 530 1468 614 proprietate,
1495 551 1531 593 ac
1554 532 1658 593 condi-

98 630 112 667 ι
126 607 175 670 Hic
187 628 256 690 ergo
266 612 298 673 in
308 613 542 687 Melchisedech,
559 619 613 697 ait,
628 622 716 699 cujus
729 638 841 699 genea—
889 620 973 682 tione
987 623 1148 691 sacerdotii
1161 625 1201 685 ad
1213 625 1424 687 Melchisedeci
1440 631 1549 706 typum
1562 622 1660 684 exacti

94 702 225 780 logia,vel
239 704 841 793 origanotitiamillinstemporisiatuit,
891 715 1052 774 communi
1086 715 1222 789 dogmati
1262 724 1468 779 consentanea
1503 716 1594 778 tradit
1625 714 1660 775 in

95 793 231 855 ablatione
241 798 339 875 panis,
347 804 378 858 et
391 799 457 861 vini
467 801 526 863 hoc
537 803 649 864 Christi
660 806 843 867 sacrificium
892 806 1001 885 quinto
1015 805 1096 867 libro
1120 806 1155 867 de
1181 807 1432 871 demonstratione
1458 806 1657 888 Evangelicu.

96 886 284 966 presignavit,
298 891 472 953 »nimirum
481 896 619 975 corporis
633 902 664 958 et
673 899 841 977 sanguinis,
891 898 938 959 lbi
951 898 1055 959 locum
1069 899 1158 960 illam
1171 900 1288 962 Psalmi
1302 918 1349 963 arx
1358 908 1558 981 pertractans,
1577 900 1661 962 Tace

95 979 167 1056 quod
188 979 220 1039 in
239 981 427 1045 Eucharistia
448 988 604 1065 praebetur
627 1009 634 1050 t
656 992 694 1052 de
706 998 844 1071 qnotota
891 990 1044 1067 Sacerdos,
1060 997 1133 1067 ete,
1146 993 1309 1072 impletum
1323 995 1407 1055 hunc
1421 995 1464 1055 ait
1484 996 1517 1055 in
1538 993 1660 1055 Christo

96 1069 139 1130 ilia
160 1070 190 1131 in
214 1073 341 1134 homilia
360 1076 491 1140 disserit.
514 1081 576 1142 Nec
600 1082 742 1146 excidere
754 1086 844 1146 nobis
891 1084 995 1156 luisse,
1022 1086 1076 1164 qni
1104 1103 1167 1146 non
1194 1088 1364 1147 secundum
1390 1088 1520 1149 heronis
1544 1085 1660 1147 ordinis

96 1162 230 1239 cyrillum
247 1174 368 1245 oportet
381 1170 640 1250 Alexandrinum
653 1178 705 1255 qni
722 1178 753 1237 ia
764 1178 843 1239 h'bro
892 1177 1097 1238 sacerdotium
1107 1179 1216 1258 gessit3
1234 1198 1292 1240 nec
1306 1184 1340 1240 nt
1355 1180 1407 1242 ille
1427 1179 1561 1241 detribu
1574 1177 1662 1238 Levi-

95 1256 213 1317 secundo
226 1255 449 1340 Glaphyroram
464 1265 497 1326 ia
516 1264 657 1344 Genesim,
672 1269 844 1348 longamde
892 1269 951 1331 lica
975 1269 1049 1346 iuit3
1074 1289 1175 1351 neque
1203 1272 1357 1351 pecudum
1386 1292 1514 1348 errrore,
1529 1290 1565 1332 ac
1580 1271 1661 1332 crede

34 1384 36 1388 -
94 1346 265 1424 Abrahamo,
280 1356 313 1410 et
324 1353 544 1417 Melchisedeco
558 1362 731 1422 orationem
746 1362 843 1442 expli·
891 1362 1014 1422 litavit:
1031 1364 1084 1424 sed
1106 1365 1304 1425 incruentum
1314 1366 1499 1427 sacrificinm
1522 1381 1662 1443 persnas

94 1445 144 1500 eat.
167 1439 211 1500 lbi
233 1444 395 1506 sacerdotii
421 1466 520 1526 genus
554 1451 587 1511 in
614 1452 843 1528 Melchisedeco,
893 1453 1065 1516 sacerdotes
1085 1457 1237 1536 hodieque
1258 1459 1323 1518 Deo
1354 1462 1531 1537 perseverat
1550 1456 1660 1517 facere.

94 1530 233 1594 oblatione
245 1536 372 1597 metitur
394 1540 482 1619 panis
494 1547 525 1602 et
538 1543 647 1604 vini‘:
664 1546 697 1607 in
718 1566 781 1625 qno
794 1552 844 1627 ty·
897 1567 913 1604 ιι
923 1549 961 1606 Et
969 1547 1186 1626 praedicticnis,
1202 1550 1314 1629 inquit,
1333 1557 1461 1612 eventus
1475 1546 1663 1609 admirabilis

94 1627 259 1702 pometiam
273 1630 452 1694 exhibuisse
466 1635 579 1696 Christi
593 1638 845 1716 significatlltin
894 1645 949 1711 est,
967 1640 1073 1719 siquis
1094 1642 1277 1707 consideret,
1308 1641 1573 1721 quemadmodum
1595 1638 1662 1699 Sal-

92 1715 145 1777 fine
159 1717 236 1792 libri,
251 1723 382 1783 larome
395 1726 602 1788 sacerdotium
617 1730 726 1792 Christi
745 1751 844 1793 sacer-
893 1736 982 1791 vator
995 1739 1100 1793 noster
1115 1734 1215 1808 iesus,
1230 1733 1366 1794 Christus
1377 1731 1663 1801 Deishlelchisedeci

93 1807 165 1870 dotia
176 1814 345 1875 secundum
359 1818 500 1880 ordinem
510 1820 711 1884 Melchisedec
725 1843 846 1907 compa·
894 1823 968 1894 riter,
984 1842 1053 1903 quae
1073 1825 1268 1886 sacerdotalis
1281 1827 1362 1886 inter
1374 1826 1516 1887 homines
1530 1822 1662 1884 lunatio-

93 1917 164 1975 rens,
191 1906 336 1967 eumdem
358 1908 401 1969 ait
427 1910 583 1974 Christum
617 1933 681 1976 non
712 1919 847 1980 cruentis
895 1915 1074 1996 nisproprie
1089 1922 1161 1976 sunt
1172 1935 1229 1996 per
1240 1935 1311 1978 suos
1320 1918 1454 1979 caltores
1463 1924 1494 1978 et
1507 1916 1664 1977 ministros

94 1996 233 2071 paudum
247 2000 415 2079 sacrificiis,
432 2005 484 2064 sed
498 2026 514 2063 ιι
529 2008 665 2086 mysticis
683 2008 847 2072 oblationi·
896 2009 1004 2087 exequi
1018 2014 1137 2087 pergat.
1163 2009 1202 2070 ut
1216 2011 1300 2071 enim
1315 2010 1367 2071 ille
1381 2028 1453 2072 cum
1469 2015 1547 2071 esset
1561 2007 1664 2085 genti-

93 2085 142 2147 has
152 2106 206 2149 nos
217 2091 257 2151 ad
270 2093 368 2153 vitam
380 2097 601 2176 sempiternam
615 2101 698 2161 alere
709 2101 762 2162 l.»
894 2100 973 2160 hum
1009 2101 1150 2161 sacerdos
1180 2119 1335 2181 nusquam
1362 2103 1485 2163 videtur
1509 2100 1665 2162 sacrificiis

125 2180 197 2242 Vlll.
219 2185 379 2246 Arnobius
405 2189 517 2250 iunior
544 2190 584 2252 od
608 2192 758 2255 Psalmam
786 2212 843 2257 aar.
896 2210 970 2253 usus
985 2210 1049 2253 esse
1059 2193 1270 2273 corporalibus
1287 2215 1294 2255 :
1309 2195 1362 2255 scd
1376 2196 1450 2255 vino
1464 2195 1625 2267 duntaxat,
1635 2198 1666 2253 et

96 2273 255 2356 «Nonergo
274 2278 355 2339 sicut
371 2279 554 2343 damnabilis
572 2283 721 2346 Photinus
737 2288 843 2361 credit,
896 2303 976 2366 panc
990 2284 1165 2345 Abrahamo
1178 2284 1372 2347 benedixisse
1387 2307 1393 2346 :
1410 2288 1453 2347 itu
1468 2287 1587 2366 primns
1600 2285 1665 2364 ipse

92 2382 124 2425 ex
136 2368 236 2429 Mariae
257 2376 352 2449 partu
370 2374 511 2454 sumpsit,
526 2376 637 2455 inquit,
655 2380 843 2440 exordium:
897 2369 1665 2458 Salvator,etDominnsnosler3deindequiabipso

93 2459 138 2519 sed
156 2466 223 2523 ante
236 2463 415 2525 Luciferum
437 2472 533 2528 estex
557 2470 655 2530 Petris
669 2489 722 2533 ore
735 2490 845 2551 proge-
897 2470 1028 2531 instituti
1047 2474 1119 2529 sunt
1145 2470 1318 2539 sacerdotes
1340 2490 1459 2545 ornnes,
1473 2490 1529 2551 per
1542 2471 1667 2530 nniver-

92 2550 164 2613 niius
183 2553 243 2631 hic,
264 2557 321 2635 qni
343 2575 399 2636 per
421 2561 605 2639 mysterium
627 2564 715 2642 panis
734 2583 768 2625 ac
782 2566 847 2625 vini
896 2580 944 2623 sas
963 2566 1070 2641 gentes
1084 2561 1242 2640 spirituale
1256 2580 1295 2623 ex
1315 2564 1500 2642 prescriptis
1522 2562 1664 2623 ecclesia-

93 2644 225 2706 Saoerdos
248 2647 348 2709 lactus
372 2651 474 2712 estin
502 2657 655 2715 aeternum
675 2657 848 2717 secundum
896 2655 978 2715 sticis
1005 2653 1188 2714 sacrificium
1209 2662 1402 2734 peragentes,
1429 2657 1501 2716 vino
1521 2661 1552 2716 et
1572 2672 1663 2734 pane,

92 2737 220 2799 ordinem
229 2740 453 2804 Melchisedech
470 2763 477 2804 :
494 2746 548 2823 qui
562 2765 675 2825 panem
689 2753 720 2809 et
739 2750 848 2810 vinum
896 2747 1033 2825 corporis
1047 2746 1153 2825 ipsius,
1170 2750 1201 2805 ct
1224 2746 1373 2806 salutiieri
1396 2747 1555 2826 sanguinis
1569 2763 1667 2806 sacra·

92 2831 163 2891 solus
175 2831 285 2893 obtulit
304 2834 338 2893 ia
358 2836 577 2913 sacerdotibus,
593 2838 669 2899 dum
692 2840 845 2903 Abraham
897 2836 1219 2913 mentasigoificantl.
1236 2860 1251 2895 ν)

91 2923 176 2985 victor
187 2931 396 2987 reverteretur
410 2928 448 2988 de
463 2930 581 3008 praelio.
598 2952 613 2987 a
938 2931 990 2990 lX.
1011 2932 1084 2990 iam
1096 2931 1149 3009 qui
1163 2930 1196 2990 in
1219 2931 1312 2990 rebus
1325 2930 1451 3009 prolatis
1469 2950 1488 2991 a
1509 2930 1666 2991 Melchise-

124 3017 329 3079 Theodoretus
344 3038 468 3099 quoque
482 3023 654 3101 quaestione
669 3040 734 3086 lxiv
748 3025 780 3085 in
796 3024 848 3089 Ge·
898 3024 973 3084 deco
995 3023 1204 3100 significatum
1221 3022 1316 3083 fuisse
1334 3022 1411 3102 legis
1432 3041 1521 3084 norae
1551 3022 1665 3084 sacrifi·

92 3109 183 3185 natm,
208 3109 466 3173 Melchisedecum
500 3132 599 3175 unum
625 3133 664 3175 ex
696 3117 849 3196 indigenis
898 3116 979 3182 cium
1004 3115 1160 3175 affirmant
1181 3115 1295 3187 Patres,
1322 3133 1448 3195 prorsas
1470 3116 1663 3176 multisunt.

92 3201 172 3263 luisse
186 3204 369 3283 suspicatur,
384 3223 490 3284 regem
504 3207 647 3280 simul,et
659 3209 849 3271 sacerdotem
900 3209 982 3268 later
1000 3226 1078 3287 quos
1100 3207 1341 3268 luculentissime
1367 3227 1402 3269 ac
1426 3209 1609 3273 creberrime
1634 3208 1666 3268 id

93 3294 139 3355 hei
151 3295 288 3357 altissimi
306 3314 314 3356 :
331 3298 381 3357 cui
394 3298 508 3359 idcirco
529 3299 724 3360 abrahamus
744 3303 850 3380 primi·
900 3300 1091 3379 hirgustinus
1110 3304 1274 3360 asseverat.
1295 3286 1437 3360 Velnt'in
1457 3300 1537 3360 libro
1551 3300 1619 3360 xvi
1633 3297 1668 3360 de

92 3388 142 3447 tias
153 3388 271 3450 obtulit.
292 3390 486 3468 «Siquidem
500 3391 652 3451 Dominici
676 3394 848 3469 sacerdotii,
903 3392 1035 3455 Ciuitate
1066 3391 1132 3467 ilci,
1163 3392 1260 3470 capite
1290 3407 1350 3452 xxu
1382 3390 1420 3452 de
1447 3392 1667 3453 Melchisedech

93 3480 191 3560 inquit,
221 3482 357 3559 figuram
384 3481 520 3560 gerebat.
538 3483 612 3544 Ideo
638 3501 734 3562 panes
754 3486 851 3547 Abra·
900 3502 1005 3563 egens,
1028 3494 1057 3544 et
1072 3483 1249 3544 abrahamo
1271 3482 1311 3542 ab
1331 3483 1384 3543 illo
1401 3483 1574 3561 benedicto,
1593 3484 1668 3543 «Ibi

92 3570 174 3632 hamo
187 3574 322 3635 vicissim
336 3581 366 3637 et
379 3576 487 3635 vinum
498 3575 601 3649 dedii,
617 3580 654 3634 ut
665 3575 851 3654 qniiortasse
901 3576 1014 3655 quippe
1043 3575 1191 3654 primum,
1221 3574 1279 3648 ait,
1301 3576 1444 3654 apparuit
1470 3575 1666 3650 sacrificium,

93 3664 189 3725 solitus
202 3666 442 3728 essettalialieo
457 3668 599 3727 omnium
613 3667 737 3728 offerre.
754 3671 851 3749 Oporss
902 3668 986 3747 qnod
1014 3685 1098 3727 nunc
1123 3686 1142 3727 a
1162 3666 1341 3727 Christianis
1364 3666 1493 3729 offertur
1515 3669 1578 3730 Deo
1602 3673 1668 3728 toto

93 3757 168 3818 tebet
178 3761 262 3820 enim
275 3759 412 3838 figuram
425 3759 459 3818 in
472 3759 525 3819 illo
549 3761 716 3820 monstrari
725 3770 748 3821 ⁶.
771 3762 853 3823 «Hic
901 3760 976 3820 orbe
988 3765 1155 3831 terrarum,
1166 3759 1375 3839 impleturque
1389 3760 1567 3839 illud,quod
1576 3760 1669 3839 longe

94 3849 212 3912 minime
224 3851 509 3931 praetermittendus
526 3856 572 3913 est
595 3850 743 3913 Eusebius
758 3854 852 3914 Casa·
901 3856 971 3933 post
994 3852 1053 3912 hoo
1075 3851 1201 3927 factam,
1215 3870 1271 3931 per
1292 3853 1477 3931 Prophetam
1498 3853 1612 3913 dicitur
1630 3852 1670 3913 ad

94 3941 211 4019 densim
226 3944 282 4024 qui
312 3944 380 4011 etsi.
400 3948 433 4003 nt
456 3943 572 4003 Ariana
591 3944 766 4023 pestilentia
787 3951 854 4007 crat
902 3943 1349 4024 Christumqaiineratadhuc
1361 3946 1552 4005 venturusin
1566 3962 1668 4019 carne;

95 4033 216 4114 Maius,
230 4054 297 4097 non
312 4035 386 4096 satis
409 4035 562 4096 sinceram
576 4036 614 4096 de
628 4035 739 4096 Christi
753 4054 852 4097 sacer-
907 4035 951 4097 Tu
964 4055 993 4097 cs
1006 4035 1147 4099 Sacerdos
1168 4037 1199 4095 in
1212 4044 1353 4097 catanam
1366 4036 1523 4097 secandam
1536 4036 1670 4097 ordinem

94 4126 169 4188 dolio
195 4129 382 4190 sententiam
407 4128 527 4201 hahuit,
556 4133 709 4207 quatenus
726 4129 757 4188 id
783 4134 854 4189 ante
903 4126 1105 4189 Melchisedec.
1122 4128 1190 4187 Non
1210 4127 1324 4188 scilicet
1338 4129 1510 4189 secundum
1527 4128 1671 4188 ordinem

95 4227 259 4300 deceptam
282 4236 408 4281 carnem
423 4225 572 4299 perpetuo
586 4238 680 4299 penes
693 4220 783 4279 illum
797 4239 853 4281 ex·
903 4221 1018 4292 Aaron,
1035 4221 1088 4299 qui
1099 4220 1175 4280 ordo
1185 4218 1287 4280 iuerat
1299 4219 1484 4281 auferendus
1495 4219 1671 4281 illucescen-

95 4312 195 4375 stitisse
217 4314 286 4374 vult
309 4332 317 4373 ι
337 4313 421 4392 quod
443 4330 537 4392 supra
563 4310 849 4373 memoravimus¹:
902 4313 984 4373 tihns
998 4310 1371 4391 rebus,qneeillisumbris
1386 4313 1665 4389 praenotabantur.»

125 4491 145 4530 a
161 4477 272 4531 Critian.
302 4474 350 4531 lib.
376 4475 400 4530 ll
423 4473 569 4546 Glaphyr.
597 4473 644 4527 Καί
667 4472 739 4527 αὐτὸν
757 4473 783 4527 δὲ
810 4478 854 4542 τῆς
903 4475 984 4546 λεσμα
992 4479 1037 4529 τοῦ
1046 4468 1160 4547 χρησμοῦ
1174 4476 1320 4547 θαυμάσιον,
1338 4480 1471 4547 συνορῶντι
1485 4476 1575 4537 insted
1589 4473 1671 4546 σωτὴρ

94 4553 1672 4632 wafflwwwwmfflmfffflwfflhmfflmwwwffi

94 4638 200 4711 ἐποιεῖτο,
214 4647 291 4715 σαφῆ.
305 4642 393 4714 ἄρτους
407 4641 454 4715 γὰρ
470 4642 511 4694 καί
525 4635 594 4695 οἶνον
608 4639 743 4713 ἐξεκόμιζεν
757 4641 771 4694 ὁ
785 4640 854 4694 Μελ-
902 4643 987 4713 τρόιτῳ
1001 4640 1033 4695 τὰ
1041 4646 1085 4709 τῆς
1098 4640 1122 4694 ἔν
1135 4640 1271 4714 ἀνθρώποις
1285 4642 1422 4716 ἱερουργίας
1435 4641 1507 4695 εἰσέτι
1521 4641 1563 4695 καί
1575 4635 1616 4695 νυν
1630 4641 1671 4695 διὰ

93 4728 191 4797 χισεδέκ.
902 4729 951 4777 τῶν
964 4723 1038 4778 αὐτοῦ
1047 4724 1199 4796 θεραπευτῶν
1210 4723 1324 4778 ἐπιτελεῖ.
1343 4726 1425 4797 ὥσπερ
1440 4725 1487 4798 γὰρ
1498 4723 1586 4787 ἐκεῖνος
1595 4724 1671 4796 lapsine

124 4804 1672 4881 Mmfflmmfflfflmwfflfflfflfflwwffimwmmmwffl

95 4896 211 4962 μυστικαῖς
221 4893 377 4966 ἱερουργίαις.
901 4891 1059 4964 κεχρημένος,
1070 4888 1131 4962 οίνῳ
1141 4889 1167 4943 δὲ
1180 4893 1259 4962 μόνῳ,
1273 4891 1313 4942 καί
1328 4889 1396 4963 ἄρτῳ
1408 4891 1450 4944 τὸν
1473 4890 1583 4963 Ἄδρσὰμ
1602 4890 1671 4944 εὔλο-

124 4971 1669 5046 tfflmmmmmmmfflwmofflwfflmmmfflmfflmdmffi

93 5050 1670 5133 mwwmwwffiwffiwffimmfflfflmffimfflwmffl

97 5134 1670 5215 &wawffiwwmwwmmnmdfflssmmmfflmMmfflw

94 5242 137 5294 ριιν
149 5226 237 5288 εἰωθὼς
249 5231 286 5296 τῷ
297 5229 346 5279 τῶν
359 5225 417 5278 ὅλον
435 5225 492 5296 θεῷ.
509 5222 557 5277 ἔδει
570 5224 617 5296 γὰρ
628 5226 673 5277 κᾶν
687 5222 768 5294 τούτῳ
782 5224 850 5296 deq(-
901 5219 1111 5289 ἐκκλησιαστικοὺς
1131 5223 1233 5294 θεσμοὺς
1247 5221 1395 5295 ἱερουργίαν,
1410 5221 1471 5294 οίνῳ
1485 5224 1526 5275 καί
1538 5223 1606 5296 ἄρτῳ
1624 5228 1669 5275 τοῦ

93 5306 155 5372 θῆναι
168 5309 209 5361 τὸν
224 5309 310 5362 τύπον.
900 5324 926 5358 τε
940 5306 1055 5376 σώματος
1067 5305 1151 5371 αυτοῦ,
1160 5306 1201 5359 καί
1212 5311 1255 5360 τοῦ
1269 5306 1391 5379 σωτηρίου
1401 5307 1505 5378 αἵματος
1519 5306 1669 5360 αἰνίττονται

124 5389 144 5444 d
160 5390 220 5446 Eas.
234 5391 255 5441 V
269 5390 305 5447 de
319 5395 481 5447 Dmnonsir.
497 5405 557 5461 cap.
570 5406 611 5445 ιιι.
631 5390 678 5442 Καὶ
692 5391 749 5460 τόγε
763 5389 851 5442 deoti-
899 5387 1071 5462 τὰμυστήρισ.

117 5530 286 5588 ιαμῳςκ

1702 2942 1745 2985 lies
1756 2951 1769 2983 a
1780 2939 1835 2983 ilel-

1708 2993 1823 3039 calesces

1728 3047 1817 3101 prolate

1702 3101 1774 3155 figura
1786 3102 1839 3142 sunt

1713 3152 1819 3197 ucrlhcll

1694 3218 1756 3252 aare
1773 3206 1836 3261 legis.
