3956 6158
140 383 171 432 M
188 382 284 427 urtam.

140 1311 218 1357 litmn
240 1310 286 1366 spt-

149 1365 276 1409 rituallsan

147 1418 275 1472 temporalts

160 1471 270 1568 urraisida.

310 208 369 275 tta
820 214 1145 285 aamtoatcoattt
1166 212 1382 281 thanatan

310 374 471 454 marpnvit
485 376 518 437 lo
532 373 593 436 illls
617 375 787 454 Scripturas
806 376 892 451 locta,
906 377 960 437 nbi
973 385 1038 441 rari
1051 388 1080 439 το
1129 379 1204 439 time
1221 378 1381 459 pertinuit,
1404 376 1526 437 videtur
1548 380 1579 437 et
1598 373 1638 434 ad
1663 371 1763 434 tilium
1786 372 1891 439 eodem

311 476 384 548 ῥητὸν
412 466 540 526 minime
567 472 633 527 erat
671 485 862 545 expressum,
893 469 1080 548 plerumque
1125 470 1398 550 jnrepervenisse.

311 560 392 619 hanc
413 559 566 637 insignem
586 558 829 636 appellationem
845 559 973 633 addidit,
992 578 1080 621 voca·
1171 563 1345 625 Haciuduei
1359 562 1480 623 ratione
1494 563 1664 640 potuerant
1675 556 1729 637 qrti
1743 556 1892 616 Christum

311 651 416 730 vitque
448 666 559 720 aaron
575 642 661 718 nahra
685 669 779 729 repom
804 650 950 719 Μουτίνην,
978 652 1008 713 id
1036 657 1081 713 est
1129 655 1269 716 arbitrati
1283 660 1357 716 sont
1383 655 1472 732 regui
1489 654 1541 732 jus
1565 650 1710 713 habuisse
1724 648 1891 728 temporale,

314 740 464 804 Christum
476 761 483 802 ε
493 747 523 803 et
537 742 658 803 Hebraei
668 741 807 802 electores
820 760 891 802 cnm
906 744 944 804 de
960 744 1079 805 Christo
1130 753 1295 819 introeant,
1312 748 1345 808 in
1359 747 1523 808 iudaicam
1538 742 1702 825 populum,
1722 740 1762 800 ab
1781 740 1893 800 havide

310 834 669 915 loquuntur,identidcm
682 833 741 894 hoc
755 853 827 894 eum
841 835 1081 915 honestantcpi·
1129 839 1312 900 derivatum.
1339 841 1386 898 lta
1409 838 1537 899 sensisse
1558 835 1680 895 ridetur
1706 832 1894 913 Epiphanius

310 927 406 988 theta.
433 929 512 1002 Rea,
542 926 653 1006 inquit,
680 926 820 987 Clemens
852 927 1081 988 Alexandrinus
1128 931 1162 991 in
1177 931 1286 992 haeresi
1302 928 1539 992 Nazareorum:
1556 928 1609 1007 qrii
1625 926 1757 1005 longum
1781 926 1838 985 bac
1858 925 1894 985 de

317 1039 329 1075 ι
346 1024 376 1080 et
389 1039 405 1081 a
420 1020 525 1100 partiris
535 1019 698 1099 imperitis,
714 1025 744 1079 et
758 1018 797 1079 ab
810 1020 929 1079 Judmis
940 1038 1079 1100 pronun·
1130 1041 1174 1098 re,
1189 1022 1242 1083 scd
1253 1023 1449 1102 impeditum,
1464 1029 1494 1082 et
1511 1020 1704 1081 salebrosum
1723 1035 1894 1079 sermonem

311 1111 404 1172 tiatus
417 1112 594 1178 incredulis.
613 1117 643 1172 et
664 1111 792 1189 ignaris,
806 1118 836 1171 et
856 1111 895 1171 ub
916 1113 990 1192 ispis
1005 1113 1078 1172 Pro·
1130 1114 1277 1194 explicat:
1295 1115 1383 1194 cujus
1396 1115 1448 1174 hie
1460 1129 1616 1174 summam
1626 1111 1769 1172 referam.
1812 1171 1821 1185 ,

310 1205 412 1284 phetis
426 1202 831 1284 praeditatusosttndilttr“·
848 1225 863 1261 ν
1011 1264 1018 1270 .
1170 1204 1594 1285 lll.QnaeritEpiphanics¹.
1611 1201 1893 1282 er1rChristuS,qni
1933 1247 1977 1289 ,M

352 1297 389 1357 ll.
415 1297 475 1358 Sed
489 1296 663 1376 ctrjttsmodi
683 1314 816 1373 regnum
830 1296 907 1357 illud
921 1297 970 1372 sit,
993 1295 1081 1377 spiri·
1129 1298 1169 1359 ah
1181 1299 1295 1359 Doride
1307 1298 1458 1359 oriundus
1472 1304 1549 1373 erat,
1569 1297 1603 1357 iu
1617 1296 1732 1356 throno
1754 1295 1893 1356 Dasidieo
1920 1299 1977 1353 tom

313 1389 402 1450 tuale.
419 1407 459 1449 an
484 1394 643 1450 terrenum
663 1407 698 1448 ae
717 1389 886 1467 temporale
911 1390 1077 1468 uomitum
1129 1389 1258 1452 minime
1285 1391 1418 1452 sederit:
1445 1391 1509 1450 imo
1536 1408 1553 1449 e
1588 1387 1744 1449 contrario
1778 1388 1893 1463 regium
1919 1364 1977 1469 a'ss

312 1487 418 1561 estque
436 1483 474 1542 de
489 1500 525 1543 eo
551 1500 616 1542 nou
637 1480 799 1541 mediocris
813 1481 980 1543 altercatio.
1006 1482 1081 1547 Qui·
1130 1501 1223 1544 omne
1246 1502 1362 1544 nisinen
1379 1501 1415 1543 ao
1430 1483 1524 1544 decus
1544 1487 1721 1543 constanter
1738 1480 1890 1558 altjercrit,
1922 1464 1977 1555 Ἓξ

311 1574 442 1635 busdam
471 1573 556 1635 euim
591 1573 717 1652 placuit,
740 1572 893 1634 Christum
917 1573 1080 1633 dominum
1129 1593 1186 1636 nec
1213 1575 1295 1637 ultro
1323 1576 1459 1637 deletum
1492 1573 1649 1635 admiserit
1665 1571 1687 1633 ³.
1719 1572 1892 1651 Respondet
1911 1572 1977 1662 Ἥ

310 1667 428 1744 regiam
445 1665 790 1744 habuisscdignitatem,
814 1665 1079 1744 quemadmodum
1128 1686 1213 1738 aero,
1229 1667 1368 1746 primum
1392 1667 1458 1727 sine
1484 1666 1548 1727 ulla
1570 1664 1766 1725 dubitatione
1794 1665 1891 1725 sedem
1910 1678 1977 1714 w·

311 1764 343 1819 et
369 1759 609 1819 sacerdotalem:
635 1757 719 1817 illam
732 1757 869 1837 quidem,
886 1756 1080 1818 haereditario
1131 1758 1252 1819 liavidis
1266 1759 1383 1837 regiam
1393 1758 1563 1819 obtinuisse
1573 1758 1892 1830 Christum;acsaccr-

313 1850 501 1912 successione.
535 1849 758 1921 transmissam.
794 1849 877 1927 qnod
913 1849 951 1909 dc
987 1849 1079 1930 stirpe
1130 1851 1264 1912 dotalem
1287 1851 1432 1912 simulet
1457 1849 1784 1930 regiamdignitatcm
1807 1868 1893 1929 peaes

311 1943 435 2003 Davidis
449 1943 599 2004 oriundus
610 1949 707 2003 esset:
723 1942 804 2002 bane
819 1960 903 2015 uero,
924 1959 989 2001 non
1007 1960 1078 2002 suc·
1130 1943 1218 2004 illam
1238 1943 1401 2020 exstitisse,
1420 1945 1458 2004 ab
1473 1962 1572 2022 eoque
1587 1942 1770 2003 translatam
1794 1942 1827 2002 in
1845 1943 1893 2003 aa

311 2033 457 2106 cessione,
469 2035 522 2095 sed
533 2034 726 2095 ordinatione
736 2032 850 2106 divina,
861 2032 944 2112 qttod
958 2052 977 2092 a
991 2032 1079 2094 Patre
1130 2036 1265 2097 elesiam.
1279 2036 1398 2116 Quippe
1420 2054 1509 2115 reges
1527 2036 1560 2095 iu
1577 2034 1693 2115 populo
1716 2034 1847 2096 ludaico
1857 2035 1891 2095 de

311 2126 494 2187 constitutus
521 2131 558 2187 sit
591 2124 720 2187 sacerdos
752 2124 784 2185 in
811 2132 952 2185 eternam
978 2143 1078 2186 securr-
1129 2128 1224 2189 Trihu
1238 2128 1338 2201 Jitdae,
1354 2148 1393 2190 ex
1414 2127 1519 2190 iacobi
1534 2127 1716 2205 patriarchae
1736 2126 1890 2198 ratidnio,

310 2217 381 2280 ditm
417 2218 547 2280 ordinem
580 2214 809 2293 Melchisedech,
845 2222 880 2276 nt
916 2217 1080 2298 Apostolus
1128 2225 1278 2300 perpetua
1300 2219 1378 2281 serie
1398 2238 1505 2281 rerum
1529 2219 1643 2298 potitos
1658 2235 1722 2278 esse
1737 2238 1745 2290 ;
1762 2234 1890 2296 quorum

310 2312 407 2391 eapite
422 2313 529 2391 quinto
546 2310 682 2392 epistola
697 2307 738 2370 ad
760 2307 903 2372 Hebroeos
923 2311 1076 2372 meminit.
1128 2318 1302 2392 postremus
1324 2311 1384 2373 fuit
1408 2310 1581 2372 Alexander
1602 2310 1735 2371 loannis
1763 2309 1890 2388 llyromi

311 2403 494 2483 Quanquam
510 2423 574 2464 non
593 2403 718 2464 defuere
739 2401 794 2480 qui
815 2396 969 2463 Christum
983 2421 1080 2465 saeer-
1127 2404 1219 2480 filias,
1236 2405 1291 2484 qui
1304 2403 1480 2466 Aristobulo
1500 2409 1578 2463 natu
1598 2402 1710 2480 majori
1731 2402 1819 2462 tratri
1834 2402 1890 2480 (qni
1976 2406 1977 2409 ’

310 2496 394 2556 dolio
413 2515 537 2576 quoque
552 2495 703 2557 beronice
718 2494 895 2555 decoratum
912 2501 1076 2575 putarent3
1127 2495 1247 2576 primus
1261 2515 1299 2558 ex
1313 2496 1586 2557 nasamoneorum
1596 2495 1691 2573 stirpe
1705 2492 1890 2572 regiumsibi
1976 2570 1977 2577 ρ

310 2594 461 2667 illactenus
488 2607 525 2648 ex
553 2587 686 2649 Levitico
711 2605 834 2664 quoqne
860 2586 943 2647 trihu
973 2595 1078 2649 ortam
1127 2588 1269 2650 diadema
1283 2586 1422 2668 sumpsit]
1439 2593 1562 2648 mortuo
1579 2587 1735 2647 successit.
1756 2588 1815 2647 Cui
1835 2587 1889 2647 lle·
1975 2614 1977 2635 ι

310 2685 466 2757 traxerat;
495 2687 529 2741 nt
559 2678 739 2747 multorum,
766 2684 797 2739 et
828 2678 1077 2753 gravissimorum
1127 2682 1216 2742 rodes
1229 2681 1404 2760 alienigena
1424 2680 1608 2741 substitutus
1629 2685 1686 2741 est.
1713 2680 1759 2739 Ita
1781 2680 1889 2755 regiam

310 2773 436 2835 Petram
454 2772 560 2854 opinio
581 2773 660 2848 lert;
681 2772 733 2832 sed
757 2777 793 2831 nt
812 2789 917 2832 rernm
944 2773 1003 2833 hoe
1026 2772 1075 2849 sit,
1128 2779 1342 2852 potestatema
1365 2773 1480 2853 populo
1492 2773 1632 2847 ludaico,
1647 2771 1797 2852 tribuque
1810 2772 1889 2832 Judae
1976 2814 1977 2857 τ

310 2886 375 2927 uon
388 2872 492 2928 tamen
503 2865 578 2926 illud
593 2883 631 2927 ex
654 2882 691 2925 co
705 2866 854 2944 sequitur.
871 2865 947 2926 Nam
963 2869 1077 2926 meter·
1128 2866 1161 2927 iu
1173 2867 1331 2927 Christum
1345 2866 1526 2926 translatam
1542 2884 1617 2933 esse,
1633 2871 1664 2925 et
1685 2863 1725 2925 ah
1740 2884 1779 2925 eo
1792 2865 1823 2925 iu
1840 2866 1888 2924 Ec·
1976 2862 1977 2905 l

311 2978 497 3039 uumgenns
514 2957 701 3019 sacerdotem
715 2974 779 3016 non
793 2956 1077 3035 lactitEaplodenda
1128 2959 1251 3020 clesiam
1275 2959 1462 3019 transfusam
1486 2977 1550 3018 nna
1589 2976 1660 3019 cum
1702 2955 1887 3025 sacerdotali,

310 3051 414 3132 itaquo
441 3057 487 3112 est
512 3049 630 3130 putida,
663 3053 694 3110 et
718 3047 808 3108 anilis
834 3048 949 3123 inlude,
983 3068 1077 3128 quiam
1127 3051 1234 3111 asserit
1254 3050 1453 3130 Epiphanius,
1475 3049 1669 3130 quiquidem
1690 3048 1734 3109 ita
1749 3049 1887 3128 disputat.

313 3144 425 3206 Suidas
445 3144 538 3205 refert
555 3143 587 3202 in
601 3140 750 3201 uocabulo
769 3147 879 3216 Ἰησοῦς.
905 3141 943 3201 de
965 3141 1078 3201 Christi
1131 3164 1147 3200 u
1162 3130 1293 3220 Regiam
1302 3143 1485 3221 dignitatem
1499 3161 1518 3202 a
1532 3142 1664 3202 ltomino
1685 3142 1763 3203 lesu
1777 3140 1889 3201 Christo

311 3235 480 3297 sacerdotio
503 3234 656 3297 baroniae
681 3234 719 3293 ab
748 3233 866 3293 dardanis
893 3251 931 3293 ex
958 3234 1078 3294 areanis
1128 3234 1250 3295 cltiobns
1271 3233 1450 3296 modisesae
1474 3233 1640 3314 prolectam
1655 3253 1663 3294 ε
1680 3233 1767 3313 quod
1790 3234 1889 3312 etipse
1975 3250 1976 3253 ’

311 3328 495 3408 quilnrsdam
510 3326 709 3388 monimentis
728 3324 887 3403 agrrttoo
906 3325 1077 3386 Christiano
1128 3345 1167 3387 ex
1189 3325 1312 3386 Davidis
1335 3325 1414 3401 regis
1441 3325 1557 3386 exstitit
1573 3325 1704 3396 semiue,
1724 3325 1888 3387 seeundum
1975 3310 1976 3349 ³

310 3422 433 3483 cuidam
454 3422 585 3483 detecte.
602 3419 655 3480 Cui
676 3417 790 3478 Paulus
823 3417 984 3479 manifeste
1005 3436 1078 3479 con·
1128 3436 1274 3491 carnem
1292 3423 1320 3478 et
1334 3436 1441 3478 revera
1455 3416 1553 3496 major
1566 3417 1704 3496 qnidam,
1720 3417 1887 3497 angustior·
1975 3402 1976 3429 ¹

310 3514 432 3575 tradieit
459 3514 493 3574 in
517 3512 645 3593 epistola
666 3509 706 3571 od
730 3508 878 3586 Hebraeos,
900 3509 998 3590 capite
1020 3528 1074 3585 vn,
1128 3529 1188 3590 que
1214 3527 1269 3571 rex
1289 3511 1328 3570 sit
1350 3509 1389 3570 ab
1410 3514 1537 3584 aelerno,
1559 3509 1732 3570 secundum
1751 3510 1887 3571 divinita·

310 3605 499 3684 Manifestum
528 3610 569 3666 est
600 3604 698 3676 erim,
726 3603 805 3673 ait',
827 3603 909 3682 priori
934 3620 971 3662 cr
996 3602 1076 3663 dodo
1127 3609 1203 3664 tem.
1219 3603 1371 3663 creterram
1383 3602 1577 3663 sacerdotalis
1588 3602 1723 3681 dignitas
1735 3602 1776 3663 ab
1787 3601 1887 3664 eodem

311 3706 393 3759 ortus
414 3697 613 3758 sitdominus
639 3702 753 3769 ooster;
777 3693 809 3753 in
831 3712 891 3774 qao
906 3693 1079 3779 tribunitii
1127 3696 1355 3756 communicata
1386 3699 1442 3769 est,
1474 3699 1627 3773 quatenus
1653 3694 1720 3774 ipsc
1758 3693 1887 3775 pontifex
1974 3700 1975 3771 ζ

309 3789 344 3852 de
356 3786 548 3851 sacerdotibus
563 3788 673 3869 Moyses
687 3784 855 3847 tonitura-t.
1128 3793 1184 3862 est,
1210 3792 1240 3848 et
1260 3786 1444 3867 pontificum
1467 3787 1611 3867 prinecps
1632 3785 1655 3846 ⁶:
1677 3809 1689 3843 υ
1714 3806 1838 3867 nempe,
1858 3790 1888 3845 nt

351 3885 393 3944 De
416 3899 513 3961 regno
534 3881 639 3959 itaque
658 3878 772 3957 justior
785 3883 830 3938 ost
858 3879 1075 3940 controuersia.
1127 3879 1220 3959 paale
1242 3884 1312 3958 post
1330 3877 1486 3954 declarat,
1518 3900 1534 3935 a
1556 3878 1729 3939 secandum
1754 3879 1887 3940 ordinem

310 3975 365 4038 Cui
384 3975 513 4035 minime
537 3971 734 4054 prescribere
749 3970 840 4030 debet
865 3971 948 4050 qood
971 3979 1078 4032 contra
1126 3969 1366 4031 Melchisedec.»

310 4067 515 4129 sacerdotium
542 4065 608 4143 ejus
644 4062 833 4124 Aaronicnm
875 4062 1074 4142 apponimns;
1168 4064 1204 4123 ln
1229 4062 1286 4123 hac
1300 4061 1462 4142 Epiphanii
1476 4062 1683 4142 disputatione
1703 4063 1804 4125 murita
1822 4068 1886 4124 suunt
1973 4086 1974 4121 ν

310 4166 487 4221 maternum
515 4157 665 4217 druntaxat
686 4153 795 4214 Christi
822 4171 921 4234 genna
960 4154 1012 4214 illo
1039 4173 1076 4215 ex
1126 4155 1409 4226 animadvertenda,
1424 4174 1482 4216 nec
1497 4156 1568 4216 satis
1586 4163 1730 4218 accurrate
1743 4157 1839 4218 dicto:
1852 4157 1884 4216 dc

311 4253 419 4325 Trihn,
429 4252 467 4312 de
479 4248 576 4327 regali
588 4245 1074 4325 stemmatepropagatnmfuisse.
1126 4249 1238 4329 quibas
1249 4266 1313 4310 noa
1327 4254 1373 4310 est
1385 4247 1480 4326 hujus
1494 4247 1551 4308 loci
1567 4266 1670 4327 agere.
1688 4253 1731 4311 lle
1743 4248 1886 4310 nonnulla

309 4345 432 4406 Etenim
447 4359 517 4404 cuim
529 4339 887 4401 extraordinarinsortus
900 4339 951 4399 ille
965 4337 1075 4399 Christi
1125 4342 1158 4401 in
1173 4339 1494 4401 animadversionibus
1513 4341 1551 4400 ad
1568 4341 1659 4402 illum
1677 4340 1783 4403 locum
1797 4342 1885 4402 alno·

308 4431 1074 4512 fuerit,solacnfemina,eaqueuirginedednctas:
1125 4433 1273 4508 terimus,
1305 4431 1366 4492 alia
1384 4449 1420 4492 ex
1444 4430 1565 4493 seriore
1586 4433 1802 4513 exactioreqne
1821 4436 1886 4492 sunt
1972 4506 1973 4519 ρ

309 4529 508 4609 aclosepbus
531 4526 668 4586 humane
682 4542 780 4594 more,
804 4528 835 4583 et
850 4514 1076 4583 communires-
1125 4524 1253 4586 historia
1266 4525 1442 4604 repetenda,
1466 4541 1562 4603 quam
1581 4524 1654 4584 alibi
1677 4522 1883 4604 digeaeimnsb

309 4623 469 4683 timotione
496 4624 583 4700 pater
602 4616 724 4678 bomini
753 4616 794 4675 sit
810 4615 944 4693 babitus,
967 4621 1074 4695 utpote
1126 4618 1261 4696 Apparet
1274 4621 1379 4677 atatem
1394 4616 1427 4676 in
1451 4616 1505 4676 illo
1520 4615 1676 4697 Epiphani
1695 4616 1761 4678 loco
1774 4616 1884 4695 regiam

311 4716 345 4776 ll.
367 4713 471 4775 blariae
486 4710 618 4789 conjnx;
636 4709 661 4768 si
676 4708 715 4768 ad
731 4706 819 4767 illum
829 4706 881 4785 jus
895 4707 984 4785 regui
997 4707 1075 4786 legi·
1124 4712 1321 4788 potestatem,
1362 4707 1457 4769 etiam
1489 4707 1707 4785 temporalem,
1741 4707 1883 4769 uindicari

347 4908 368 4950 a
386 4888 497 4949 ἀετοί
523 4890 631 4946 Sirone.
660 4901 762 4942 cctxtx.
783 4884 899 4947 accitae
921 4882 947 4939 bl
969 4883 1010 4938 rud
1029 4882 1077 4938 ίυτδ
1126 4883 1175 4938 art
1183 4889 1227 4939 τοῦ
1241 4884 1325 4958 κυρίου
1339 4882 1410 4957 ἡμῶν
1430 4881 1516 4954 Ἰησοῦ
1529 4884 1635 4958 Χριστοῦ
1645 4885 1711 4941 κατὰ
1724 4884 1765 4940 eto
1778 4887 1882 4958 τράοως,

308 4973 414 5042 παίδων,
429 4972 535 5047 ἀπείρων
553 4970 600 5034 ίτι,
616 4971 657 5024 καί
676 4968 724 5023 trt
748 4967 878 5022 Ἰουδαίων
899 4966 1076 5035 ἀπιστούντων,
1125 4968 1166 5021 διά
1185 4985 1211 5021 το
1225 4966 1254 5022 ab
1273 4961 1459 5022 advocatricis
1478 4968 1615 5041 sulpturae
1627 4968 1704 5024 tuae
1718 4973 1760 5023 sot
1774 4968 1883 5041 βιοτάίυς

308 5061 349 5113 καί
362 5054 528 5131 ἀγνοούντων,
541 5052 759 5126 ἀναγορευόμενος,
782 5050 823 5104 καὶ
841 5050 900 5122 πρὸς
916 5049 997 5104 αὐτῶν
1011 5050 1077 5122 Προ·
1124 5048 1187 5105 ml
1200 5050 1288 5123 οάρκα,
1313 5050 1354 5103 καί
1381 5049 1410 5105 τὸ
1434 5045 1498 5104 εἶναι
1516 5048 1602 5117 τάντίον,
1626 5052 1687 5123 ὅπερ
1708 5049 1776 5115 tert,
1790 5049 1882 5121 βωνλί·

309 5148 393 5214 parba
409 5138 631 5211 ἀνανηρυττόρονος
645 5134 774 5189 διίκνυτοι.
1126 5133 1226 5205 μείζονα
1236 5131 1279 5186 ἀπ’
1294 5129 1383 5196 οίῶνος
1404 5131 1467 5188 κατά
1487 5131 1531 5200 τὴν
1543 5133 1655 5202 tituta·
1679 5134 1710 5189 τὸ
1722 5134 1747 5189 ti
1760 5130 1880 5205 ίιροτωίν,

347 5226 363 5281 b
382 5225 514 5280 terrosa.
530 5219 596 5275 ltaet.
614 5234 686 5288 xxix,
707 5217 761 5286 83.
783 5216 830 5272 Καὶ
845 5216 873 5270 τί)
893 5216 934 5288 μὲν
951 5217 1075 5290 βασιλικὸν
1125 5218 1162 5270 ὅτι
1172 5214 1243 5279 οὗτος
1254 5214 1379 5289 ἀρχιτρευς
1392 5215 1524 5288 ἀρχιερέων
1538 5215 1661 5287 πρύτανις.

338 5370 347 5415 t
359 5368 422 5414 ltebr.
434 5377 472 5415 rra,
485 5362 537 5408 ll·
549 5362 563 5406 t
575 5362 653 5418 Eplpb.
665 5362 714 5406 bur.
729 5358 861 5415 ranst·
870 5360 951 5405 diora.
962 5372 1019 5406 tt·-
1033 5359 1098 5404 ltlb.
1108 5361 1123 5403 b
1132 5361 1213 5405 tabor.
1226 5364 1290 5413 temp.
1301 5373 1321 5406 c.
1334 5359 1605 5416 roetoonuoopro.
1616 5359 1634 5411 t,
1648 5360 1688 5405 tib.
1701 5358 1803 5404 iterur
1814 5364 1876 5410 oter.
