3936 6152
491 336 541 396 DE
561 332 851 399 musflttnrtoNE
869 333 944 394 ΗΒ.
968 335 1021 404 XI,
1053 337 1135 399 CAP.
1158 339 1226 400 Xll.
1585 339 1643 399 tat

83 500 224 567 virtutum
240 518 276 560 ae
290 500 445 562 donorum
460 519 468 562 r
485 502 651 581 dequibus
665 500 727 579 agit
741 472 828 577 sigil-
878 501 996 561 donum
1024 504 1234 566 munificentia
1265 508 1448 585 gratiarum.
1483 504 1645 584 Temporis

20 602 67 699 qam
83 593 163 655 latim.
186 593 276 666 Quod
297 611 334 654 eo
358 612 602 656 commemorare
615 595 781 666 voluimus,
795 597 830 651 ut
878 595 1042 667 erpoiuter
1057 614 1114 656 nos
1137 596 1266 657 forsitan
1279 605 1405 677 putetur
1426 598 1537 676 magis,
1549 614 1646 675 quam

20 707 66 761 istu
84 685 164 747 anile
188 686 271 758 apud
305 687 413 748 Patres
439 704 601 748 occurrere
625 683 830 748 ratiocinandi
877 686 924 745 rei
938 688 1157 749 essedistantia
1173 690 1646 768 :quiadivinilotemquamnos

20 772 48 805 '²
83 779 828 860 genusadmoneremustvalutapudNoratianum
878 796 950 838 oum
974 781 1194 841 Dominolesu
1218 783 1336 842 Christo
1351 788 1468 857 natam,
1481 788 1516 841 tu
1541 786 1646 859 postea

82 871 190 932 inlibro
203 871 240 931 de
256 870 415 947 Trinitatis,
430 891 496 951 cap.
511 891 599 947 xxix,
612 873 666 933 ubi
685 871 829 932 divinita·
878 870 951 930 dieis
966 871 1111 933 inlusum.
1129 874 1190 933 Sed
1204 874 1280 933 illud
1290 880 1345 948 est,
1359 874 1442 953 quod
1451 880 1558 933 natam
1571 890 1645 932 eum

82 972 132 1026 tem
147 965 242 1025 saneti
265 964 400 1042 Spiritus
425 965 578 1044 approbat
599 965 643 1026 ita
657 964 793 1025 scribens
804 961 826 1022 ¹:
878 964 1009 1024 Domino
1023 965 1216 1027 divinitatem
1236 984 1363 1044 negans,
1379 984 1436 1027 nec
1449 970 1555 1044 postca
1568 965 1644 1025 iide-

84 1057 142 1117 dtio
153 1061 196 1117 est
206 1055 261 1135 qui
274 1056 307 1117 in
320 1057 449 1117 modum
463 1057 614 1119 columbas
629 1064 828 1135 posteaquam
877 1054 947 1114 liter
962 1056 1102 1117 confiteri
1116 1062 1213 1136 potes,
1230 1080 1245 1115 o
1263 1063 1319 1118 etc.
1337 1058 1431 1118 Vides
1454 1064 1489 1117 ut
1511 1056 1643 1135 gratiam

81 1148 209 1209 Dominus
223 1149 394 1228 baptizatus
416 1154 473 1223 est,
487 1167 581 1227 supra
608 1167 682 1210 eum
694 1149 829 1223 venibat
876 1144 995 1211 bomini
1025 1148 1158 1209 inlusum
1185 1152 1219 1209 in
1239 1150 1369 1213 Christo.
1386 1156 1417 1210 et
1434 1149 1468 1209 in
1491 1167 1564 1210 eum
1577 1168 1643 1208 carn

80 1241 174 1300 maisit
190 1239 334 1301 habitans
358 1240 391 1300 iu
406 1240 471 1301 solo
495 1241 615 1301 Christo
642 1241 770 1320 plenus,
797 1244 829 1300 et
876 1237 1035 1300 divinitate
1043 1240 1218 1302 descendisse
1230 1243 1349 1316 asserit,
1365 1258 1399 1303 ac
1411 1241 1576 1304 divinitatis
1589 1259 1645 1301 esse

80 1338 154 1399 totus
168 1350 224 1393 nee
245 1332 280 1392 in
307 1332 409 1411 aliqua
434 1347 591 1408 mensura,
606 1338 660 1393 aut
685 1333 827 1411 portione
876 1328 983 1391 άονιινι
1000 1332 1232 1412 munificentiam
1248 1334 1424 1412 pretiorum.
1443 1335 1489 1393 Ex
1503 1352 1564 1410 quo
1576 1334 1643 1393 effi-

79 1425 248 1485 ruutilntus:
276 1425 330 1485 sed
354 1443 426 1485 eum
453 1430 517 1484 tota
542 1442 598 1484 sua
621 1424 829 1485 redundantia
878 1422 957 1481 citur
971 1423 1145 1486 distinctam
1159 1424 1198 1485 ab
1212 1425 1373 1485 divinitate
1386 1424 1643 1503 gratiamtlhristo

79 1516 214 1577 cumulate
237 1516 430 1587 distributus,
445 1522 476 1576 et
502 1516 633 1591 missus,
653 1522 688 1575 ut
711 1534 750 1577 ex
773 1516 826 1577 illo
878 1530 943 1574 esse
957 1533 1143 1576 concessam.

79 1608 279 1670 delibationem
313 1609 481 1687 quamdam
515 1609 686 1686 gratiarum
725 1608 828 1668 ceteri
919 1607 966 1667 Ad
979 1607 1047 1668 baec
1073 1608 1107 1667 in
1127 1609 1190 1669 fine
1217 1608 1335 1687 capitis,
1364 1630 1378 1665 a
1398 1609 1429 1669 Si
1457 1611 1563 1668 autem
1590 1607 1644 1666 Dei

80 1702 205 1780 consequi
231 1701 362 1781 possint,
390 1701 482 1761 totius
510 1701 607 1761 santsi
634 1700 766 1779 Spiritus
794 1699 827 1759 ln
878 1698 984 1773 Fihus,
1001 1700 1111 1777 inquit,
1128 1719 1202 1779 ergo
1212 1700 1423 1760 indubitanter
1437 1702 1537 1773 Deus;
1552 1699 1578 1757 si
1591 1717 1645 1757 au-

78 1794 178 1855 Cbriato
203 1793 291 1854 fonte
313 1798 513 1867 remanente;
535 1797 570 1852 nt
595 1810 633 1852 ex
656 1791 709 1853 illo
732 1793 827 1853 dono-
877 1794 941 1850 tem
955 1793 1048 1866 Deus,
1063 1809 1137 1869 ergo
1152 1793 1250 1870 gratia
1264 1792 1319 1852 Dei
1335 1811 1399 1852 uon
1410 1810 1525 1852 carens.
1537 1792 1644 1868 Neque

79 1903 144 1959 rom,
158 1894 389 1964 atqueoperum
401 1902 488 1945 uenas
498 1884 696 1959 ducerentur,
709 1885 826 1964 Spiritu
878 1884 963 1943 enim
977 1902 1013 1944 ea
1034 1902 1068 1944 re
1082 1900 1221 1966 unquam
1235 1885 1346 1957 caruit,
1364 1902 1458 1962 quam
1472 1885 1538 1960 ipse
1560 1882 1640 1943 lecit.

78 1983 164 2037 sancto
191 1978 225 2036 in
249 1977 370 2037 Christo
389 1976 550 2037 effluenter
570 1976 740 2038 habitante.
763 1977 827 2037 Hoc
880 1974 988 2037 Gratia
1006 1977 1097 2044 seim,
1114 1985 1141 2036 et
1154 1979 1265 2036 veritas
1282 1996 1341 2056 per·
1363 1976 1462 2037 desum
1491 1973 1644 2037 Christum

79 2070 147 2129 enim
150 2070 215 2147 jam
221 2070 374 2148 Propheta
381 2068 654 2128 Esaiasaiebat².Et
662 2068 825 2148 requiescit,
877 2068 958 2149 sarto
973 2067 1041 2128 est*¹
1059 2088 1075 2125 o
1090 2070 1129 2128 Et
1142 2069 1192 2128 hic
1203 2068 1288 2129 locus
1302 2068 1424 2143 lactem,
1449 2072 1644 2145 creatamque

79 2160 174 2239 inquit,
189 2179 280 2240 super
290 2179 355 2221 eum
369 2160 497 2238 spiritus
509 2160 672 2239 sapientire,
693 2167 722 2221 et
743 2160 829 2220 intel·
877 2159 1068 2220 demonstrat
1081 2161 1114 2220 in
1129 2160 1247 2220 Christo
1260 2161 1353 2220 fuisse
1366 2162 1509 2237 gratiam.

79 2251 164 2327 hctus,
189 2252 315 2332 spiritus
344 2251 459 2312 consilii
485 2257 512 2311 et
538 2251 678 2326 virtutis,
702 2252 829 2332 spiritus
918 2252 956 2310 X.
979 2252 1065 2324 Quod
1087 2258 1192 2312 autem
1213 2271 1252 2312 ex
1264 2252 1318 2312 illo
1330 2252 1415 2313 isaiae
1428 2252 1508 2323 loco,
1524 2251 1578 2329 qui
1600 2258 1645 2312 est
1670 2265 1817 2328 nont-epta-

77 2344 200 2413 to'eotisa,
217 2351 245 2402 et
270 2344 402 2424 pretatis,
427 2351 454 2403 et
470 2341 599 2422 riapleor't
619 2360 683 2403 eam
705 2343 830 2423 spiritus
879 2343 977 2418 caytite
1000 2343 1175 2415 undecimo,
1206 2344 1394 2404 Novatianus
1420 2345 1541 2423 probat,
1564 2344 1646 2404 dona
1684 2327 1805 2426 ffiffi',

79 2437 175 2497 amoma
189 2436 256 2498 Dei.
274 2456 289 2493 a
308 2435 365 2495 Hie
378 2440 492 2514 praeter
506 2435 657 2513 Spiritum
675 2441 827 2511 sanctum,
880 2434 934 2494 illa
958 2435 1088 2511 Spiritus
1104 2436 1289 2515 sensaque
1306 2436 1480 2514 septenario
1500 2452 1644 2514 compre·
1710 2426 1778 2468 ‘⁰¹⁸⁸‘

78 2528 153 2607 plene
165 2527 392 2589 redundantem
407 2532 437 2585 et
444 2525 637 2587 habitantem
648 2527 682 2586 in
695 2527 828 2586 Christo.
880 2525 976 2586 hensa
989 2544 1121 2587 numero
1139 2527 1254 2588 ibidem
1268 2529 1407 2604 agnoscit
1424 2528 1644 2606 Hieronymus,
1670 2478 1781 2630 imm
1791 2490 1816 2521 ’Χ

78 2620 189 2680 rirbrtes
216 2620 323 2687 etiam,
349 2638 385 2679 ao
412 2619 494 2679 dona
523 2619 656 2697 Spiritus
687 2620 720 2678 in
742 2618 831 2679 illum
881 2618 1651 2698 christo,tanquamhominicommunicatafatsse,
1692 2593 1815 2684 *1⁰3²*

78 2712 237 2773 incubuisse
264 2710 410 2771 dicuntur
433 2730 441 2770 z
463 2728 527 2772 non
552 2709 591 2769 ab
618 2728 655 2770 ao
678 2709 832 2771 duntaxat
881 2711 1082 2771 assentientes
1095 2711 1190 2771 babet
1203 2712 1348 2790 antiquos
1364 2714 1478 2783 Patres,
1495 2712 1551 2789 qui
1564 2712 1649 2771 hunc

78 2810 211 2883 tempore,
227 2821 292 2882 quo
308 2802 347 2862 ab
357 2803 479 2862 Joanne
492 2801 682 2878 baptismum
696 2802 829 2881 accepit3
880 2802 985 2862 locum
999 2803 1191 2881 interpretati
1203 2808 1286 2863 sunt.
1305 2806 1352 2863 Ex
1376 2805 1488 2882 quibus
1511 2803 1650 2863 Theodo-

78 2896 122 2955 sed
132 2914 168 2956 ax
178 2914 242 2975 quo
251 2900 430 2973 assumptus
437 2894 471 2953 in
481 2894 580 2953 Deum
591 2899 636 2953 est
649 2893 832 2953 homo.Non
881 2902 976 2967 retus,
996 2917 1011 2953 a
1026 2895 1196 2955 seeundum
1205 2896 1432 2957 humanitatem
1447 2895 1552 2955 omnia
1566 2895 1650 2955 Chri-

78 2989 178 3048 coima
199 2987 355 3066 baptismo
369 2987 494 3064 coepisse
517 2984 561 3044 ait
574 2985 606 3044 in
625 2985 745 3045 Christo
764 3003 831 3046 ma·
882 2992 965 3047 stum
990 2986 1134 3046 habuisse
1162 2986 1236 3046 dicit
1259 2986 1340 3046 dona
1361 2986 1517 3063 Spiritus:
1534 2986 1649 3064 quippe

79 3095 140 3139 nere
164 3079 316 3159 Spiritum
344 3082 484 3137 sanetum
515 3095 522 3135 ε
550 3076 603 3136 sed
624 3076 690 3153 ejus
710 3080 832 3136 tautum
883 3080 970 3156 cujus
984 3096 1001 3138 a
1015 3078 1205 3155 plenitudine
1219 3096 1327 3139 omnes
1348 3081 1532 3158 accepimus,
1550 3085 1585 3139 ut
1599 3079 1648 3138 di-

78 3168 830 3250 lucesceretaspectabilempraesentiamdesignat.
873 3171 973 3239 ¹vinus
984 3174 1113 3230 testatur
1130 3172 1298 3232 loannes&
1317 3193 1330 3229 s

20 3264 42 3348 ff
112 3263 164 3323 IX.
186 3262 294 3324 Videri
310 3260 627 3339 potestetCassianus
644 3259 786 3333 mineum,
802 3267 834 3321 et
924 3264 1108 3342 Quanquam
1129 3261 1274 3340 cyrillus,
1296 3268 1328 3322 et
1343 3261 1510 3339 Procopius
1522 3262 1555 3322 in
1569 3280 1651 3323 com·

20 3370 54 3404 sss
78 3356 242 3416 commin
257 3353 377 3414 Christo
389 3353 549 3431 agnovisse
563 3352 705 3428 gratiam,
716 3353 834 3412 eumin
885 3356 1046 3416 mentoriis
1071 3354 1110 3414 ad
1131 3354 1209 3413 illud
1237 3360 1347 3432 eaput,
1364 3352 1564 3432 tupydaillas
1586 3371 1652 3413 esse
1682 3384 1822 3438 mm,

79 3447 201 3507 mcundo
212 3446 294 3506 libro
308 3444 342 3506 de
356 3444 571 3520 lneornationc,
587 3445 685 3523 eapite
697 3450 783 3505 serto
793 3445 835 3505 sio
886 3446 994 3507 dicunt
1007 3446 1192 3524 multiplices
1205 3446 1343 3523 ejusdam
1355 3443 1551 3524 spiritus‚qui
1559 3462 1653 3523 super

78 3538 211 3600 adversus
237 3538 415 3599 Nestorium
444 3537 601 3615 disputat:
630 3558 645 3593 a
669 3536 730 3596 Sed
754 3536 835 3596 dicas
887 3538 1042 3598 Christum
1074 3537 1239 3616 acquievit.
1272 3558 1288 3594 a
1316 3537 1368 3596 Est
1396 3535 1479 3596 enim
1504 3536 1652 3598 humanae

77 3626 206 3705 forsitan,
230 3630 364 3707 gratiam
389 3628 470 3688 hanc
496 3628 620 3688 Domini
642 3628 739 3687 nostri
760 3628 836 3689 lesu
887 3636 1007 3689 naturae
1019 3630 1193 3708 proprium,
1209 3629 1252 3688 ait
1265 3628 1409 3707 cyrillae,
1427 3646 1465 3687 ex
1477 3644 1554 3703 sese,
1572 3634 1603 3688 et
1616 3646 1654 3689 ex

78 3720 187 3795 Christi,
201 3723 241 3783 de
254 3740 318 3800 qua
332 3720 494 3798 Apostolus
508 3719 612 3780 scribit
627 3718 755 3799 [Nempe
768 3738 837 3798 gra·
887 3727 1008 3781 naturae
1035 3722 1168 3800 propria
1190 3721 1381 3794 conditione,
1409 3720 1488 3780 nihil
1516 3719 1655 3781 obtinere

77 3812 143 3872 tiam
156 3834 174 3873 a
188 3813 312 3874 Christo
335 3812 479 3873 collatam
495 3812 526 3871 in
549 3811 702 3886 homines,
718 3812 756 3872 de
775 3830 836 3890 qua
888 3813 1058 3873 eoelestium
1085 3813 1316 3873 charismatum.
1346 3811 1438 3893 (Ouid
1466 3812 1544 3873 erim
1571 3812 1656 3874 babes

77 3902 182 3965 Paulus
206 3905 347 3984 loquitur
369 3904 412 3963 sic
433 3923 440 3963 :
468 3902 573 3966 Gratia
598 3902 718 3962 Domini
744 3904 838 3964 rostri
888 3904 966 3985 quod
978 3923 1036 3965 noe
1049 3905 1190 3984 accepisti
1200 3903 1211 3937 ⁸
1223 3906 1238 3964 ‘l
1249 3906 1365 3966 dictum
1380 3910 1425 3965 est
1437 3904 1482 3964 illi
1499 3903 1519 3971 :l
1535 3906 1586 3965 sed
1602 3923 1655 3965 er·

76 3994 137 4055 leta
152 3995 263 4057 Christi
281 3994 438 4073 uobiscum)
453 4013 515 4055 noo
528 4011 601 4053 eum
620 3994 684 4073 ipso
698 3992 836 4069 natam⁸,
888 3998 1039 4057 trhrsecus
1052 3997 1167 4075 potius,
1181 4002 1212 4056 at
1224 3996 1567 4059 adscititiisnimiruma
1582 3997 1655 4073 Deo,

75 4089 123 4147 sed
136 4096 241 4167 postea
255 4094 286 4148 et
299 4088 411 4166 illapsu
419 4085 590 4146 divinitatis
599 4084 733 4146 infusam
747 4106 754 4146 ε
767 4088 838 4164 quia
888 4089 998 4149 iisdem
1025 4088 1085 4148 illis
1116 4088 1316 4167 locupletari,
1346 4107 1417 4166 quae
1445 4101 1565 4148 naturae
1592 4107 1657 4149 suoe

77 4183 103 4237 et
123 4180 215 4241 homo
239 4180 305 4258 ipse
328 4185 389 4238 ate
411 4178 561 4239 Dominus
585 4178 674 4237 lestis
690 4179 836 4251 Christus,
889 4186 1179 4260 captumsuperant.
1192 4180 1400 4253 Quamobrem
1414 4179 1576 4259 oportebat
1589 4181 1659 4239 uni·

77 4288 162 4347 quem
184 4271 360 4332 solitarium
384 4269 471 4345 diois,
486 4288 551 4329 non
574 4287 646 4330 cum
663 4270 722 4329 Deo
737 4275 838 4345 natus,
890 4273 1031 4350 genitum
1045 4273 1100 4332 Dei
1114 4272 1256 4332 Verbum
1278 4271 1478 4351 semetipsum
1492 4273 1532 4332 ad
1548 4272 1657 4332 exiria-

77 4363 124 4421 sed
136 4370 275 4441 posteaa
296 4363 359 4422 Deo
383 4361 503 4423 dicatur
521 4367 699 4440 assumptus
714 4380 767 4421 :ac
785 4380 841 4440 per
891 4365 1042 4425 ultionem
1087 4364 1272 4440 demittens,
1307 4382 1372 4425 non
1413 4382 1450 4425 ea
1490 4364 1659 4425 detrectare

76 4451 241 4516 hortatum
261 4453 438 4514 hominiilli
452 4453 595 4531 gratiam,
608 4453 733 4531 quando
748 4460 779 4513 et
793 4453 839 4529 di·
891 4455 1034 4530 humilia,
1061 4461 1093 4517 et
1119 4456 1247 4534 abjecte,
1266 4474 1336 4534 quae
1362 4461 1436 4517 sunt
1456 4455 1659 4516 emuanitioni

78 4544 235 4607 unitatem
258 4547 373 4607 datam
390 4546 497 4624 Neque
516 4563 573 4606 nos
590 4545 675 4605 aliud
698 4545 840 4621 dicimus,
893 4547 943 4606 isti
956 4553 1161 4608 consentanea
1179 4568 1186 4607 :
1204 4554 1238 4608 ut
1249 4567 1320 4608 curn
1331 4554 1443 4609 natura
1452 4548 1659 4626 plenuscsset,

77 4657 163 4715 quam
192 4639 279 4719 quod
307 4637 414 4697 divina
446 4637 546 4715 gratia
580 4654 652 4696 oum
681 4637 841 4697 divinitate
893 4638 1174 4717 acciperettamen,
1196 4647 1322 4719 propter
1341 4640 1580 4714 humanitatem,
1596 4657 1659 4701 uon

77 4729 283 4804 descenderit;
300 4729 372 4807 quia
396 4736 426 4789 et
444 4729 550 4789 divina
564 4729 662 4807 gretia
678 4729 730 4789 Dei
746 4729 796 4804 sit,
812 4736 843 4789 et
893 4735 958 4790 tam
972 4730 1030 4802 sui,
1046 4749 1140 4808 quam
1156 4730 1435 4810 nostrigratia,qui
1448 4731 1532 4791 bono
1542 4730 1659 4808 indige-

77 4820 192 4899 larqitio
221 4820 453 4901 quodammodo
474 4820 572 4899 ipsius
595 4820 777 4892 divinitatis,
808 4838 843 4880 ao
895 4839 965 4881 mus
979 4821 1127 4883 omnir.»

111 5050 325 5105 tt'l'usonottsr.
339 5046 374 5102 ad
391 5047 410 5099 l.
426 5048 498 5101 Era.
514 5045 562 5097 Kal
576 5045 638 5098 κατὰ
652 5047 682 5098 τὸ
692 5044 841 5117 ἀνθρώπινον
928 5048 1073 5102 bCruret.
1096 5051 1129 5102 itt
1150 5046 1385 5120 Εεα.”18ιονγὰρ
1410 5047 1607 5120 tripertientes,
1622 5050 1660 5114 rb,

79 5128 103 5182 ll
115 5133 192 5184 πάντα
206 5127 261 5204 εἶχε
275 5132 318 5185 τοῦ
339 5129 477 5200 πνεύματος
491 5127 521 5182 τὰ
535 5129 687 5201 χαρίσματα.
701 5126 727 5180 ts
740 5128 787 5199 γὰρ
799 5133 843 5181 τοῦ
892 5128 985 5184 οἴκοθεν
1001 5129 1043 5201 μὲν
1068 5129 1143 5202 ἔχειν,
1166 5131 1206 5182 καὶ
1228 5131 1262 5192 ὡς
1282 5128 1305 5192 ἔξ
1324 5128 1387 5192 ἰδίας
1400 5132 1493 5201 φύσεως
1506 5138 1556 5185 τῶν
1572 5131 1662 5187 ἄνωθεν

79 5213 240 5285 alopdmator
255 5214 329 5267 attat
342 5212 406 5267 κατὰ
421 5211 463 5266 τὸν
486 5212 611 5265 θεσπέσιον
639 5211 759 5277 Ἰωάννην
774 5211 844 5282 ἡμεῖς
892 5213 1051 5283 χαρισμάτων
1070 5211 1149 5264 addiv-
1165 5211 1189 5266 τί
1202 5212 1250 5285 γὰρ
1270 5212 1334 5287 ἔχεις
1353 5214 1367 5266 b
1391 5213 1435 5266 oda
1459 5213 1552 5280 ἔλαθες,
1569 5213 1662 5287 εἴρηται

80 5297 161 5358 πάντες
174 5296 307 5367 ttttapa.
892 5295 952 5366 πρὸς
965 5295 1060 5368 οιίντὴνςη
1084 5296 1261 5349 anachoresis
1288 5297 1313 5349 δὲ
1336 5298 1432 5367 μᾶλλον
1460 5296 1545 5359 ἔξωθεν
1570 5316 1606 5362 τε,
1622 5299 1663 5351 καὶ

106 5486 200 5531 tlotttt.
213 5499 249 5531 ιιι.
262 5487 365 5530 -tba
378 5486 769 5532 n.-31.cor.1o.-troaao.1.
782 5508 807 5518 -
824 5484 841 5527 l.
855 5486 902 5531 Cor.
919 5498 948 5535 ιν,
959 5486 978 5529 7.
