3936 6146
468 248 522 309 DE
541 246 844 324 metuentibus,
865 248 939 310 ΠΒ.
968 247 1020 322 lX,
1047 248 1132 312 GAP.
1154 250 1192 312 V.
1554 253 1614 315 sta

60 410 181 471 ulitur.
201 412 271 472 llec
290 419 334 474 est
352 413 520 476 certissima
543 434 608 476 non
627 415 797 478 Aristotelis
846 415 968 491 anime,
988 416 1105 496 spontis
1126 434 1191 479 suta
1214 415 1409 479 motionema
1423 418 1486 479 Deo
1504 425 1611 485 nacta,

61 502 213 577 natumsed
231 504 370 566 etiams.
390 506 531 581 Themis,
558 527 594 568 ee
617 507 796 586 Peripateti·
846 512 878 567 et
891 506 993 567 eidem
1011 507 1069 569 hac
1080 508 1114 569 in
1127 527 1162 570 re
1183 509 1302 582 similis,
1326 526 1397 569 cum
1418 509 1457 569 ab
1471 510 1611 587 molesta,

61 610 159 669 mmm,
171 594 440 675 theologorumque
454 599 641 660 omniumde
654 599 797 659 libertate
845 605 876 659 ct
896 598 1075 660 difficillima
1101 600 1227 660 domina
1251 601 1442 675 necessitate,
1460 608 1613 680 quantum

60 685 194 747 senentis.
217 688 304 748 Certe
325 690 356 749 S.
386 689 522 750 Thomas
549 691 709 763 libertatis,
733 692 796 751 sive
846 689 910 749 fieri
926 691 1174 769 potest,libereta
1183 691 1231 766 sit,
1239 693 1371 753 recusari
1379 692 1450 770 jure
1463 700 1611 771 meretur,

61 775 251 838 bberimbitrii
263 779 416 840 rationem
433 799 472 842 ex
489 781 583 861 eipso
601 783 731 842 rationis
748 783 797 860 ju·
846 783 928 860 quod
942 783 1139 845 liberatorem
1160 802 1252 845 suum
1267 802 1331 845 uon
1345 784 1457 847 colatt.
1475 806 1490 843 υ
1511 787 1615 865 Pergit

61 869 123 927 dicio
134 870 244 948 repetit,
254 871 338 949 quod
351 872 521 933 addiversa
532 891 565 934 se
578 874 680 949 babet,
693 880 795 935 etnon
844 869 957 930 deinde
971 871 1132 932 bominem
1154 892 1174 933 a
1185 875 1247 933 Deo
1266 879 1404 933 creatum
1418 873 1518 935 dicere
1533 876 1615 936 solu·

61 959 325 1022 estdeterminstum
338 964 543 1026 adunnm¹.n
566 966 608 1037 lte
622 984 684 1044 quo
698 965 798 1031 fusius
844 963 924 1035 tum,
949 978 985 1019 ac
1006 959 1150 1035 liberum,
1173 961 1225 1039 qui
1254 962 1442 1040 spontaneis,
1456 981 1491 1024 ae
1508 962 1614 1025 liberis

62 1048 206 1113 adleuatio
231 1052 380 1115 Phariaca
411 1054 608 1118 Vincentianoe
626 1056 794 1136 disputavi.
844 1055 951 1110 utatur
971 1053 1200 1129 operationibus
1219 1053 1259 1112 ob
1287 1072 1357 1113 eam
1380 1072 1459 1131 rem,
1473 1059 1508 1114 ut
1532 1055 1614 1116 bona

61 1159 123 1201 nus
135 1143 219 1220 Cujus
237 1152 268 1205 et
281 1146 427 1207 adversus
440 1148 654 1210 auctoritatem
667 1150 794 1210 sanetis.
844 1142 953 1218 sciens,
975 1148 1006 1203 et
1018 1144 1120 1219 mala;
1142 1151 1172 1205 et
1185 1145 1397 1218 honestorum,
1413 1146 1613 1227 turpiumque

60 1232 113 1293 dmi
123 1234 428 1314 flflufldooporigvuna‚
439 1239 792 1320 etjneppaestexoeptiog
844 1234 1061 1311 cogitationem
1078 1236 1221 1314 eapicns3
1238 1244 1329 1316 etque
1352 1237 1386 1297 in
1406 1238 1502 1316 justa,
1518 1246 1549 1300 et
1562 1241 1612 1300 in·

61 1323 131 1383 ulum
143 1344 202 1387 esse
221 1326 384 1390 libertatem
404 1329 575 1408 voluntatis,
589 1333 684 1394 aliam
706 1332 795 1393 libert
839 1324 934 1403 justa,
952 1332 992 1397 et,
1009 1332 1114 1387 utuno
1125 1327 1221 1388 verbo
1236 1328 1432 1408 complectar,
1445 1333 1478 1389 ln
1489 1348 1613 1409 eaque

60 1414 175 1492 alitam
189 1434 279 1498 qum
292 1421 360 1500 ejus
373 1422 600 1486 cavillationem
618 1425 653 1486 in
667 1424 795 1486 Ειρῃροῑ
843 1422 916 1477 sunt
929 1417 1051 1479 virtutis
1065 1423 1096 1479 et
1106 1419 1173 1480 uitii
1187 1419 1322 1499 propria,
1338 1421 1457 1482 sineere
1471 1422 1612 1485 animum

61 1509 133 1586 rapite
144 1518 222 1573 sexto
234 1513 462 1592 perimimus,
844 1508 1020 1584 intendens,
1043 1510 1171 1571 meliora
1186 1512 1291 1591 eligat,
1306 1512 1465 1591 fugiatque
1492 1521 1613 1576 eontra-

88 1600 160 1663 Nnnc
172 1603 259 1682 htrjus
280 1605 321 1666 de
344 1606 434 1667 liberi
450 1604 572 1666 arbitrii
592 1605 696 1666 radice
710 1625 795 1667 com·
843 1601 900 1661 ria.
921 1603 988 1675 Quo
1010 1603 1088 1665 illud
1109 1605 1333 1665 Deuteronomii
1354 1606 1510 1684 pertinere
1532 1607 1611 1684 ait’,

11 1728 45 1771 μ.
60 1692 139 1752 nanis
152 1702 288 1776 upupa,
307 1697 561 1777 adstipulatorem
593 1698 673 1758 dabo
692 1699 793 1759 Philo·
843 1692 920 1753 Ecce
928 1696 1017 1772 posui
1029 1703 1096 1756 ante
1104 1694 1212 1773 sociem
1227 1704 1308 1757 tuom
1324 1697 1583 1760 vitametmortem
1600 1720 1610 1760 .·

11 1772 25 1815 ¹
60 1784 255 1848 renludaum
267 1807 275 1849 :
286 1789 377 1868 eujus
385 1788 646 1850 luculentissimus
656 1796 702 1850 ost
709 1790 795 1851 loeus
844 1782 961 1855 omum,
972 1794 999 1846 θί
1009 1786 1123 1847 malum
1139 1807 1150 1846 ·'
1166 1788 1241 1868 elide
1259 1788 1362 1848 vitam·
1385 1791 1504 1862 Quibus
1517 1810 1611 1871 0¹P0·

59 1873 165 1937 inbbro
185 1877 218 1939 de
244 1880 490 1943 {aemulabilitate
511 1880 571 1942 dei
592 1899 600 1941 :
625 1882 677 1941 uhi
700 1888 732 1943 et
756 1884 794 1944 de
843 1876 909 1938 silis
933 1878 978 1937 ita
1001 1879 1136 1959 denique
1161 1881 1316 1965 concludit
1336 1900 1343 1942 ι
1370 1902 1385 1939 ο
1412 1883 1491 1943 Hinc
1515 1884 1612 1963 igitur

59 1963 132 2027 libra
149 1967 277 2032 bominis
300 1973 470 2043 voluntate,
487 1990 523 2032 ac
545 1972 643 2033 libero
666 1973 794 2035 arbitrio
843 1968 936 2029 ambo
955 1969 1009 2030 illa
1029 1970 1196 2047 discimus3
1213 1978 1279 2032 tum
1301 1973 1445 2035 homines
1458 1974 1611 2052 ejusmodi

60 2057 167 2133 pube.
192 2071 394 2145 accurateque
422 2064 567 2143 disputat.
599 2065 678 2125 Hine
699 2066 794 2144 igitur
842 2060 1025 2137 assessores,
1041 2062 1256 2136 othonorum,
1272 2065 1364 2124 ethis
1383 2067 1609 2128 contrariorum

59 2151 178 2212 nonnulla
196 2154 592 2229 delibabimusulllentem,
613 2156 663 2217 vel
683 2158 794 2218 intelli-
842 2152 971 2213 seientes
991 2153 1071 2228 sint;
1094 2160 1162 2215 tum
1183 2157 1307 2216 eosdem
1321 2157 1433 2218 debere
1448 2176 1504 2236 pro
1528 2159 1611 2220 dete·

58 2242 162 2311 amdam
172 2246 265 2307 salam
280 2267 322 2309 ex
340 2249 485 2309 omnihus
498 2249 538 2309 ab
561 2248 628 2327 ejus
652 2251 793 2328 genitore
842 2243 975 2304 rioribus
982 2244 1095 2323 eligere
1110 2247 1230 2325 potiora
1241 2266 1247 2307 :
1257 2265 1329 2308 eum
1342 2248 1610 2313 ratiocinationem

58 2328 167 2396 libertate
191 2337 319 2400 donatas
343 2358 408 2402 esse
426 2340 520 2401 dicit:
540 2343 591 2420 qui
608 2342 794 2402 necessitatis
841 2334 900 2394 tibi
921 2336 1046 2398 insitam
1062 2338 1206 2411 habeant,
1225 2345 1374 2419 tflssqssflm
1394 2337 1610 2422 incorruptum

59 2423 154 2486 sucula
164 2429 314 2507 relaxans,
330 2431 464 2493 solutam
478 2432 606 2505 dimisit,
618 2438 649 2493 et
659 2433 793 2495 maxime
837 2425 987 2503 judicem,
1003 2448 1073 2509 quae
1085 2429 1123 2490 iis
1137 2433 1331 2507 assentiatur,
1347 2451 1417 2512 quae
1432 2440 1516 2495 recta
1527 2435 1607 2496 ratio

59 2518 222 2582 apremonte
236 2521 295 2595 illi,
312 2541 347 2582 ae
365 2524 492 2602 propria
504 2522 611 2584 libem
625 2524 793 2586 voluntatis
840 2520 987 2597 suggerit,
1004 2527 1035 2582 et
1046 2522 1224 2583 adversetur
1237 2522 1610 2605 iis,quaeeontrariaprae·

58 2611 211 2682 mastalone
224 2614 387 2676 donatam,
400 2615 524 2676 Etenim
534 2615 635 2676 brutae
649 2618 791 2678 animan·
841 2609 946 2689 cipiet.
964 2633 980 2669 υ
1007 2614 1126 2686 Quibus
1149 2615 1252 2676 verbis
1275 2615 1356 2691 lons,
1372 2622 1403 2677 et
1424 2618 1529 2695 origo,
1545 2619 1609 2680 sive

59 2701 99 2771 iffi,
111 2719 227 2779 ullarum
240 2707 357 2767 atrimae
365 2708 791 2788 mentemnonhebent,quae
839 2703 928 2763 radix
949 2703 1053 2765 liberae
1073 2705 1241 2767 voluntatis
1261 2709 1462 2787 exprimitur,
1483 2728 1553 2788 quas
1575 2711 1609 2771 in

58 2796 91 2847 cu
105 2791 227 2857 ίίθοιίαία
258 2798 403 2878 praedita,
431 2799 517 2860 velut
539 2800 626 2879 jugo,
643 2820 679 2861 aa
702 2801 791 2862 freno
840 2794 1013 2873 utriusque,
1037 2796 1113 2857 boni
1134 2798 1249 2859 seilicet
1270 2819 1305 2860 ac
1324 2801 1410 2877 mali,
1436 2801 1558 2877 notitia,
1578 2809 1609 2863 et

58 2886 203 2963 asanaa,
216 2888 399 2952 bominibus
411 2891 491 2952 dete
509 2898 583 2952 sunt
598 2893 638 2953 ad
651 2894 789 2954 ministe·
835 2885 952 2964 judicio
967 2889 1005 2950 de
1026 2895 1159 2968 utroque
1183 2890 1340 2967 consistit,
1356 2910 1414 2952 nee
1438 2898 1560 2953 uentum
1574 2894 1608 2954 in

56 2971 125 3049 num,
143 2978 180 3038 sic
204 2986 355 3061 mnqtram
377 2982 486 3042 famuli
512 2983 656 3045 dominis.
689 2985 789 3046 Homo
838 2978 924 3055 boni,
940 2980 1068 3055 etmali,
1083 2982 1300 3043 verumetiam
1317 2983 1608 3045 inhonorumduo-

56 3079 118 3141 tero,
130 3070 309 3134 cuiliberam
328 3073 513 3150 securitatem,
529 3094 564 3136 se
578 3076 626 3136 sui
644 3077 724 3154 juris
738 3097 788 3138 ar·
837 3087 910 3131 rum
923 3072 1110 3149 cognitione,
1131 3091 1168 3134 ae
1187 3073 1419 3153 dijudicatione,
1435 3076 1517 3154 quod
1532 3076 1608 3138 alius

56 3151 153 3220 biblum
176 3181 262 3226 nosse
282 3183 466 3226 coracessum
493 3172 556 3240 est,
582 3168 727 3247 quodque
749 3188 788 3231 ex
837 3163 1040 3225 ostendimus.
1065 3165 1204 3244 Denique
1231 3184 1301 3226 cum
1328 3166 1427 3227 libera
1447 3168 1555 3230 electio
1570 3188 1609 3230 es

55 3244 170 3315 electione
189 3257 300 3336 saepius
319 3258 394 3336 agit,
410 3260 522 3319 merito
533 3259 567 3318 in
586 3262 786 3339 vituperatio·
838 3254 1123 3332 deliberationem
1142 3258 1272 3319 consilio
1291 3259 1501 3338 proficiscatur
1518 3280 1525 3321 ι
1543 3281 1608 3322 non

54 3354 108 3399 [θῶ
118 3343 244 3422 incurrit,
256 3367 331 3410 eum
338 3350 446 3422 sciens,
454 3351 651 3430 prudensque
661 3360 765 3431 peceat
777 3374 785 3415 :
836 3347 931 3425 possit
944 3353 1048 3408 eutem
1062 3348 1237 3425 deliberari,
1246 3352 1472 3413 auteonsilium
1486 3352 1605 3429 haberi,

54 3425 149 3495 laudem
161 3456 228 3500 vero
241 3447 382 3502 meretur
395 3440 435 3501 ob
454 3441 497 3518 id,
513 3442 596 3520 quod
609 3450 718 3520 sponte
731 3462 787 3506 sua
835 3437 896 3498 nisi
919 3438 958 3499 de
985 3439 1107 3500 duobus
1134 3441 1261 3515 saltem,
1290 3461 1360 3521 quae
1388 3450 1608 3523 comparentur

53 3532 115 3583 reue
124 3525 197 3590 facit,
214 3532 296 3593 Nam
319 3539 513 3607 austerorum,
530 3534 614 3595 velut
627 3535 783 3614 stirpium,
835 3528 917 3589 inter
930 3548 973 3605 se,
988 3536 1025 3590 ut
1038 3532 1113 3610 qnid
1126 3533 1176 3593 cui
1189 3535 1333 3611 anteponi
1349 3534 1459 3596 debeat
1473 3537 1607 3597 aestime-

54 3616 76 3670 et
89 3619 284 3702 animantium,
316 3644 418 3705 neque
439 3625 612 3687 fertibtates
636 3627 670 3687 in
692 3628 784 3691 laude
833 3625 885 3680 tur
912 3641 920 3681 ι
944 3640 1070 3698 prorsus
1096 3641 1136 3683 ex
1159 3641 1196 3684 eo
1222 3642 1278 3685 sue
1304 3626 1458 3687 voluntati
1484 3633 1606 3690 constat

53 3718 198 3787 ponuntur,
221 3734 323 3795 ireque
342 3717 517 3777 sterilitates
540 3719 780 3797 vituperantur:
836 3712 972 3787 libertas,
988 3716 1072 3793 quod
1087 3716 1177 3795 plura
1191 3716 1322 3796 proponi
1337 3718 1377 3778 ab
1395 3725 1543 3781 mentesa
1556 3738 1606 3781 re·

53 3794 170 3875 §miden
199 3810 354 3871 motiones
385 3808 420 3869 in
449 3814 613 3890 utramque
654 3820 786 3892 partem,
835 3805 922 3866 tione
936 3812 1074 3884 possunt,
1090 3814 1121 3867 et
1137 3808 1175 3871 de
1188 3809 1318 3886 singulis
1329 3827 1386 3871 sua
1399 3811 1466 3872 lieri
1478 3812 1605 3891 judicie,

53 3893 261 3961 stipulationes
287 3900 323 3960 in
348 3900 496 3962 electione
523 3919 579 3961 aua
600 3905 724 3982 positas,
753 3924 788 3967 οη
835 3915 906 3976 quae
919 3898 1096 3978 ancipitem,
1106 3900 1176 3961 etin
1190 3905 1541 3981 utrumqucversatilem
1554 3905 1607 3966 eli-

52 3975 138 4046 llbetss
159 4006 218 4050 uon
251 3991 381 4053 babent.
410 3993 482 4055 Sola
514 3999 619 4054 autam
650 3995 787 4058 hominis
834 3989 929 4068 gendi
941 3987 1119 4053 facultatem
1132 3992 1257 4055 habent.
1270 3995 1371 4073 Atque
1384 3995 1444 4057 boc
1456 4005 1606 4076 praeterea

76 4183 184 4281 ρΡΙιιο.
202 4192 287 4261 θίόνην
301 4192 350 4265 γάρ
361 4192 434 4262 αὐτὴν
456 4194 601 4267 όγιννήαας
621 4196 702 4269 πατὴρ
716 4195 783 4252 ilea-
833 4201 874 4255 καὶ
885 4202 1023 4274 μεταθολάς
1037 4203 1269 4278 ἀπροαιρέτους,καί
1284 4204 1412 4270 ἀκουσίους
1426 4207 1524 4263 ἔλαθον·
1541 4213 1604 4282 μόνη

52 4263 203 4360 &tutilone
223 4277 264 4329 καί
286 4275 319 4330 τά
337 4281 381 4343 τῆς
395 4276 501 4350 ἀνάγιιης
514 4276 577 4343 ἀνεὶς
590 4279 679 4351 δισρά,
696 4280 784 4351 ἀριτον
834 4284 889 4353 δίη
905 4284 1042 4359 ἀνθρωπίνη
1061 4287 1126 4360 ψυχὴ
1147 4288 1264 4361 attane»,
1285 4290 1352 4363 παρά
1369 4292 1424 4344 θεοῦ
1439 4290 1482 4360 τὴν
1495 4292 1604 4348 ἑκούσιον

52 4362 118 4421 wit,
130 4355 294 4430 θυρηαάρινος
301 4358 415 4431 αότῇτοῦ
425 4362 685 4433 πρεπωδεστάτου,καί
695 4362 785 4418 οίκιίου
833 4367 936 4435 κίνησιν,
952 4370 994 4422 καί
1006 4369 1070 4424 κατά
1082 4378 1156 4425 τοῦτο
1179 4373 1327 4443 ementito«
1341 4371 1419 4445 αὑτῷ,
1434 4376 1543 4447 χαλεπῆς
1565 4394 1602 4443 τι,

50 4431 144 4500 ‘dilutos
156 4438 220 4512 step
233 4447 278 4496 τοῦ
293 4441 405 4495 ίκουοίου
421 4446 518 4516 ροῖραν.
534 4444 571 4497 Τά
586 4443 629 4516 plu
644 4443 691 4517 γάρ
706 4445 785 4518 ἀλογα
833 4449 875 4503 καί
897 4449 1091 4523 ιίργαλιωτάτης
1108 4455 1237 4523 δισποίνης
1256 4459 1300 4523 τῆς
1315 4455 1420 4527 ἀνάγκης
1440 4458 1475 4519 ὡς
1497 4451 1553 4512 οίον
1576 4477 1603 4513 τι

50 4510 131 4577 laeda
143 4524 191 4582 ταῖς
203 4523 294 4597 ἀμυχαῖς
309 4525 338 4578 τό
355 4523 523 4598 ίξαιροιίρινον
541 4526 573 4591 εἰς
582 4526 717 4600 ἐλευθερίαν
729 4534 785 4594 νοῦς
834 4529 1030 4605 ίλιυθερωθιῖαα,
1044 4537 1190 4608 κατηγορίας
1202 4538 1231 4590 ἀν
1246 4539 1350 4600 δεόντως
1363 4540 1490 4611 τυγχάνοι,
1506 4540 1544 4594 ότι
1560 4540 1602 4594 τόν

50 4590 81 4645 οὖν
91 4596 141 4663 ἔστι,
150 4606 349 4679 mate-qoem,
362 4608 402 4660 καί
417 4606 611 4681 ἐγχαλινωθέντα
619 4610 680 4682 πρός
693 4610 782 4683 ὓπηρε-
834 4611 1031 4689 ἐλευθερώσαντα
1043 4618 1071 4673 οὗ
1081 4621 1198 4692 περιίπει.

49 4674 89 4726 ua
103 4678 223 4754 ἀνθρώποις
240 4690 414 4760 παραδίδοται,
436 4692 519 4763 ὥσπερ
532 4690 624 4746 οἰκέται
642 4694 781 4757 δεσπόταις.
869 4696 886 4753 θ
906 4698 973 4754 lbid.
994 4696 1088 4755 Οὔκουν
1106 4701 1233 4774 ἀμφότερα
1247 4702 1287 4756 διά
1302 4702 1374 4756 τοότο
1392 4703 1547 4775 παρίσταται,
1563 4705 1601 4759 ότι

49 4754 86 4810 ίίί
96 4762 205 4835 hippace
217 4767 414 4845 ἔλευθερουργοΰ,
428 4774 470 4826 καί
488 4774 677 4828 attentissimos
691 4780 781 4848 γνῶσιν
831 4779 872 4832 καί
882 4776 1040 4855 ἔπισςήμονες
1053 4790 1102 4838 τῶν
1118 4784 1216 4856 ἀγαθῶν
1228 4785 1268 4837 καί
1282 4791 1331 4838 τῶν
1347 4781 1460 4838 ἐναντίων
1474 4788 1601 4860 γεγόνασ·ν

48 4836 120 4913 λῆθ’,
129 4850 165 4901 καί
177 4857 355 4925 προαιροτικαῖς
368 4856 497 4928 χρώμενος
507 4855 539 4908 τά
549 4855 633 4909 πολλά
648 4860 703 4920 ταῖς
717 4856 783 4932 ἔνιρ-
832 4863 855 4916 οἱ
869 4864 1002 4936 ἀνθρωποι,
1021 4868 1060 4919 καὶ
1072 4867 1197 4939 ὀφείλουσι
1210 4868 1258 4939 πρό
1279 4874 1329 4921 τῶν
1348 4870 1466 4941 χειρόνων
1482 4869 1601 4944 αἷρεῖαθαι

47 4922 112 4990 net,
126 4928 217 4997 εἰκότως
236 4936 313 5008 ψόγον
335 4936 378 5010 μὲν
402 4936 473 5011 ἔσχεν
497 4936 534 5009 ἀφ’
557 4934 596 5001 οίς
617 4936 643 4992 bt
665 4941 782 5013 προνοίας
831 4944 862 5001 τά
874 4946 1011 5019 κρείττονα,
1025 4949 1144 5022 λογισμόν
1165 4949 1265 5022 ἔχοντες
1286 4948 1310 5002 ἔν
1331 4947 1436 5017 ἑαυτοῖς,
1450 4952 1533 5027 ὥσπερ
1546 4955 1600 5010 τινὰ

47 5000 112 5060 W·
124 5011 215 5070 ίταινον
234 5018 271 5083 dl,
287 5017 323 5091 ἀρ’
337 5014 376 5082 οίς
389 5019 449 5074 ἑκὼν
465 5022 590 5093 κατορθοῖ.
605 5027 655 5078 τῶν
675 5021 718 5095 μὲν
733 5023 781 5097 γάρ
830 5027 945 5097 δικαστὴν
961 5030 1160 5104 ἀδωροδόκητον,
1174 5024 1213 5095 οἷς
1223 5034 1251 5085 ἂν
1267 5032 1281 5085 ό
1300 5030 1369 5105 όρθδς
1380 5034 1456 5107 λόγος
1471 5034 1598 5111 όποόάλλη

47 5084 192 5165 maipa„
209 5118 246 5164 τι,
261 5104 302 5155 καί
315 5104 387 5165 ζώων
403 5103 460 5158 odet
474 5103 499 5156 αί
518 5103 627 5177 ιθρορίαι
645 5102 778 5175 testata,
829 5114 1029 5185 πεισθηαθρενον·
1045 5108 1083 5176 οἷς
1096 5114 1120 5168 δ’
1134 5116 1163 5168 ἀν
1178 5110 1320 5180 όίναντίος,
1336 5112 1508 5186 ἀπιιθνόοοντα.

47 5169 87 5224 ίίίῑ
96 5175 381 5257 νίκαιοπραγίαιψεαταί.
391 5186 433 5250 τάς
448 5186 541 5260 γθράρ’
555 5185 779 5262 ἓκάτιρακινηααις,

67 5354 177 5408 'th
189 5364 199 5409 l
209 5379 256 5425 par.
267 5382 290 5425 q.
300 5382 388 5424 uniit.
403 5376 445 5418 ιη.
457 5385 474 5419 1.
487 5368 540 5419 urle
553 5374 645 5420 Είαιιδ.
661 5374 725 5420 lter.
736 5371 827 5421 lincea.
841 5375 907 5422 beel·
916 5390 936 5423 ο.
951 5389 977 5423 ιι.
991 5398 1018 5414 -
1031 5378 1118 5427 θθυνι.
1128 5391 1176 5433 ux,
1190 5381 1224 5428 lb.
