4076 6180
316 342 378 409 688

822 344 1149 412 ΤΗΒΟΙιΟῦΙιιΟιιΰΜ
1169 346 1388 414 ὓΟῦΜΑΤῦΜ
1420 436 1428 459 x

316 528 382 573 neu
403 510 448 573 its
466 510 607 592 impensa
626 516 672 574 cst
693 511 833 574 humano
851 510 969 590 generi,
984 514 1021 571 ut
1043 508 1081 571 ad
1132 511 1281 590 quonlam
1305 512 1337 574 id
1360 512 1529 576 uolumus?
1543 514 1632 589 Quod
1654 514 1681 576 st
1694 515 1896 589 wtecsdentl,

315 602 561 681 redemptionem
586 604 652 682 ejus
679 603 773 664 etiam
800 603 855 682 qul
881 598 1083 681 regenerandi
1133 606 1164 661 et
1177 601 1317 664 absoluta
1336 603 1493 666 voluntate
1516 605 1647 666 salntem
1666 608 1747 667 Dens
1760 606 1899 667 obtinens

316 711 381 754 nen
395 699 493 769 erant,
509 697 699 774 pertinerent
715 695 788 755 :sed
805 696 860 768 ita,
883 700 918 754 ut
931 692 1014 773 qnod
1028 709 1084 771 per
1134 692 1212 753 nolit
1223 695 1383 773 reprobos,
1406 701 1469 757 tem
1489 697 1529 756 sd
1543 697 1629 757 illam
1653 698 1815 774 pervenire
1838 714 1900 758 non

318 786 448 847 unicum
465 787 643 866 exemplum
654 796 777 865 gestum
791 792 836 847 est
848 806 904 865 pro
919 784 1081 851 universis.
1133 797 1273 863 possunt,
1301 806 1395 866 quam
1418 794 1473 849 ιιιιι
1492 789 1609 866 volare,
1632 795 1687 849 aut
1712 790 1902 851 immortales

317 896 373 956 per
394 879 549 957 singulare
568 885 798 941 sacramentum
821 878 1028 939 celebraretur
1050 874 1084 934 in
1134 894 1200 937 esse
1212 896 1220 951 ;
1234 882 1288 938 aut
1314 897 1425 940 eorum
1438 880 1555 960 aliquid
1568 880 1726 959 consequi,
1747 884 1830 960 qued
1844 882 1901 942 lio-

317 971 456 1048 singutis.
467 970 992 1051 l‘oculumquippeimmortalitatis,
1001 967 1085 1047 quod
1135 969 1273 1030 minibus
1286 978 1397 1033 tratura
1409 973 1545 1052 negavit.
1562 974 1655 1053 Atqui
1668 974 1768 1034 llerrm
1781 973 1904 1035 vellem

317 1063 492 1125 coniectum
506 1070 552 1125 est
565 1065 603 1125 ‹le
617 1064 796 1124 infirmitate
811 1067 964 1137 nostrast
971 1062 1084 1120 virtute
1135 1058 1231 1120 iidem
1253 1062 1299 1122 illi
1318 1064 1454 1143 reprobi,
1470 1065 1524 1145 qui
1541 1063 1676 1145 qnandiu
1697 1064 1813 1138 minet,
1827 1066 1904 1128 eet

317 1156 433 1231 divina,
450 1156 544 1216 habet
556 1156 682 1235 quidem
695 1157 728 1215 in
743 1174 787 1231 se,
802 1161 838 1215 ιιι
857 1151 1002 1214 omnibns
1011 1170 1085 1232 pro-
1135 1170 1192 1211 eese
1206 1172 1262 1213 non
1273 1164 1403 1235 poseant,
1419 1162 1450 1217 et
1463 1157 1601 1218 velintct
1614 1157 1732 1237 possint
1743 1156 1901 1233 essemlri,

317 1248 367 1325 sit,
383 1249 436 1309 sed
449 1248 476 1309 si
489 1267 554 1308 non
563 1248 693 1323 bibitur,
709 1266 772 1309 nen
780 1247 933 1308 medetur.
948 1246 1038 1318 »Quo
1052 1243 1085 1304 in
1135 1245 1269 1324 Prosper
1292 1245 1407 1309 ibidem
1434 1248 1646 1310 concludendo
1676 1249 1720 1309 sic
1745 1251 1900 1311 affirmet:

317 1341 384 1401 loeo
419 1342 552 1421 Prosper
587 1340 700 1401 Christi
731 1340 963 1419 perpessionem
993 1342 1085 1415 atque
1139 1338 1222 1398 «Dei
1237 1356 1311 1418 ergo
1325 1340 1534 1414 voluntesest,
1550 1350 1586 1402 ut
1600 1342 1634 1402 iu
1649 1342 1731 1403 bona
1744 1341 1903 1405 voluntate

318 1438 462 1506 mortem,
479 1439 632 1513 quantam
646 1434 679 1493 in
691 1433 758 1511 ipsa
769 1438 825 1507 est,
834 1437 865 1492 et
877 1450 915 1491 cx
927 1430 1085 1490 voluntate
1136 1437 1316 1492 marcaon:
1331 1434 1385 1511 qui
1399 1439 1430 1494 et
1448 1434 1534 1514 prius
1556 1452 1650 1513 quam
1668 1434 1837 1511 deseratur,
1850 1452 1904 1497 ne-

318 1526 469 1602 crucifixi,
486 1526 637 1586 universis
651 1525 800 1604 profuisse
822 1524 914 1584 dicit:
931 1522 1015 1601 qnod
1028 1540 1083 1582 aa·

317 1613 1084 1696 temejusfructusnonedamnesreipsepertinet,

318 1728 387 1770 eam
401 1728 526 1771 causam
538 1727 614 1777 csse,
628 1709 712 1787 quod
723 1709 763 1768 ad
785 1724 894 1769 omnes
907 1724 973 1766 non
985 1704 1084 1783 appli-

317 1809 412 1864 catur.
427 1802 521 1881 Atqui
535 1803 560 1862 si
568 1821 624 1882 pro
637 1799 838 1881 percuntibus
848 1817 911 1859 non
919 1797 969 1857 ille
980 1814 1086 1875 passus

317 1901 406 1968 esset,
431 1901 463 1956 ct
485 1913 536 1955 eos
559 1894 658 1954 salvos
682 1911 748 1954 esse
775 1891 925 1952 noluisset
942 1889 1082 1963 omnino,

318 1987 437 2048 etiamsi
460 1987 500 2047 ad
521 2005 574 2047 eos
603 1985 821 2065 applicaretur,
855 1982 954 2044 nihilo
987 1982 1085 2057 magis

317 2080 499 2159 prodesset:
520 2095 578 2139 nee
605 2077 750 2137 idoneam
774 2094 830 2136 cur
850 2094 915 2136 nan
938 2072 1086 2153 reprobos

316 2170 472 2243 liberaret,
493 2170 546 2230 sed
562 2169 746 2247 jocularem,
763 2173 794 2228 et
809 2168 948 2246 ineptam
961 2181 1086 2225 eausam

318 2263 450 2341 Prosper
463 2261 625 2322 attulisset.

357 2354 442 2414 Vlll.
464 2355 535 2414 lam
548 2372 621 2414 vero
636 2353 784 2432 reprobos
797 2352 887 2431 culpa
900 2349 1001 2431 perire
1015 2367 1082 2425 sua,

317 2465 390 2509 curn
404 2448 498 2521 Deus,
514 2445 706 2525 quantumin
720 2463 752 2505 se
766 2449 822 2517 est,
838 2443 938 2504 salvos
951 2441 1086 2503 eosvelit

318 2538 397 2616 fieri,
412 2538 572 2598 manifeste
585 2538 674 2598 docet
685 2537 767 2597 idem
790 2536 830 2606 in,
843 2534 1027 2615 responsione
1044 2533 1085 2593 as

320 2629 516 2711 objectionem
528 2630 681 2710 septimam
708 2627 942 2701 Vincesimum,
958 2644 1028 2705 quse
1042 2625 1085 2684 sie

317 2722 422 2797 habet,
440 2744 456 2781 ι
472 2722 560 2797 Quod
573 2720 835 2783 heecsitvoluntas
850 2718 916 2795 llei,
928 2724 962 2779 ut
972 2736 1085 2795 magna

317 2833 389 2895 pars
401 2814 647 2874 Christianorum
670 2812 753 2873 salva
772 2829 836 2873 esse
859 2830 915 2871 nce
927 2810 1011 2885 velit,
1027 2828 1085 2870 nee

317 2906 428 2988 possit3
455 2928 470 2963 ι)
497 2924 567 2986 quae
596 2905 727 2983 objectio
754 2903 878 2963 nullum
904 2903 1085 2963 Armoeanis

317 2998 479 3077 negotium
492 2998 574 3058 feeit.
591 2998 670 3058 Huic
685 2997 769 3057 enim
783 2995 865 3055 ultro
875 2995 1085 3055 assentiuntur

319 3090 400 3169 ipsi:
415 3089 491 3151 dum
505 3088 645 3150 absolute
659 3089 741 3149 nolle
753 3089 852 3148 lleum
866 3093 1008 3147 asserunt
1021 3104 1086 3145 rna·

315 3181 419 3261 jerem
442 3182 687 3242 Christianorum
713 3185 833 3258 partem
859 3177 927 3238 lieri
950 3178 1083 3252 salvam,

319 3274 446 3354 quodsi
467 3291 577 3334 verum
600 3279 656 3348 est,
674 3272 805 3332 salutem
831 3289 932 3350 neque
957 3275 1087 3348 pessunt

318 3365 444 3447 adipisci
469 3385 475 3425 :
499 3384 602 3445 neque
627 3363 706 3425 velle
731 3368 972 3444 perseveranter,
999 3367 1030 3422 et
1052 3368 1088 3423 ιιι

319 3464 450 3537 oportet.
462 3459 531 3519 Nan
545 3458 588 3519 ita
601 3458 750 3536 Prosper3
768 3457 821 3516 sed
834 3455 894 3516 boc
907 3454 1084 3533 respondet:

324 3577 337 3604 ι
352 3552 383 3611 Si
402 3552 441 3611 de
464 3550 512 3610 his
537 3551 596 3610 hoe
618 3549 741 3622 dicitur,
755 3548 809 3628 qni
831 3552 977 3627 pietatem
997 3547 1084 3606 Clui-

317 3644 424 3704 suane
444 3640 697 3713 conversationis,
713 3647 743 3701 et
763 3640 836 3700 fidei
850 3640 1037 3712 deserentes,
1052 3639 1085 3699 in

317 3733 462 3814 profanos
487 3751 617 3808 errores,
633 3739 687 3792 ιιιιι
711 3731 746 3791 in
768 3729 963 3808 damnabiles
983 3747 1085 3789 mores

316 3826 556 3888 irrevocabiliter
581 3824 782 3899 transierunt,
798 3841 861 3882 non
881 3820 1011 3882 dubiam
1026 3826 1083 3899 est,

316 3919 400 3999 quod
420 3918 515 3980 talem
541 3916 732 3979 voluntatem
751 3914 902 3975 habentes
925 3913 1001 3973 salvi
1020 3931 1084 3973 esse

315 4011 428 4072 nolunt
443 4028 450 4070 :
464 4018 496 4072 et
517 4008 655 4089 quandiu
677 4006 752 4068 salvi
775 4024 840 4067 esse
863 4004 985 4077 uolunt,
1009 4005 1085 4064 salvi

317 4121 382 4164 esse
396 4122 458 4164 uon
472 4107 619 4181 possunt;
637 4098 782 4161 scdnullo
793 4098 886 4158 modo
896 4097 1085 4157 eredendum

1136 1520 1254 1582 minem
1278 1522 1391 1586 deserit
1409 1544 1416 1585 :
1432 1532 1464 1587 et
1488 1525 1604 1587 maltos
1629 1527 1801 1588 desertores
1822 1546 1904 1608 saepe

1136 1615 1327 1676 convertit.»
1346 1618 1488 1679 Potestne
1511 1618 1571 1679 dici
1591 1618 1761 1697 quidquam
1782 1636 1904 1700 expres·

1136 1704 1209 1782 sius,
1222 1725 1316 1786 quam
1326 1709 1380 1770 illa
1394 1710 1549 1787 istasunt,
1565 1711 1678 1789 quibus
1695 1733 1711 1769 ι
1725 1713 1776 1773 Dei
1795 1712 1905 1774 rolen-

1135 1802 1231 1859 tatem
1244 1801 1289 1862 ait
1305 1819 1370 1863 esse
1396 1802 1527 1882 Prosper
1539 1807 1575 1863 ut
1592 1802 1625 1862 in
1644 1800 1727 1864 bona
1746 1804 1905 1866 voluntate

1135 1897 1318 1968 maneatur3
1337 1917 1349 1950 ι
1366 1894 1424 1955 boc
1450 1900 1496 1956 est
1517 1894 1742 1972 perseveretur?
1756 1897 1851 1969 Quod
1880 1898 1906 1959 si

1136 1998 1331 2059 perseverare
1346 1985 1414 2046 vult
1440 1986 1471 2046 in
1487 1991 1629 2066 suscepta
1648 1986 1731 2047 hona
1745 1988 1906 2050 voluntate

1135 2075 1283 2153 reprobos
1298 2078 1396 2153 Deus;
1412 2078 1513 2141 salvos
1536 2078 1643 2157 utique
1656 2079 1724 2140 vult
1743 2080 1813 2141 fieri
1826 2100 1838 2140 .·
1850 2083 1907 2143 sod

1138 2171 1266 2228 eatenus
1294 2170 1376 2230 siet
1402 2170 1461 2249 ipsi
1488 2171 1584 2232 vebat
1612 2190 1619 2231 ι
1649 2171 1733 2251 quod
1758 2173 1908 2235 adversus

1137 2257 1338 2337 dogmatistes
1359 2278 1457 2323 novos
1476 2262 1752 2324 demonstrandum
1764 2263 1836 2326 tuit.
1856 2268 1909 2328 Sic

1136 2349 1170 2408 in
1203 2350 1397 2431 Respornione
1410 2352 1451 2414 od
1466 2353 1659 2434 Oljectlonem
1674 2354 1813 2416 ultimam
1834 2358 1907 2419 Viu-

1137 2443 1316 2513 eentlooom,
1343 2448 1490 2525 reprobos
1514 2446 1639 2507 eosdem
1671 2449 1725 2520 eit,
1753 2467 1860 2511 ocum
1889 2471 1907 2512 s

1136 2533 1250 2612 pietate
1260 2537 1418 2611 deficiunt,
1433 2556 1496 2599 neu
1506 2556 1546 2599 ex
1557 2538 1725 2617 Deiopere,
1735 2541 1787 2601 sed
1799 2558 1908 2603 exsere

1136 2626 1295 2713 voluntate
1305 2628 1447 2705 deficere,
1461 2648 1519 2690 nac
1530 2630 1649 2709 impelli
1662 2637 1697 2691 ut
1710 2632 1833 2709 eadent,
1844 2652 1906 2697 nce

1136 2717 1204 2795 ejici
1231 2727 1266 2779 ut
1286 2722 1440 2783 deserant.
1464 2722 1573 2782 Casuri
1599 2727 1715 2798 tamen,
1741 2724 1859 2803 inquit,
1875 2734 1908 2789 et
2020 2778 2021 2781 ,

1134 2811 1282 2872 recessuri
1295 2812 1391 2889 abeo,
1399 2814 1451 2892 qui
1463 2813 1528 2873 ialli
1537 2832 1602 2874 non
1611 2820 1720 2892 potest,
1734 2819 1906 2894 prescian-

1136 2906 1198 2962 tur.
1215 2924 1226 2960 ι
1250 2904 1343 2983 Atqui
1358 2905 1450 2984 paulo
1472 2910 1545 2966 ante
1563 2904 1641 2965 illud
1658 2906 1905 2983 observavimsm,

1136 2994 1174 3055 de
1185 3012 1247 3075 quo
1262 3013 1355 3056 nemo
1369 3014 1462 3057 seniis
1474 2995 1605 3072 (tubitet,
1620 3014 1691 3058 cum
1702 2999 1744 3059 sic
1757 3000 1906 3077 diurnus,

1136 3105 1173 3147 er
1188 3096 1287 3148 nostro
1307 3086 1455 3149 voluntate
1475 3089 1592 3168 aliquid
1609 3090 1760 3162 accidisse,
1777 3091 1841 3156 hoc
1860 3101 1909 3156 est

1136 3180 1210 3258 quia
1226 3181 1269 3241 sic
1294 3180 1462 3253 voluimus,
1477 3181 1629 3261 implicari
1648 3179 1681 3241 in
1698 3200 1734 3243 es
1746 3181 1908 3249 locutione

1137 3289 1262 3332 sensum
1274 3273 1507 3351 hujusmodi,ut
1516 3274 1539 3334 si
1550 3274 1764 3351 noluissemus,
1772 3276 1909 3341 minime

1137 3363 1214 3424 illud
1226 3371 1411 3426 eventuram
1433 3364 1536 3425 fuerit.
1560 3366 1707 3440 Quocirca
1728 3368 1754 3427 si
1776 3372 1909 3449 reprobi

1137 3455 1198 3528 isti,
1229 3457 1283 3535 qui
1310 3456 1383 3537 qnia
1408 3456 1574 3518 voluerunt
1596 3477 1615 3518 ιι
1634 3459 1696 3519 Deo
1714 3458 1907 3537 deiecerunt,

1138 3548 1268 3609 delicere
1294 3549 1424 3624 nollent,
1443 3549 1475 3609 in
1499 3568 1536 3610 eo
1556 3558 1796 3628 perseverarent,
1822 3556 1911 3634 quod

1138 3647 1305 3718 coeperant.
1336 3641 1405 3701 Non
1427 3640 1522 3718 igitur
1543 3642 1625 3702 Deus
1645 3641 1783 3704 absolute
1803 3649 1910 3724 perire

1138 3732 1207 3792 illos
1220 3733 1325 3807 voluit,
1342 3733 1395 3793 sed
1413 3734 1566 3814 perituros
1585 3735 1801 3797 tantammodo
1824 3758 1908 3819 prrs-

1137 3824 1234 3899 scivit,
1250 3827 1341 3886 nteit
1360 3828 1492 3905 Prosper
1509 3845 1516 3884 :
1533 3826 1590 3900 Qui
1606 3831 1637 3886 et
1659 3827 1693 3887 in
1713 3826 1910 3909 Ιιιιροιιιιαιι

1137 3914 1392 3996 adopertionem
1419 3917 1542 3978 tertiam
1565 3915 1729 3992 Gallorum,
1754 3924 1908 4001 reprobos

1137 3994 1210 4069 dicit
1229 4034 1243 4062 ι
1256 4028 1321 4071 nou
1334 4028 1374 4072 ex
1389 4028 1426 4071 eo
1447 4010 1657 4072 necessitatem
1676 4014 1829 4090 pereundi
1854 4017 1910 4080 ln-
2019 4062 2020 4071 ,

1135 4099 1249 4180 baisse,
1260 4102 1332 4181 quia
1347 4102 1557 4183 praedestinati
1574 4121 1639 4163 non
1653 4109 1727 4163 sunt
1744 4124 1751 4165 :
1767 4107 1824 4167 sed
1837 4108 1909 4171 ideo

316 4201 379 4271 est3
397 4193 575 4274 hujusmodi
593 4191 736 4252 hominos
750 4190 782 4250 in
797 4190 877 4250 hanc
891 4189 1083 4268 desperatio·

1135 4194 1368 4274 praedestinatos
1388 4212 1453 4254 non
1476 4212 1553 4271 esse,
1568 4195 1642 4273 quie
1654 4195 1732 4257 tales
1755 4195 1909 4263 faterier
2019 4218 2020 4221 ’

317 4306 390 4348 nem
403 4305 441 4347 ex
452 4284 506 4346 Dei
520 4284 679 4345 voluntate
693 4282 847 4344 cecidisse.
861 4304 876 4339 a
897 4281 931 4341 Si
950 4281 1017 4341 illos
1031 4280 1083 4341 eb·
1134 4285 1310 4347 voluntaria
1322 4285 1717 4366 praevaricationepraeseiti
1728 4295 1814 4351 sunt
1826 4312 1844 4348 s
1854 4292 1905 4365 Et,
2019 4346 2020 4357 ,

235 4444 239 4452 ,
316 4379 426 4455 solute,
456 4376 509 4458 qui
532 4376 683 4455 ejusmodi
704 4380 791 4446 sunt,
815 4374 848 4434 id
876 4378 921 4434 est
945 4372 1079 4451 reprobi,
1138 4397 1153 4433 ιι
1168 4378 1237 4439 Νοιι
1259 4378 1328 4440 ideo
1349 4378 1449 4439 relicti
1477 4384 1583 4439 sunta
1602 4379 1676 4455 Deo,
1692 4385 1729 4440 ιιι
1747 4381 1904 4463 relinque-
2019 4402 2020 4443 ὴ

315 4471 428 4533 salvari
451 4472 530 4531 llens
554 4468 660 4541 nollet,
684 4466 796 4527 salvari
819 4485 871 4526 eos
893 4464 1082 4544 impossibile
1133 4474 1203 4528 rent
1217 4470 1315 4530 Deum
1333 4492 1340 4530 ι
1356 4469 1410 4531 sed
1423 4469 1628 4549 reliquerunt,
1644 4479 1676 4531 et
1692 4471 1790 4534 relicti
1817 4482 1903 4552 sunt,

316 4570 404 4626 esset.
426 4564 531 4641 ltaque
545 4560 584 4621 dc
598 4560 645 4620 his
668 4558 752 4638 loqui
774 4558 830 4631 sic;
847 4555 914 4616 ldco
935 4575 991 4616 neo
1002 4575 1083 4636 posse
1133 4566 1213 4621 etex
1226 4561 1308 4622 bono
1324 4562 1357 4622 in
1371 4561 1491 4622 malum
1509 4563 1635 4642 propria
1648 4560 1810 4627 voluntate
1833 4586 1904 4630 rau·

315 4654 412 4717 salsus
423 4670 492 4727 esse·
506 4651 576 4732 quie
596 4650 700 4711 colunt
716 4668 725 4708 .·
741 4647 790 4708 vel
805 4646 935 4728 querula
958 4646 1079 4722 nolnot3
1132 4653 1188 4713 tati
1208 4658 1291 4727 sunt,
1308 4659 1402 4732 atque
1416 4654 1455 4714 ab
1479 4654 1537 4714 lrao
1560 4654 1631 4716 lieet
1653 4655 1773 4717 inerint
1790 4658 1903 4737 renati,

315 4746 451 4808 cavillari
461 4743 521 4805 bec
534 4747 623 4817 esset,
638 4747 669 4803 et
682 4740 845 4820 sophistice
857 4738 969 4818 nugari
984 4758 991 4798 :
1008 4757 1080 4818 per·
1131 4744 1249 4805 fuerint
1260 4746 1428 4824 justificati,
1439 4746 1478 4807 ab
1492 4765 1529 4807 co
1545 4752 1659 4821 nmen,
1676 4749 1732 4827 qui
1743 4749 1816 4811 illos
1827 4766 1906 4832 pm-

315 4836 388 4899 inde
401 4856 437 4898 ec
451 4836 476 4897 si
498 4837 566 4916 quis
594 4835 752 4895 demones
775 4833 892 4893 diceret
918 4836 1080 4909 propterea
1131 4837 1230 4913 scivit,
1241 4856 1304 4898 non
1319 4842 1392 4897 sunt
1406 4838 1655 4916 praedestinati.»
1669 4840 1709 4899 Et
1722 4840 1757 4900 in
1769 4858 1903 4922 respun-

314 4948 379 4991 non
407 4946 495 5007 posse
519 4925 641 5001 salvari,
668 4924 742 5004 quia
769 4922 892 4984 nolunt.
920 4922 1080 5001 Siquidem
1131 4929 1218 4989 sione
1243 4928 1283 4989 ad
1309 4929 1478 5008 capitulum
1503 4930 1735 5007 duodecimum,
1763 4934 1900 5009 «Vires,

313 5020 386 5080 huie
407 5016 555 5098 loquendi
576 5017 728 5091 formulae,
752 5034 808 5075 troo
827 5033 905 5095 pesse
923 5014 1091 5106 quippiam
1130 5019 1241 5098 inquit,
1257 5019 1440 5082 obedientie
1463 5040 1528 5082 noo
1554 5022 1624 5083 ideo
1651 5024 1799 5102 cuiquem
1826 5026 1900 5089 snb-

313 5110 458 5192 abaliquo
470 5109 551 5191 pieri,
567 5110 638 5189 qnia
652 5108 738 5182 nolit,
760 5125 832 5169 eum
850 5107 889 5167 ab
908 5125 972 5167 non
994 5106 1079 5168 fatuo
1130 5114 1234 5186 tramt,
1249 5112 1322 5191 quie
1335 5131 1408 5174 eum
1420 5131 1483 5174 uon
1496 5113 1747 5193 predestinavit:
1763 5117 1900 5197 sedqeis

312 5203 441 5263 bomine
452 5202 617 5281 profertur,
633 5200 736 5262 subest
750 5200 803 5260 illa
817 5200 916 5275 notio,
926 5200 972 5259 uti
987 5200 1076 5275 velle,
1129 5220 1323 5264 recessurum
1335 5204 1374 5265 ab
1384 5205 1451 5283 ipsa
1464 5205 1641 5267 obedientia
1650 5208 1895 5288 esseprssvidit.»

312 5293 363 5355 vel
385 5293 467 5353 nolle
490 5292 525 5351 in
550 5291 616 5369 ejus
640 5290 778 5366 arbitrio,
795 5298 826 5352 ct
849 5296 997 5370 potestate
1025 5292 1075 5352 sit.
1130 5306 1132 5309 ·
1170 5296 1227 5356 ιΧ.
1250 5296 1319 5357 Νοιι
1334 5297 1439 5357 minus
1462 5297 1717 5377 perspieue,imo
1741 5319 1816 5361 vero
1833 5301 1898 5382 pte·

314 5385 388 5457 Quis
402 5384 486 5444 enim
511 5382 634 5459 dixerit,
650 5382 762 5443 idcireo
775 5402 840 5443 non
867 5402 955 5462 posse
973 5384 1078 5443 avium
1129 5387 1211 5461 nius,
1228 5388 1586 5463 etillustrius,eamdem
1600 5408 1690 5451 sitem
1710 5392 1895 5455 sententiam

314 5493 401 5536 merc
415 5474 575 5553 pervolare
590 5492 741 5549 uosaera3
758 5479 811 5535 aut
825 5479 957 5535 mortem
968 5476 1075 5552 vitare,
1129 5478 1228 5558 aperit
1239 5479 1272 5539 iu
1286 5479 1408 5542 duobus
1420 5480 1507 5543 libris
1516 5480 1552 5543 de
1571 5481 1730 5545 Vocutlorre
1739 5485 1873 5565 pentina
1885 5504 1893 5545 ι
