3990 6130
364 311 424 374 ltu
862 309 1191 375 THEonouluuuuu
1211 309 1433 374 DOGMATUM

365 480 422 542 Dei
435 480 561 562 propris
573 484 656 556 sunt,
669 480 708 543 de
727 476 866 560 ejusdem
886 477 999 540 Christi
1016 476 1131 539 divini·
1181 483 1212 539 et
1231 483 1268 539 ut
1280 495 1431 559 magnum
1444 479 1546 541 illisit
1565 478 1714 558 appellari
1727 490 1860 557 puerum
1876 472 1928 536 hei.

368 577 439 634 tete.
455 573 525 637 Non
537 571 633 649 igitur
645 574 762 653 tropire
781 573 820 634 da
834 570 965 645 Christo,
979 575 1016 631 ut
1036 570 1133 631 homo
1181 571 1262 633 Nam
1279 589 1388 633 revera
1409 573 1533 634 servivit
1554 571 1652 648 carni,
1680 575 1713 632 et
1741 566 1929 648 generationi,

367 670 413 726 est
436 665 580 744 usurpari
607 664 748 742 eredidit,
774 682 839 725 esse
864 668 1056 734 ereaturam,
1079 668 1134 724 aut
1182 669 1213 725 et
1235 664 1429 743 passionibus
1449 666 1564 727 nostris
1578 662 1726 726 libertatis
1747 667 1860 722 nostres
1871 677 1932 739 gre·

366 774 491 818 servum
508 776 516 819 z
531 756 796 836 quemadmodum
807 773 880 817 oum
898 755 959 832 leo,
975 754 1027 815 vel
1041 754 1132 834 lapis,
1182 754 1261 817 liat.
1277 777 1293 814 ο

367 849 418 911 vel
430 848 500 910 vius
513 848 694 911 nominatur
705 848 739 908 in
749 846 1000 926 Scripturis,qure
1009 846 1135 926 proprie
1223 848 1390 926 Gregorius
1404 849 1562 926 Nyssenus
1572 848 1607 909 iu
1620 847 1768 928 opusculo
1789 845 1825 908 de
1842 844 1894 927 tide
1903 843 1934 905 od

368 958 434 1001 non
459 941 520 1002 diei
537 939 737 1021 perspicuum
755 946 811 1000 est.
834 939 907 1013 Quis
930 938 1014 1000 enim
1033 934 1136 1000 dicere
1183 938 1389 1021 Simplicium,
1408 941 1518 1002 itidem
1531 946 1567 1002 ut
1579 941 1798 1014 Nazianzenus,
1824 937 1936 1018 perinde

368 1033 490 1107 audeat,
515 1032 624 1093 eodem
645 1031 738 1093 modo
754 1032 793 1092 de
817 1031 949 1105 Christo,
974 1048 1037 1109 qua
1056 1032 1137 1093 Deus
1184 1048 1322 1109 servum,
1332 1051 1368 1093 ae
1376 1038 1549 1094 ereaturam
1556 1050 1632 1109 esse,
1645 1032 1856 1113 appellarique
1864 1028 1936 1090 dicit.

369 1129 426 1196 est,
447 1124 604 1200 affirmari,
621 1141 688 1185 esse
708 1123 812 1203 ipsum
833 1123 914 1183 Patri
941 1122 1086 1199 similem,
1107 1127 1138 1183 et
1185 1124 1266 1185 ‘lum
1280 1125 1323 1185 ita
1335 1125 1455 1205 pergite
1471 1146 1487 1183 ιι
1501 1126 1598 1205 lgitur
1612 1131 1643 1186 et
1656 1126 1711 1207 qui
1724 1124 1759 1186 in
1776 1128 1866 1184 utero
1877 1120 1938 1180 Vir·

369 1223 570 1292 eoaeternum,
585 1220 616 1276 et
637 1216 820 1289 increatum,
835 1232 898 1294 quo
918 1223 955 1275 ut
971 1215 1065 1276 homo
1079 1220 1135 1291 est,
1186 1215 1268 1295 ginis
1286 1216 1439 1278 formatus
1453 1223 1508 1293 est,
1522 1224 1557 1279 ut
1570 1217 1724 1298 Propheta
1744 1217 1833 1288 dixit,
1847 1230 1938 1275 servus

370 1306 431 1382 leo,
447 1307 535 1386 lapis,
550 1325 587 1368 ae
607 1306 680 1368 vitis
702 1324 767 1368 esse
784 1305 919 1367 dieitur?
941 1306 1037 1387 Atqui
1058 1306 1140 1367 inter
1188 1313 1245 1384 est,
1259 1326 1324 1369 non
1342 1309 1488 1370 dominus
1503 1327 1511 1370 τ
1526 1309 1588 1371 ίιοο
1604 1315 1651 1371 est
1664 1310 1701 1379 is,
1716 1309 1771 1389 qui
1784 1304 1940 1368 seeundum

371 1399 443 1476 alis,
458 1416 528 1479 qua
542 1399 668 1479 propria
682 1398 1000 1474 earnisenumerevit,
1015 1417 1140 1460 servum
1189 1401 1421 1462 earnemhomo
1435 1407 1491 1478 est,
1507 1401 1543 1462 in
1556 1419 1619 1481 qno
1642 1403 1723 1462 Deus
1744 1399 1940 1462 monueram

372 1499 403 1554 et
416 1497 555 1553 ereetum
569 1491 834 1571 esseperoeusnit.
850 1490 950 1570 Igitur
968 1491 1061 1553 etiam
1082 1492 1141 1555 ists
1190 1498 1299 1555 sorr.»
1983 1480 1984 1573 ί

371 1583 507 1667 proprie,
523 1601 589 1644 non
601 1583 733 1662 figurate
745 1583 945 1661 intelligenda
956 1591 1039 1645 sunt.
1230 1584 1408 1645 Theodotus
1416 1583 1600 1663 Aneyranus
1608 1582 1738 1644 homilia
1746 1581 1941 1663 primamutrr

413 1677 499 1737 ldem
515 1675 656 1737 oratione
677 1675 767 1737 tertia
784 1694 792 1735 ι
812 1676 1006 1749 «Quatenus,
1027 1676 1140 1756 inquit,
1191 1675 1364 1740 Nestorium
1377 1674 1495 1750 habita,
1519 1674 1663 1736 «Faetus
1679 1680 1735 1750 est,
1751 1676 1862 1756 inquit,
1878 1692 1942 1736 eon·
1983 1708 1984 1747 η

374 1772 408 1831 in
421 1768 558 1830 eoniesso
572 1773 626 1844 est,
643 1768 734 1828 illum
752 1766 913 1829 hominem
935 1785 1001 1828 esse
1013 1767 1140 1842 iactum,
1192 1786 1310 1843 servus,
1325 1772 1361 1827 ut
1372 1765 1517 1827 dominus
1530 1766 1703 1841 declareris,
1722 1788 1738 1824 ν
1755 1772 1814 1828 ete.
1832 1766 1889 1828 Ubi
1907 1770 1944 1827 est
1983 1752 1984 1829 ί

375 1861 453 1923 nihil
463 1861 600 1937 interest,
615 1860 642 1920 si
655 1860 785 1936 dicatur,
799 1865 836 1921 ut
849 1865 880 1921 et
893 1859 992 1920 ιίίοιιιε
1005 1866 1063 1937 est,
1079 1860 1144 1922 sive
1196 1858 1289 1928 uilla,
1311 1859 1366 1937 qui
1379 1857 1535 1919 Christum
1549 1857 1677 1934 dividit3
1699 1857 1755 1918 ubl
1774 1859 1829 1939 qui
1843 1863 1943 1938 myste-
1983 1856 1984 1949 ί

375 1970 440 2015 esse
453 1952 562 2027 faetus,
579 1951 647 2013 sive
665 1957 796 2029 oreatus,
811 1951 875 2014 sive
895 1952 1057 2027 formatus,
1080 1952 1144 2013 sive
1193 1951 1277 2011 rium
1301 1956 1446 2011 nostrum
1461 1949 1501 2010 ad
1521 1950 1758 2029 homonymiam
1780 1950 1904 2028 redigit;
1920 1952 1945 2011 et
1983 1954 1984 2015 l

375 2044 662 2120 servus,sivefilins
676 2044 810 2121 ancille,
825 2044 890 2105 sive
902 2043 1143 2121 filiusbominis,
1194 2042 1349 2103 Christum
1367 2058 1468 2103 unum
1490 2041 1607 2118 dicens,
1629 2040 1708 2102 duos
1727 2042 1831 2122 reipsa
1852 2042 1946 2103 eonsti

375 2137 439 2198 sive
462 2136 649 2198 eonstitutus
672 2153 748 2213 esse,
772 2137 837 2197 sive
858 2153 987 2216 peregre
1015 2136 1143 2212 abiisse,
1194 2134 1274 2208 ιιιίις
1299 2133 1432 2194 elterum
1457 2149 1597 2209 serrum,
1622 2133 1754 2194 alterum
1776 2133 1944 2206 dominum3

377 2230 443 2297 sive
455 2246 596 2309 sponsus,
614 2228 676 2288 sire
689 2228 848 2308 patruelis,
867 2229 931 2289 sive
944 2228 1049 2290 frater.
1065 2229 1144 2290 Nam
1194 2226 1328 2288 alterum
1337 2227 1392 2305 qui
1403 2225 1529 2305 patitur,
1541 2225 1674 2287 alterum
1685 2224 1922 2306 impatibilemi‘i

377 2338 486 2383 omnes
499 2319 669 2382 eesvooulse
679 2319 824 2381 humanis
835 2319 1063 2380 constitutionis
1076 2337 1147 2399 pro-
1196 2319 1270 2393 Quae
1284 2325 1441 2399 postrema
1454 2317 1550 2378 verba
1569 2334 1710 2397 pugnare
1727 2318 1873 2379 videntur
1889 2332 1948 2379 σιιιιι

377 2413 455 2495 prise
469 2416 562 2473 sunt:
579 2417 610 2473 et
623 2410 803 2491 huiusmodi
818 2429 884 2472 uon
897 2411 991 2472 Verbi
1005 2411 1146 2473 substan·
1195 2411 1338 2491 proxime
1366 2409 1620 2472 antecedentibus
1641 2409 1780 2488 Gregorii
1808 2409 1947 2489 Nysseui:
1983 2406 1984 2459 ἶ

378 2504 467 2580 dam,
483 2504 684 2583 sedseipsum
697 2502 857 2564 hominem
876 2501 991 2564 fantum
1015 2520 1082 2564 esse
1103 2502 1147 2564 si·
1197 2503 1311 2583 quiin
1337 2507 1427 2564 utero
1452 2502 1590 2581 Virginis
1615 2502 1781 2563 formatum
1803 2502 1881 2563 dixit
1897 2518 1950 2561 esse

378 2596 582 2676 grinione.»
596 2595 854 2656 Pauloveroante
865 2593 1004 2655 dixerat:
1020 2596 1148 2669 uQnum
1197 2612 1262 2657 uon
1276 2595 1455 2671 Dominum,
1472 2594 1525 2655 sed
1534 2611 1671 2655 servum.
1686 2592 1804 2655 Verum
1816 2612 1881 2655 non
1891 2596 1951 2653 suut
1983 2606 1984 2633 t

379 2688 531 2750 Dominus
550 2692 644 2761 esset,
667 2689 701 2748 in
718 2686 821 2748 {orme
841 2687 922 2748 servi
942 2692 1009 2748 erat
1031 2708 1039 2747 ι
1061 2705 1149 2749 serva
1198 2687 1362 2749 contraria.
1390 2687 1469 2748 Nam
1498 2686 1665 2765 Gregorius
1692 2686 1731 2747 ad
1753 2685 1951 2766 Apollinarem

379 2779 496 2860 quippe
509 2779 604 2840 Verbi
618 2793 663 2841 est
676 2779 778 2840 omnis
799 2784 953 2855 creatura,
969 2784 1076 2860 utpote
1093 2798 1150 2861 per
1197 2777 1343 2858 respexit,
1358 2777 1497 2857 aliosque
1511 2777 1764 2857 Theopasehilos,
1780 2778 1836 2856 qui
1853 2776 1951 2837 divini·

379 2870 482 2953 ipsum
497 2876 611 2949 ereata,
628 2877 659 2933 et
669 2871 794 2933 eondita
802 2870 857 2933 l.»
1198 2876 1294 2932 tatem
1317 2870 1563 2947 contundebant,
1591 2887 1664 2931 oum
1689 2869 1830 2932 homine.
1860 2870 1953 2946 Itaque
1983 2870 1984 2909 l

421 2965 479 3025 ΙΙΙ.
494 2964 660 3044 Gregorius
671 2964 882 3025 Nazianzenus
892 2981 958 3024 non
968 2962 1070 3025 solum
1080 2981 1150 3024 ora·
1199 2963 1346 3042 pressius,
1363 2968 1405 3039 et,
1423 2968 1459 3023 ut
1471 2962 1583 3024 sehohe
1596 2962 1715 3039 dieunt,
1740 2959 1953 3042 {neuroide-le
1983 2912 1984 3005 ί

381 3057 590 3136 tioneprima,
612 3055 696 3117 inter
710 3056 772 3117 alia
785 3054 925 3131 nomina,
948 3073 1019 3135 que
1032 3055 1151 3117 Christo
1200 3061 1291 3115 entus
1305 3058 1361 3115 est.

381 3148 575 3224 tribuuntur,
602 3146 738 3222 iomim's,
764 3155 792 3208 et
811 3147 891 3209 serui
907 3165 998 3208 voees
1021 3165 1151 3209 enume·
1241 3146 1373 3226 cyrillus
1394 3144 1621 3207 Alexandrinus
1643 3145 1676 3206 in
1698 3145 1899 3223 responsione
1923 3142 1955 3203 ad
1983 3148 1984 3233 γ

382 3244 475 3301 rat⁰z
499 3239 553 3300 sed
573 3238 667 3299 etiam
686 3238 825 3300 oratione
850 3255 966 3316 xxxvl,
988 3244 1152 3318 postquam
1200 3237 1385 3300 'theodoreti
1396 3237 1682 3316 reprehensionem,
1695 3236 1736 3297 ad
1747 3236 1955 3299 Anartium·-

387 3352 403 3390 r
416 3336 591 3393 ereaturam
604 3330 709 3392 doorsit
721 3328 834 3391 merito
853 3330 955 3391 vorari
969 3330 1154 3410 sapientiam
1202 3348 1284 3392 mum
1293 3336 1426 3405 sextum,
1435 3331 1544 3391 asserit
1553 3329 1722 3405 Christum,
1736 3328 1817 3407 oqui
1827 3328 1955 3389 informs

383 3422 424 3485 ob
432 3422 613 3487 inferiorem
625 3422 871 3503 generationem,
907 3441 977 3502 ques
993 3422 1088 3484 verba
1115 3422 1154 3483 il·
1202 3423 1260 3483 Dei
1278 3428 1356 3498 erut,
1373 3426 1404 3483 et
1418 3420 1601 3500 unigenitus
1619 3421 1717 3481 Patris
1735 3419 1821 3481 lilius
1834 3436 1843 3482 ι
1858 3420 1957 3499 quique
1983 3422 1984 3493 ί

382 3516 443 3577 lius
451 3515 551 3597 eapite
559 3512 714 3597 superiori
724 3514 828 3584 retuli,
843 3531 919 3576 mox
931 3515 976 3575 ita
988 3513 1127 3594 loquitur
1142 3533 1150 3576 τ
1202 3530 1259 3594 per
1273 3513 1379 3575 omnia
1392 3512 1519 3592 equalis
1532 3518 1599 3573 erat
1611 3512 1764 3589 genitori,
1778 3517 1812 3573 et
1824 3528 1866 3574 ex
1882 3527 1958 3590 nque
1983 3506 1984 3569 f

389 3632 404 3661 ι
417 3609 515 3688 Ηιῄιιν
528 3625 622 3689 porro
634 3608 721 3669 velut
733 3607 960 3668 eonseetsrium
981 3611 1037 3683 est,
1061 3610 1098 3667 ιιι
1121 3611 1153 3667 et
1202 3605 1375 3683 gloriosus,
1400 3623 1435 3666 ao
1452 3603 1552 3681 liber,
1574 3608 1733 3684 assumpta
1754 3606 1839 3665 serui
1860 3603 1957 3677 turma
1983 3596 1984 3623 ί

383 3717 491 3761 servus
499 3699 617 3774 audiet,
627 3704 778 3778 tanquam
787 3698 894 3759 multis
907 3697 987 3759 bene
1000 3698 1152 3773 serviens,
1201 3696 1330 3758 fratrem
1342 3714 1452 3758 eorum
1463 3695 1654 3777 appellatum
1663 3710 1738 3764 esse,
1754 3695 1809 3775 qni
1820 3693 1961 3758 servituis
1983 3692 1984 3757 1

383 3868 438 3939 ἥτις
450 3866 508 3941 bvi)
522 3864 659 3941 ἀνθρωπίνη
673 3864 742 3941 σάρξ.
758 3866 773 3921 ί
791 3864 839 3939 γίιρ
852 3864 936 3939 λόγος,
951 3866 1011 3940 ρησί
1026 3862 1085 3941 σάρξ
1102 3864 1155 3941 ίγί-
1202 3885 1255 3923 πων
1265 3866 1404 3929 συστάσεως
1415 3865 1468 3920 ἴδια
1485 3867 1601 3939 τυγχάνει
1622 3865 1694 3932 ὄντα,
1718 3863 1760 3918 καί
1780 3863 1815 3919 τά
1832 3857 1961 3920 meimet

385 3968 451 4009 νετο.
473 3950 495 4007 τί
512 3950 538 4006 δὲ
558 3950 685 4025 ἅνθρωπος
705 3951 814 4023 γέγονεν.
836 3948 865 4004 οὔ
890 3951 932 4004 tu
952 3969 1020 4013 τινας
1041 3948 1080 4004 eu
1103 3950 1156 4014 ταῖς
1203 3946 1247 4017 τὴν
1261 3947 1344 4002 οὗσίαν
1368 3952 1412 4003 τοῦ
1425 3949 1513 4022 λόγον,
1533 3947 1600 4003 ἀλλὰ
1619 3947 1650 4003 rh
1669 3947 1797 4021 ἄνθρωπον
1813 3947 1888 4003 (ὦτοι
1905 3963 1963 4018 γεγε·

385 4032 509 4099 τοιαύταις
521 4035 614 4108 ριοναῗς
627 4030 838 4100 σκανδαλίζεσθαι,
852 4036 890 4107 τῷ
903 4032 1024 4106 γενέσθαι,
1034 4036 1071 4105 τῷ
1079 4032 1157 4088 πλάτ·
1203 4032 1290 4100 ructu
1304 4030 1426 4103 σημαίνει.
1983 4048 1984 4083 1

385 4120 479 4185 τεσθαι,
493 4122 531 4192 τῷ
549 4119 648 4189 κσπιᾷν,
660 4120 697 4189 τῷ
711 4113 881 4185 ἀποθνήσκειν,
895 4119 931 4188 τῷ
946 4115 972 4169 ir
986 4120 1076 4188 νεκρῶν
1092 4112 1154 4188 ἔγεί·
1241 4114 1257 4170 ὁ
1276 4110 1344 4170 lbid.
1364 4112 1412 4167 Καί
1428 4110 1509 4185 κίριος
1522 4112 1568 4180 ὢν,
1586 4108 1611 4167 ἔν
1628 4112 1660 4186 τῇ
1674 4117 1754 4186 μορφῇ
1768 4117 1814 4168 τοῦ
1833 4110 1918 4167 tutu
1929 4104 1963 4178 ip.

386 4203 483 4276 ραοθαι.
500 4202 541 4255 καί
554 4200 639 4274 ὥσπερ
652 4200 727 4273 λόγος
741 4202 776 4254 ὢν
790 4200 831 4252 καλ
845 4199 920 4271 σορία
933 4201 977 4254 τοῦ
991 4198 1083 4271 πατρὸς
1103 4197 1156 4272 ἔχοι
1204 4194 1280 4266 ίοιλη
1292 4196 1339 4269 γὰρ
1353 4198 1398 4251 τοῦ
1418 4196 1495 4268 λόγου
1509 4198 1577 4251 πᾶσα
1589 4192 1606 4265 η
1617 4195 1695 4258 κτίσις
1708 4192 1741 4250 δι’
1755 4190 1834 4250 etesi
1846 4192 1963 4269 γτνσμίνι,
1983 4212 1984 4253 ῑ

385 4287 468 4341 πάντα
484 4284 517 4341 τὰ
542 4288 587 4338 τοῦ
600 4283 702 4356 πατρὸς,
722 4284 752 4338 τίν
774 4278 867 4349 ethroe,
887 4283 1017 4355 deperiret,
1039 4282 1068 4336 rh
1093 4282 1157 4336 κατὰ
1204 4281 1245 4334 κοιλ
1257 4278 1394 4349 ποιηθείσα.

386 4371 476 4435 πάντα,
490 4369 532 4425 καί
546 4366 571 4421 ίν
582 4369 642 4439 πᾶσι
657 4368 755 4438 ίίμοιον,
766 4365 796 4420 rh
808 4363 841 4438 μὴ
855 4367 984 4437 πρότερον,
993 4365 1035 4419 καί
1044 4365 1155 4437 ίίστερον,
1241 4376 1257 4420 u
1275 4362 1401 4420 lerlttr.
1413 4366 1482 4418 orat.
1498 4374 1517 4417 r.
1537 4362 1586 4415 Τοῦ
1598 4361 1739 4435 άνθριίιποο,
1750 4366 1796 4416 τοῦ
1811 4358 1912 4416 hetheo.
1983 4418 1984 4439 γ

386 4453 453 4508 άλλὰ
466 4452 495 4508 τίν
508 4452 669 4524 σνννπάρχτιν
686 4455 724 4522 τῷ
737 4450 821 4521 πατρί,
835 4448 877 4502 καί
892 4447 952 4503 οὔτί)
965 4449 1079 4517 θεότητος
1092 4442 1158 4510 εἶδος
1241 4445 1263 4502 εί
1281 4445 1370 4502 Idem.
1389 4445 1475 4517 Τοίτιμ
1489 4444 1516 4499 u
1529 4445 1613 4499 ίπιται
1633 4445 1675 4498 καὶ
1688 4444 1718 4498 το
1737 4445 1828 4499 δοῦλον
1843 4437 1967 4498 beturii

387 4536 460 4591 nithe
475 4528 548 4603 siret,
563 4533 604 4588 καί
625 4535 654 4587 το
667 4532 849 4605 δημιουργικὸν,
869 4531 911 4585 καί
931 4529 961 4585 το
976 4531 1009 4603 μὴ
1023 4531 1155 4594 irritentur.
1206 4528 1355 4583 δονλιάοντα
1368 4529 1481 4593 πολλοῖς,
1495 4527 1536 4582 καί
1556 4528 1586 4582 τί
1601 4528 1665 4600 μίγα
1685 4522 1748 4580 τίνοι
1769 4526 1839 4600 αὐτῷ
1863 4527 1984 4599 alimum

387 4621 474 4693 ὅμοιος
486 4616 534 4691 γάρ
547 4619 582 4671 ὢν
597 4615 660 4673 κατά
672 4614 716 4685 την
733 4615 817 4671 οὐσίαν
831 4619 875 4671 τοῦ
889 4613 992 4686 πατρὸς,
1009 4612 1053 4669 οὖκ
1071 4617 1100 4668 ἂν
1119 4613 1157 4684 τίη
1206 4613 1285 4666 παῖδα
1306 4605 1371 4664 θεοί.
1387 4615 1424 4682 τῷ
1437 4610 1490 4665 ὄντι
1503 4609 1551 4682 γάρ
1572 4608 1699 4664 ίδοιίλσισε
1712 4608 1793 4680 σαρκί,
1807 4611 1852 4665 καί
1876 4609 1967 4681 γετίνα,

387 4701 493 4767 κτιστλς,
508 4698 574 4754 ἀλλὰ
592 4698 633 4754 καί
652 4697 760 4768 κτιστης,
780 4697 814 4761 ὡς
835 4696 906 4759 οὗτος
920 4692 1024 4769 εἴρηκεν,
1039 4696 1054 4751 ὁ
1077 4697 1158 4771 πατήρ
1206 4694 1248 4747 κοιλ
1261 4694 1346 4747 πάθεσι
1359 4695 1413 4754 τοῖς
1426 4691 1553 4765 ἡμετέροις
1562 4692 1603 4745 ur
1613 4690 1657 4759 τὴν
1666 4690 1786 4763 ἡμετέραν
1795 4687 1939 4763 themelae

390 4804 437 4857 ρον
448 4784 495 4848 ἕως
508 4785 562 4857 άρτι
577 4782 715 4855 ἐργάζεται,
729 4778 798 4854 κάγὼ
812 4777 954 4853 ἐργάζομαι·
975 4776 1052 4841 οὕτως
1066 4778 1159 4851 ἅνθρω-
1243 4792 1258 4832 e
1276 4776 1364 4832 Geso.
1380 4775 1458 4833 Nrss.
1478 4774 1571 4829 Οὔκοῦν
1585 4771 1626 4828 καί
1641 4774 1656 4829 ὁ
1671 4772 1696 4827 ἔν
1709 4776 1741 4846 τῇ
1753 4774 1841 4845 κοιλίᾳ
1854 4772 1968 4835 πλασθείς,

389 4886 435 4930 πος
447 4866 564 4939 γεγονὼς,
578 4868 657 4938 σάρκα
669 4865 783 4937 ρορίσας,
799 4861 823 4926 ἐξ
837 4862 943 4935 άνάγκης
958 4861 1079 4924 attinebat
1089 4862 1159 4934 λίγε-
1206 4858 1269 4914 κατὰ
1290 4859 1333 4912 τίον
1351 4859 1427 4930 λόγον
1449 4862 1493 4912 τοῦ
1515 4857 1682 4929 Προρητοο,ί
1703 4855 1790 4919 δονλός
1803 4854 1884 4923 ἔστιν,
1904 4852 1969 4929 sipi

389 4966 442 5017 τοι,
451 4969 492 5003 και
504 4949 635 5014 ποιεῖσθαι,
649 4949 689 5002 καί
698 4946 778 5002 πάντα
790 4946 822 5002 τὰ
834 4950 878 5015 τῆς
890 4944 979 5018 σαρκὸς
991 4942 1051 5000 rere.
1206 4942 1297 5015 κάρτος·
1311 4941 1439 4996 τοοτίστιν
1454 4940 1468 4995 ά
1481 4936 1544 4995 κατὰ
1566 4938 1645 5014 σάρκα
1668 4938 1804 5013 ἄνθρωπος,
1821 4934 1848 4993 is
1861 4932 1884 5011 ᾧ
1898 4938 1913 4993 ὁ
1926 4936 1984 4997 θεὸς

427 5046 449 5088 a
465 5031 571 5088 Arest.
591 5036 661 5087 ortt.
676 5042 716 5086 tu.
736 5028 868 5102 Ἐσιςγάρ
881 5028 1040 5102 ὁμολογεῖται
1057 5029 1159 5101 γενάμι·
1208 5022 1357 5098 ίρτνιριίνίη.
1764 5046 1767 5053 ·

390 5132 432 5179 νος
443 5114 578 5188 άνίρεκτος,
603 5111 673 5167 otuu
698 5112 803 5186 δισρίριι
829 5113 910 5185 λέγειν
929 5112 1038 5185 καθάπερ
1052 5110 1157 5184 είρηται·
1245 5108 1266 5183 f
1279 5110 1419 5165 Turonor.
1432 5107 1525 5160 Γίνεται
1532 5105 1672 5170 σύνδουλος,
1679 5105 1723 5159 ἵνα
1734 5103 1882 5181 άναδειχίῆς
1892 5100 1971 5157 διττά

391 5196 441 5252 rire
453 5197 595 5265 πεποίηται,
611 5194 661 5250 rins
675 5194 795 5262 ἔκτισται,
814 5192 864 5250 τίσι
877 5195 1025 5259 πέπλασται,
1038 5192 1087 5248 εἴτε
1104 5195 1160 5247 tot·
1208 5212 1261 5262 τοι,
1276 5198 1331 5249 ete.
1347 5186 1400 5245 llos
1414 5190 1541 5262 theospite
1558 5180 1600 5243 rto
1617 5187 1741 5261 Xprrrbr3
1754 5191 1803 5243 ποι
1815 5184 1830 5242 d
1844 5180 1876 5243 rh
1889 5186 1984 5261 pentir

391 5283 445 5347 λος,
460 5279 510 5337 κίττ
522 5279 573 5344 υίὸς
589 5280 726 5348 παιδίσκης,
742 5277 791 5333 sits
803 5278 854 5340 οίδς
872 5277 1013 5351 ἀνθρώποιο,
1027 5274 1076 5331 ιίτε
1090 5292 1160 5331 κατε·
1209 5294 1260 5350 ριον
1273 5275 1344 5349 ἡμῶν
1358 5270 1501 5346 ὁμωνυμίαν
1517 5266 1695 5344 ἔργασάμτνοςς
1708 5272 1748 5324 καί
1759 5268 1869 5344 Χριστὸν
1882 5266 1971 5343 ubis:

393 5366 480 5434 στάθη,
495 5362 544 5419 sire
557 5363 722 5436 άπεδήμησεν,
741 5360 790 5415 εἴτε
806 5362 918 5435 νομρίσς,
939 5359 988 5415 stes
1008 5358 1161 5433 άδελριδοῦς,·
1208 5361 1299 5432 λέγων,
1322 5356 1366 5411 hdo
1384 5355 1410 5409 δὲ
1435 5355 1616 5429 ὑποτιθέμενος,
1635 5353 1738 5427 τὸνμὲν
1758 5354 1861 5419 δοῦλον,
1888 5352 1929 5406 τον
1949 5348 1984 5402 tt

393 5446 444 5503 ιίτε
457 5448 571 5521 ὢιλρος.
585 5444 726 5519 πάνταγὰρ
741 5450 819 5500 ταῦτα
835 5444 868 5499 τὰ
880 5442 995 5510 λιξείοια,
1009 5446 1053 5513 τῆς
1066 5440 1159 5515 άνίίρώ-
1210 5442 1339 5510 δεσπότην·
1353 5438 1396 5494 τον
1407 5434 1451 5513 μίν
1465 5430 1604 5511 adegerit,
1617 5430 1700 5492 roret
1715 5432 1908 5510 μὴπάοχοντας
