4076 6180
302 279 362 339 704

303 441 388 495 Caena
402 444 451 495 llll.
471 444 614 497 Beronibus
635 445 686 495 aliis
712 443 814 494 humana
838 443 862 492 in
882 441 972 493 Christo
988 446 1073 490 nature

336 519 426 570 tributis
450 521 542 586 antiquo
555 519 615 586 apud
640 525 727 570 ueteres
743 519 861 582 theologos
879 532 931 568 usu.
947 516 972 565 t.
988 516 1073 566 tiorum

337 595 433 659 primum
448 602 483 646 est
510 610 591 648 nomen
605 596 729 666 ίίεαρίρας,
749 595 771 645 id
790 600 823 644 cst
838 594 912 644 beiier
929 611 934 642 :
952 607 996 657 quo
1011 588 1072 641 mul·

337 675 384 720 tum
408 685 462 721 usus
480 675 514 722 est
529 672 655 725 Nestorius.
672 675 696 725 ἐ,
714 674 836 736 Propterea
858 669 977 719 damnatus
998 666 1073 730 an-

337 744 398 795 rillo.
418 747 555 811 Apollinaris
565 748 678 800 hominem
693 748 805 799 licitorum
818 744 863 795 dici
874 744 954 794 noluit.
971 743 995 791 3.
1017 742 1072 791 ίίεί-

336 821 407 871 leram
421 836 522 883 carnem,
542 826 602 889 quod
621 825 679 874 idem
695 830 729 874 est
742 828 808 886 atque
829 819 952 880 hominene,
978 817 1074 868 Basilius

336 897 420 962 sapius
433 900 561 964 usrrrpaeit;
577 901 601 950 l.
616 906 662 950 turn
675 900 712 949 alii
730 917 735 948 z
752 904 775 948 el
788 912 832 961 quo
847 910 914 946 sensu
928 894 972 945 dici
993 894 1071 958 possit.

338 973 362 1024 5.
375 973 407 1023 lle
417 972 507 1025 homine
522 975 649 1033 Dominico.
666 982 740 1025 utrum
754 973 799 1024 dici
814 972 893 1038 possit.
909 970 1073 1020 Enumerantur

337 1049 416 1098 Patres
427 1049 522 1114 aliquot,
538 1051 576 1114 qui
590 1052 622 1100 ita
635 1051 713 1102 loculi.
726 1051 751 1100 tl.
763 1049 821 1099 'lum
839 1047 885 1105 alii,
902 1045 940 1110 qui
956 1060 999 1095 non
1016 1058 1074 1109 pro·

337 1123 426 1175 barunt.
456 1126 628 1190 Apollinaristas
650 1141 699 1177 cam
723 1125 858 1177 locutionem
879 1122 1017 1172 adhibuisse.
1049 1119 1072 1169 l.

337 1198 523 1262 insignislluliui
550 1202 615 1253 locus
633 1203 661 1252 de
687 1202 777 1252 haere.
806 1198 985 1261 &Augustinus
1012 1195 1074 1245 illam

337 1273 489 1339 reprehendit,
506 1277 579 1327 etalii
601 1284 652 1343 post
664 1292 725 1327 euru.
742 1276 792 1335 Qua
809 1274 837 1326 de
852 1288 920 1325 causa
941 1271 973 1322 illi
991 1271 1074 1336 displi-

337 1350 422 1409 cuerit;
438 1365 488 1415 quae
502 1358 523 1401 et
538 1353 678 1418 expenditur.
694 1354 718 1403 o.
745 1352 795 1401 Nou
818 1348 890 1412 magis
904 1347 1074 1413 reprehenden-

339 1425 391 1475 dum
406 1425 486 1489 rideri,
503 1427 548 1477 dici
565 1429 677 1479 hominem
693 1426 833 1479 Dominicuur
848 1425 871 1474 in
895 1423 993 1483 Christo,
1008 1436 1075 1486 quam

339 1501 473 1565 simpliciter
499 1502 624 1565 hominem,
648 1518 675 1554 ac
697 1502 856 1561 detonduntur,
874 1499 911 1565 qni
936 1498 1004 1548 arnbu
1027 1497 1075 1549 hee

338 1583 483 1641 usurparunt.
510 1578 604 1644 Oportet
631 1584 705 1630 ίανναν
724 1579 747 1628 iu
775 1576 824 1628 istis
851 1573 1008 1626 consuetudini
1023 1588 1077 1623 ser-

338 1652 393 1702 uire.
1022 1648 1072 1698 l85

305 1727 390 1780 Cabur
404 1727 464 1778 llllt.
486 1729 517 1781 tle
531 1730 646 1780 nonnullis
659 1729 709 1780 aliis
734 1727 841 1793 loquendi
865 1725 978 1779 turmulis.
996 1725 1019 1773 t.
1045 1724 1077 1774 tle

339 1802 443 1872 ὀργάνου
458 1810 480 1855 εί
504 1806 661 1855 instrumenti
689 1805 797 1855 uocabulo
814 1821 820 1852 ι
836 1817 880 1868 quo
902 1803 980 1852 Patres
1007 1798 1076 1863 aliqui

338 1887 444 1932 naturam
468 1881 550 1932 Christi
565 1881 685 1931 humanam
699 1880 831 1930 attererent.
847 1879 872 1927 ί.
893 1877 942 1936 Quo
956 1889 1023 1926 sensu
1037 1873 1075 1924 alii

339 1958 494 2018 repudiarunt.
522 1956 545 2006 3.
563 1957 646 2007 Rectus
661 1956 721 2006 illius
735 1955 777 2005 erit
792 1968 853 2011 usus
869 1953 887 2002 si
903 1952 1076 2002 instrumentum

339 2033 495 2097 conjunctum,
524 2046 568 2082 non
593 2038 720 2096 separatum
744 2030 889 2093 intelligatur.
908 2027 984 2077 Ariani
1008 2025 1075 2090 impie

340 2108 396 2159 illud
406 2107 554 2172 interpretati.
571 2107 603 2156 lle
621 2121 687 2158 manu
706 2106 803 2157 hominis
818 2105 966 2153 instrumento
980 2100 1076 2150 naturali

340 2189 362 2233 et
392 2184 513 2247 conjuncto
545 2181 710 2246 pulcherrimus
738 2179 864 2230 Aristotelis
887 2178 950 2227 loeus
970 2194 975 2225 :
996 2175 1075 2240 quiad

340 2259 481 2324 sapientiam,
497 2266 519 2308 et
532 2257 628 2308 Verbum
652 2258 809 2307 illustrandum
824 2254 928 2319 pertinet.
944 2253 969 2302 ί.
990 2251 1022 2301 De
1034 2265 1076 2300 usu

343 2335 469 2385 istiusmodi
497 2333 612 2383 nominum
642 2333 702 2382 utilis
730 2332 820 2389 cautio;
837 2344 887 2394 quaa
910 2343 936 2379 er
955 2326 1076 2376 Athanasio

340 2413 414 2462 lucem
441 2409 532 2472 accipit.
559 2409 583 2457 5.
603 2408 635 2458 lle
651 2407 754 2466 restitus,
770 2411 792 2456 et
806 2403 929 2455 induranti
958 2401 1076 2467 apppella-

341 2488 415 2544 tione3
432 2489 454 2534 et
473 2497 522 2548 qne
536 2482 603 2545 hujus
626 2482 734 2531 utilitates
751 2481 804 2531 sint.
820 2480 897 2531 Prima
920 2483 963 2540 est,
978 2483 1002 2526 ut
1015 2476 1077 2527 nulla

342 2561 377 2612 sui
396 2558 519 2609 mutatione
533 2557 673 2607 incarnatum
688 2555 786 2605 Verbum
814 2555 961 2618 significetur.
982 2552 1006 2601 6.
1022 2551 1077 2601 item

341 2641 366 2686 ut
390 2634 494 2685 divinitas
517 2633 566 2697 ipsa
589 2631 702 2695 passionis
722 2644 802 2695 expers
815 2630 961 2692 intelligatur.
979 2629 1002 2676 'l.
1018 2627 1076 2677 Turn

342 2716 432 2761 naturas
443 2721 493 2759 esse
506 2708 631 2768 distinctas,
657 2720 701 2756 non
716 2711 790 2756 autem
809 2718 926 2770 personas.
946 2703 971 2753 8.
991 2701 1078 2766 Sponsl

342 2785 475 2838 vocabulum
490 2798 503 2834 a
520 2782 629 2846 Gregorio
654 2782 716 2846 Papa
742 2781 895 2844 adjudicatum
917 2778 946 2828 ab
962 2777 1078 2828 diuinitate

342 2860 425 2914 Christi
442 2859 603 2911 humanitatem
618 2864 756 2917 assumente,
772 2856 800 2906 ab
814 2855 939 2920 Augustino
952 2867 1005 2904 roro
1015 2851 1078 2903 adhi-

342 2937 422 2988 bitum.
1029 2927 1075 2978 191

536 3257 654 3316 urban
675 3257 857 3317 OCTAVUS

1068 3442 1074 3455 ,
1163 3393 1227 3452 Quod
1246 3394 1304 3444 idern
1319 3406 1346 3442 ex
1358 3389 1465 3442 Patribus
1483 3390 1615 3441 adstruitur.
1708 3402 1711 3405 ’

390 3530 421 3573 ru
446 3529 501 3580 uro
516 3527 553 3570 uu
568 3515 685 3587 ἐνεργείᾳ,
709 3524 740 3566 ru
752 3523 804 3567 nsr
819 3523 998 3568 nocuumque

562 3612 690 3670 ouaxsrx,
707 3612 822 3656 norrun.

309 3780 395 3832 Curua
409 3776 427 3825 1.
446 3772 576 3838 Explicatur
593 3766 713 3841 ἐνεργείας
727 3767 819 3836 propria
833 3767 904 3819 notio.
916 3769 942 3820 2.
961 3769 1078 3821 lariomm

344 3852 458 3905 nominum
473 3849 592 3914 expositio,
601 3846 731 3920 ἐνεργείας,
743 3843 905 3914 ἐνεργητιαοῦ,
921 3850 965 3895 νίν.
982 3846 1006 3895 3,
1020 3846 1079 3905 Quia

344 3927 435 3995 proprie
457 3925 487 3975 sit
509 3939 535 3975 ex
560 3926 665 3979 Patribus
688 3925 814 3993 exponitur.
832 3924 856 3974 ί.
882 3922 921 3972 list
942 3919 1079 3971 substantiva

344 4003 413 4055 motio
428 4007 524 4061 nature,
535 4002 628 4067 ejusque
643 4008 693 4053 noti
704 3999 830 4052 essentialis
846 4016 851 4049 :
868 3998 907 4049 ubi
922 4002 943 4048 et
957 3997 1081 4062 explicatur

344 4079 525 4145 corobormch.
542 4084 566 4132 5.
583 4080 672 4131 Nullam
692 4080 741 4130 sine
755 4076 885 4144 operatione
899 4081 1001 4127 naturum
1015 4089 1077 4126 esse:

344 4168 392 4213 tum
407 4173 456 4223 que
470 4163 522 4209 suut
540 4157 639 4220 ejusdem
662 4162 757 4215 naturae,
785 4152 885 4217 ejusdem
900 4165 950 4201 esse
964 4152 1081 4216 operatiu-

345 4239 380 4288 nis
396 4253 401 4285 ε
419 4239 441 4286 et
454 4248 504 4299 que
522 4233 615 4283 diuersae
643 4239 728 4281 natrrrae
749 4235 809 4289 sunl,
837 4227 931 4278 diuersae
945 4225 1082 4290 operationis

345 4329 396 4366 esse
412 4332 417 4364 :
435 4308 555 4381 ἐνεργείας
584 4306 652 4358 varia
683 4303 868 4369 significationes.
895 4303 919 4352 l.
953 4301 1081 4367 Explicatur

346 4391 429 4457 prima,
444 4404 495 4454 quaa
516 4392 550 4439 est
569 4383 678 4451 direpte,
698 4381 745 4431 sive
766 4378 860 4430 incultas
876 4395 881 4426 z
898 4383 920 4427 el
934 4377 1039 4441 quaritur
1052 4391 1081 4429 on

347 4463 453 4536 triggua
464 4465 512 4524 iila,
528 4464 556 4514 de
569 4476 613 4528 qua
632 4473 683 4511 cum
701 4454 858 4507 llonothelelis
871 4457 980 4503 certatum
994 4458 1037 4507 est.
1051 4453 1083 4503 sit

347 4544 406 4595 actio
420 4543 540 4600 transiens,
556 4553 584 4588 an
608 4534 702 4586 lacertus
725 4529 847 4589 naturalis3
867 4528 936 4579 tuine
953 4529 980 4579 de
993 4529 1082 4581 achone

346 4620 395 4671 sola
406 4615 582 4670 controuersiam
597 4615 674 4676 putant
697 4604 760 4656 multi
774 4602 913 4655 scholastici.
929 4604 953 4653 8.
974 4603 1019 4654 Sed
1042 4617 1082 4654 er-

347 4701 406 4755 rant,
421 4695 489 4759 idque
507 4706 534 4742 ex
556 4686 669 4738 relerluus
691 4679 817 4734 ostenditur
836 4678 891 4743 :qui
906 4679 1024 4729 essentiale
1038 4678 1084 4729 ali-

346 4770 437 4835 quidet
452 4770 519 4818 lixum
534 4777 584 4814 esse
598 4759 712 4826 quippiam
727 4755 836 4805 indicant.
862 4754 886 4803 u.
905 4754 981 4818 ltaque
995 4760 1041 4804 turn
1056 4753 1084 4806 de

346 4845 452 4896 taculute
466 4839 556 4906 agendi,
572 4842 594 4887 et
615 4832 715 4893 volendi,
731 4836 777 4880 tum
794 4828 822 4879 de
840 4834 929 4879 achone
943 4836 965 4878 et
978 4829 1084 4880 notitione

347 4921 396 4985 ipsa
410 4924 518 4971 certaturn
546 4918 588 4965 est.
610 4911 650 4961 td.
668 4906 791 4967 Quaesitum
815 4916 844 4952 au
861 4903 935 4954 omnis
949 4904 1082 4966 substantia,

348 4995 554 5052 etiaminanimala,
579 4986 697 5057 ἐνέργειαν
710 4982 771 5033 illam
783 4978 875 5041 habeat,
896 4980 924 5030 de
938 4995 981 5045 qua
1006 4981 1084 5030 Patres

348 5069 531 5136 disputantem
556 5066 713 5133 respondetur,
732 5055 820 5105 rariore
848 5054 939 5105 Parrum
963 5057 1036 5116 dictas
1063 5060 1086 5106 et

349 5146 451 5210 quamvis
466 5145 528 5195 nulla
550 5157 595 5195 non
621 5141 718 5204 aliquam
746 5128 864 5201 ἐνεργειαν
893 5132 982 5194 habent,
1010 5136 1084 5181 larnen

349 5224 459 5288 insignem
487 5222 615 5288 quampiam
641 5218 670 5269 ab
697 5211 811 5263 nonnullis
834 5211 936 5276 intelligi.
954 5209 1083 5260 titiliam

349 5299 435 5359 πάθας,
449 5298 473 5348 id
498 5303 532 5350 est
545 5295 672 5362 passionem
698 5288 818 5360 ἐνέργειαν
846 5287 933 5339 censeri
956 5292 1003 5336 :et
1029 5285 1084 5350 qnid

351 5378 425 5443 passio
446 5376 476 5427 sit
488 5372 614 5438 exponitur.
631 5369 672 5421 td.
697 5367 828 5419 Declaratur
853 5362 981 5415 Aristotelis
992 5361 1084 5427 quidam

351 5452 415 5505 locus
428 5465 455 5503 oo
465 5449 587 5516 pertinens.
1036 5437 1084 5488 teo

1038 274 1161 334 INDEX

1124 440 1351 494 circuituum
1380 437 1486 512 ἐνέργεια
1508 444 1617 509 suppositi
1635 444 1673 503 sit,
1701 458 1731 494 an
1745 448 1840 495 ναίνεε.
1867 446 1891 493 t.

1156 515 1304 568 Constituitur
1331 520 1428 585 primum
1442 520 1567 571 differentia
1594 524 1688 581 nature,
1720 524 1743 569 et
1772 518 1894 583 suppositi.

1156 592 1262 643 Nalrrram
1283 594 1339 645 nihil
1366 610 1443 660 agere,
1467 597 1509 647 nisi
1533 594 1700 646 subsistentem.
1715 593 1740 644 2.
1757 593 1896 658 Expenditnr

1157 669 1248 733 vulgare
1263 670 1319 721 illud
1336 671 1436 732 ebalum,
1461 673 1567 723 Actiones
1589 686 1639 721 csse
1668 670 1850 735 suppositorum,
1863 682 1894 719 an

1157 745 1214 808 apud
1228 745 1373 797 Aristotelem
1390 752 1470 808 exuet,
1485 753 1508 797 et
1521 761 1548 797 an
1563 761 1640 796 rerum
1655 746 1685 795 sit
1698 745 1801 809 utrinque
1815 744 1895 808 dispa-

1158 825 1224 871 latur.
1238 821 1261 870 3.
1282 822 1428 887 Suppositum
1443 830 1476 873 cst
1491 828 1570 872 aratura
1589 823 1638 886 ipsa
1664 820 1798 870 subsistens.
1817 820 1896 884 ltaque

1157 910 1200 945 non
1213 902 1273 947 recte
1289 897 1403 949 dubitatur
1419 899 1477 949 sitne
1490 899 1549 948 actio
1564 905 1659 958 naturae,
1675 910 1704 945 an
1717 897 1835 960 supposito
1851 895 1894 944 tri·

1157 969 1253 1021 linenda.
1270 973 1294 1022 ί.
1320 973 1450 1024 Ostenditur
1477 978 1561 1034 tamen,
1594 971 1706 1023 actionem
1728 984 1777 1020 esse
1808 974 1895 1020 natura

1157 1048 1240 1110 potius,
1256 1061 1301 1112 qua
1315 1054 1394 1098 natura
1403 1055 1446 1111 est,
1458 1047 1621 1113 imputandam,
1635 1060 1703 1112 quarn
1718 1051 1742 1096 ut
1757 1049 1792 1095 est
1804 1043 1897 1096 subsis-

1158 1129 1208 1175 tens
1224 1142 1229 1173 :
1246 1126 1314 1190 idque
1332 1126 1441 1191 preclara
1463 1127 1554 1177 Maximi
1581 1125 1691 1175 sententia
1719 1124 1887 1174 demonstratur

1159 1199 1184 1248 5.
1204 1200 1330 1252 Aristotelis
1344 1202 1434 1266 quidam
1448 1202 1514 1252 locus
1526 1202 1659 1263 illustratur,
1668 1204 1691 1251 et
1703 1200 1831 1264 exponitur.
1847 1198 1898 1249 205

1125 1273 1211 1325 Creon
1225 1276 1264 1326 tlt.
1284 1277 1316 1328 lie
1330 1278 1531 1329 Monothelelarum
1548 1276 1637 1327 heresi.
1653 1278 1676 1326 t.
1698 1275 1749 1325 Nun
1773 1288 1812 1325 eos
1826 1274 1897 1324 tuisse

1160 1350 1244 1415 primos
1262 1358 1365 1405 auctores
1383 1354 1494 1417 dogmatis
1506 1353 1555 1413 sui;
1574 1352 1614 1402 sed
1642 1357 1693 1402 ante
1717 1351 1760 1400 tros
1787 1350 1896 1400 ίίεεννενν

1160 1426 1293 1490 quemdam
1309 1429 1334 1479 b.
1351 1433 1397 1478 tuna
1413 1429 1511 1479 Arianos
1537 1428 1562 1477 3.
1577 1432 1599 1478 et
1612 1426 1794 1492 Apollinaristas.
1809 1425 1835 1476 ί.
1849 1425 1897 1475 Nec

1159 1516 1204 1553 non
1219 1502 1378 1568 Eutychianos.
1391 1505 1414 1567 5.
1427 1502 1561 1554 Declaratur
1571 1503 1637 1561 ratio,
1648 1515 1743 1552 curnuu
1756 1499 1895 1564 iltispotius,

1159 1592 1225 1641 quam
1240 1578 1396 1630 llonothelelis
1410 1579 1519 1643 inscripta
1528 1578 1557 1627 sit
1566 1577 1659 1628 heresis
1673 1575 1721 1626 illa.
1737 1575 1897 1625 Duasoatom

1158 1658 1299 1715 agnoverunt
1313 1653 1478 1705 llonotheletaa.
1496 1652 1542 1704 Sed
1556 1652 1579 1702 iu
1593 1651 1684 1717 proprio
1697 1650 1831 1715 explicando
1841 1649 1898 1712 dog·

1160 1734 1219 1778 male
1232 1729 1348 1780 discordes
1361 1729 1459 1780 luerunt.
1487 1729 1509 1778 l.
1522 1729 1554 1778 lle
1576 1728 1706 1793 operatione
1720 1725 1861 1783 theandrica,
1875 1731 1898 1774 et

1160 1805 1212 1867 quia
1223 1805 1251 1855 de
1265 1820 1291 1855 ea
1309 1805 1419 1855 senserint
1433 1804 1466 1854 illi
1484 1803 1610 1867 cujusmodi
1625 1817 1699 1852 unam
1716 1800 1899 1864 illaminteapre-

1162 1880 1200 1929 lati
1214 1887 1275 1930 sunl.
1303 1880 1327 1931 8.
1343 1880 1464 1931 Dissidium
1480 1893 1547 1944 super
1575 1878 1617 1929 hac
1647 1891 1672 1927 re
1688 1876 1897 1941 ltonophpsitarum

1161 1956 1268 2020 Colluthi,
1300 1964 1322 2009 et
1347 1959 1474 2009 themistii.
1503 1960 1528 2009 a.
1544 1957 1649 2008 llnitione
1664 1969 1730 2006 unam
1748 1969 1799 2005 esse
1827 1953 1898 2017 aliqui

1160 2034 1272 2084 dixerunt.
1290 2034 1330 2084 10.
1346 2034 1419 2084 Variae
1436 2034 1601 2084 ludificationes
1614 2031 1722 2082 aliorum.
1847 2028 1896 2077 208

1128 2108 1213 2160 Caena
1232 2110 1268 2160 tll.
1288 2111 1418 2175 Disputatur
1444 2115 1518 2160 utrum
1536 2107 1693 2158 llonothelelis
1706 2105 1835 2165 facultates,
1850 2104 1898 2154 sire

1161 2186 1272 2249 potentias
1286 2185 1402 2251 operandi.
1419 2190 1441 2235 et
1455 2183 1553 2243 volendi,
1568 2198 1596 2233 an
1610 2181 1780 2233 solasactiones
1792 2180 1898 2229 detraxe·

1162 2262 1204 2310 rinl
1233 2261 1335 2312 humanae
1366 2261 1447 2312 Christi
1465 2267 1559 2310 naturae.
1583 2258 1712 2309 Commotus
1739 2255 1896 2319 theologorum

1161 2336 1247 2400 opinio,
1262 2337 1379 2387 facultates
1387 2335 1447 2395 ipsas
1466 2340 1557 2397 negatas
1571 2334 1649 2384 troisse.
1665 2333 1689 2381 2.
1702 2332 1774 2390 Quam
1789 2331 1893 2381 nonnulli

1162 2411 1309 2476 improbant:
1334 2412 1373 2462 sed
1389 2410 1469 2461 ruelius
1490 2414 1580 2460 tuentur
1603 2408 1650 2458 alii.
1668 2407 1691 2457 3.
1708 2406 1795 2465 Quibus
1820 2406 1897 2456 Patres

1161 2488 1312 2551 subiugantur
1333 2486 1443 2551 imprimis
1456 2485 1540 2547 Greci,
1564 2488 1588 2534 ut
1599 2484 1718 2540 Maximus,
1739 2486 1761 2531 et
1775 2482 1897 2531 Damasce-

1162 2576 1213 2612 uus.
1237 2562 1260 2613 d.
1278 2561 1305 2611 Et
1320 2561 1444 2612 rationibus
1458 2560 1536 2611 eadem
1563 2559 1601 2609 illa
1620 2557 1729 2608 sententia
1754 2554 1855 2606 inicitur.
1872 2556 1895 2604 l.

1163 2638 1318 2688 Dissolruutur
1328 2653 1363 2698 ea,
1377 2652 1427 2702 quoe
1447 2637 1470 2686 in
1486 2635 1622 2686 contrariam
1641 2638 1726 2699 partem
1744 2636 1896 2696 opponuntur,

1163 2719 1185 2764 ut
1198 2713 1252 2763 sole
1275 2712 1376 2763 actiones
1392 2713 1499 2762 detractae
1514 2711 1641 2761 rideantur.
1657 2708 1683 2757 8.
1699 2706 1896 2757 Hareticorurnin

1161 2788 1303 2852 dogmatibus
1317 2788 1365 2838 suis
1380 2786 1544 2843 concinnandis
1564 2782 1714 2837 inconstantia
1731 2825 1735 2833 .
1750 2786 1773 2831 et
1790 2796 1831 2832 cur
1845 2782 1897 2831 Alo-

1161 2863 1279 2914 nutheletae
1289 2863 1407 2914 facultates
1417 2863 1483 2912 eliam
1501 2862 1571 2927 ipsas,
1586 2865 1610 2912 et
1625 2873 1669 2910 non
1684 2858 1745 2908 solas
1757 2857 1898 2921 operationes

1162 2939 1259 2990 horniuis
1269 2938 1394 2989 ademerint
1408 2937 1506 2988 Christo.
1850 2931 1897 2981 itt

1128 3014 1214 3067 Caena
1228 3015 1255 3065 V.
1277 3015 1353 3065 Altera
1379 3013 1474 3078 questio
1488 3012 1636 3076 disceptatur,
1651 3008 1777 3074 cujusmodi
1794 3004 1898 3077 ἐνέργεια

1162 3090 1320 3141 llonothelete
1334 3088 1473 3153 negaverint.
1493 3088 1517 3137 t.
1537 3087 1616 3138 Solam
1646 3084 1767 3135 uoluntatis
1788 3089 1897 3137 actionem

1163 3172 1241 3231 putant
1260 3166 1329 3231 aliqui
1355 3164 1492 3215 subtractam
1506 3163 1535 3213 ab
1561 3162 1607 3213 iltis
1620 3161 1699 3211 tuisse.
1714 3159 1740 3209 Ξ.
1756 3159 1803 3210 Sed
1824 3177 1898 3213 arare

1162 3242 1214 3293 illos
1224 3242 1357 3303 ostenditur,
1368 3254 1396 3291 ac
1415 3230 1512 3304 primurn
1530 3237 1638 3303 probatur
1652 3233 1773 3305 ἐνέργειαν
1790 3238 1898 3288 aralun-

1162 3323 1206 3368 tate
1219 3331 1336 3382 separasse
1356 3314 1476 3366 hereticos
1498 3313 1560 3375 illos,
1576 3319 1599 3365 et
1621 3321 1739 3379 utramque
1753 3327 1857 3379 negasse.
1872 3313 1897 3363 b.

1129 3466 1214 3520 Cunus
1228 3468 1265 3518 Vt.
1284 3466 1415 3534 Explicatur
1433 3475 1539 3516 accurare
1569 3464 1770 3516 llonothelelarum
1802 3464 1896 3528 dogma

1164 3544 1187 3593 t.
1203 3558 1230 3594 ac
1241 3543 1336 3609 primurn
1352 3543 1380 3592 de
1403 3537 1510 3611 ἐνεργείᾳ
1523 3541 1607 3604 agitur,
1622 3540 1715 3604 ejusque
1736 3539 1836 3590 motione
1872 3538 1896 3587 2.

1163 3618 1212 3678 Qua
1227 3619 1313 3669 ratione
1341 3618 1416 3669 differt
1436 3632 1450 3669 a
1472 3618 1595 3668 uoluntate.
1625 3615 1649 3664 3.
1678 3614 1841 3665 llonotheletas
1854 3625 1898 3663 nan

1162 3693 1223 3744 solas
1235 3694 1336 3744 actiones
1350 3694 1431 3745 Christi
1453 3693 1585 3743 humanitati
1609 3690 1754 3751 detraxissse,
1768 3690 1808 3740 sed
1832 3688 1898 3738 etiam

1163 3769 1283 3835 potentias,
1301 3773 1324 3819 et
1337 3784 1378 3820 cur
1400 3770 1432 3819 ita
1445 3768 1563 3819 senserint.
1584 3766 1662 3817 'tacite
1675 3765 1728 3816 illos
1751 3763 1899 3829 Monopbpsi·

1161 3852 1235 3896 tarum
1258 3844 1340 3909 dogma
1363 3844 1453 3895 texisse.
1471 3846 1496 3894 ί.
1513 3842 1578 3903 Quod
1592 3841 1660 3893 certis
1679 3840 1788 3906 probatur
1803 3838 1898 3889 ration·

1162 3919 1213 3981 bus,
1240 3927 1262 3970 et
1285 3919 1314 3971 ab
1329 3920 1452 3985 Apollinari
1468 3919 1593 3985 protectum
1607 3915 1747 3974 odendilnr3
1763 3917 1789 3964 5.
1802 3918 1850 3965 tom
1873 3927 1899 3963 ea

1163 3996 1243 4061 Sergio
1266 4001 1289 4047 el
1308 3996 1408 4047 Macerio
1423 3996 1577 4047 coutirmatur.
1603 3993 1628 4044 b.
1644 3991 1728 4043 Contra
1752 3991 1796 4042 hoc
1812 3989 1899 4053 objecta

1163 4071 1271 4124 nonnulla
1287 4072 1416 4132 solvuntur;
1434 4072 1459 4122 ί.
1474 4076 1496 4122 et
1510 4067 1712 4121 Monotheletarum
1731 4066 1829 4131 genuina
1844 4078 1899 4114 sen·

1165 4148 1233 4199 tentia
1246 4146 1374 4198 accuratius
1384 4146 1517 4212 explicatur.
1851 4139 1896 4188 til

1130 4224 1216 4277 Caena
1229 4223 1276 4273 llll.
1297 4224 1321 4273 l.
1338 4223 1407 4281 tinas,
1429 4236 1457 4273 ac
1478 4221 1578 4271 diuersas
1592 4218 1734 4284 operationes
1745 4231 1795 4268 esse
1809 4214 1900 4273 Christi,

1165 4298 1272 4364 probatur
1300 4298 1411 4363 imprimis
1441 4311 1454 4347 e
1486 4296 1610 4361 Scriptura
1628 4292 1773 4345 testimoniis.
1805 4291 1830 4341 2.
1849 4292 1903 4349 θνα

1166 4372 1325 4424 nonnullorum
1341 4373 1432 4423 Patrum
1450 4386 1491 4421 usu
1515 4370 1660 4421 roborantur.
1691 4368 1714 4417 3.
1744 4368 1803 4417 Tum
1817 4365 1902 4416 ratione

1166 4448 1303 4512 theologica,
1317 4462 1368 4513 qnae
1383 4448 1482 4513 primum
1495 4460 1521 4497 ex
1536 4450 1665 4496 naturarum
1680 4455 1775 4492 numero
1784 4446 1806 4491 et
1819 4439 1902 4491 discri-

1166 4525 1225 4574 nrine
1240 4523 1331 4589 petitur,
1356 4522 1415 4588 quod
1428 4535 1567 4586 unaquaque
1581 4519 1695 4585 propriam
1709 4517 1779 4581 exigit
1789 4516 1904 4582 operatio·

1165 4615 1225 4650 uem.
1255 4600 1279 4649 t.
1295 4599 1360 4658 Quod
1389 4602 1546 4662 argumentum
1573 4594 1719 4661 synodalibus
1742 4592 1867 4649 sententiis,
1881 4594 1904 4640 el

1165 4676 1257 4726 Patrnm
1289 4674 1422 4725 testimoniis
1445 4672 1545 4724 tuleibrr.
1575 4671 1600 4721 8.
1634 4670 1711 4733 ltaque
1741 4665 1903 4718 llonothelelas

1167 4752 1233 4803 nnius
1247 4756 1332 4801 naturae
1347 4752 1471 4800 assertmes
1488 4746 1557 4797 luisse
1574 4745 1747 4797 conducuntur.
1763 4744 1788 4792 a.
1806 4742 1904 4792 Alterura

1166 4832 1333 4891 argumentum,
1358 4824 1417 4889 quud
1441 4823 1460 4874 si
1480 4837 1525 4873 una
1548 4818 1798 4884 cenomanorum
1812 4813 1903 4879 simplex

1168 4903 1234 4965 toret,
1248 4916 1289 4952 nec
1303 4899 1437 4964 composita.
1854 4888 1901 4939 225

1134 4983 1220 5033 Cannu
1236 4979 1293 5030 thl.
1313 4977 1472 5043 Operationem
1496 4975 1520 5025 in
1534 4973 1623 5025 Christo
1644 4971 1760 5037 duplicem
1779 4970 1859 5029 inisse,
1881 4966 1902 5016 id

1168 5062 1203 5109 est
1233 5070 1280 5106 suae
1294 5067 1405 5120 quamque
1431 5056 1516 5101 nature
1544 5053 1716 5111 congruentem,
1748 5060 1775 5095 ex
1807 5050 1902 5094 retem

1169 5134 1260 5183 Patrum
1289 5129 1378 5195 placitis
1403 5126 1538 5187 ostenditur,
1560 5125 1598 5191 qui
1625 5129 1676 5173 ante
1704 5120 1901 5172 Monotbeletaram

1167 5212 1266 5259 erorum
1281 5204 1383 5255 heresim
1401 5202 1545 5257 ssorturuut:
1561 5215 1589 5251 ac
1602 5199 1700 5265 primurn
1714 5196 1901 5247 &colaudans

1167 5284 1320 5350 proteruntur.
1854 5266 1899 5317 2³²

1134 5360 1220 5412 Creon
1234 5357 1273 5408 lli.
1293 5355 1376 5407 Eadem
1389 5367 1430 5420 pro
1449 5364 1543 5403 nurnero
1560 5353 1691 5401 nahxrarunr
1704 5346 1824 5399 diseamus
1847 5356 1901 5408 ope·

1168 5433 1280 5486 rationum
1294 5446 1322 5482 ea
1335 5429 1421 5482 hatiuls
1438 5425 1544 5478 Patribus
1560 5424 1684 5489 cohigltur.
1854 5416 1900 5468 att
