3990 6130
322 246 379 308 iii
833 233 1158 301 reeotoolcottttti
1177 235 1395 302 hoouhrttu

364 411 417 473 Sie
429 411 447 472 J
450 407 566 471 oannes
579 409 785 470 Damaseenus
791 404 871 466 libro
881 402 983 477 tertio,
993 400 1088 463 inille
1140 419 1244 465 earm.
1265 405 1361 466 «Non
1375 422 1486 466 vereor
1499 422 1540 467 ne
1554 403 1716 486 quisdicat
1731 424 1739 466 r
1756 404 1885 468 Crestun

322 510 506 565 naturarum
515 501 648 562 duarum
657 496 874 578 conjunctione
883 500 1089 558 servatasesse
1140 514 1212 576 argo
1230 497 1385 559 Christum
1394 497 1882 578 asserisiRespondebo,Itaorea-

323 595 430 658 soribit
447 594 610 673 utriusque
632 591 855 673 proprietates,
882 595 913 651 et
932 587 1089 650 naturales
1138 595 1207 650 tum
1220 590 1299 663 dieo,
1311 591 1574 670 quemadmodum
1588 590 1886 670 fastumlegi,hoeest

323 687 532 749 differentias:
549 691 585 745 ut
601 706 617 743 <r
630 684 714 764 quod
725 688 865 745 ereetum
879 687 935 758 est,
951 686 1090 741 meatum
1137 680 1253 743 fastum
1268 701 1306 743 en
1319 683 1462 760 muliere,
1475 683 1592 745 festum
1605 683 1663 744 suh
1677 683 1742 763 lege
1757 702 1764 743 :
1782 683 1837 744 hoe
1848 690 1887 746 est

323 775 1085 858 manserit,etquodinereatumest,inereatum⁴.o
1139 775 1310 836 seeundum
1342 776 1568 857 susceptionem
1602 775 1701 837 earnis
1743 780 1885 854 ereetum,

324 873 361 932 Et
383 872 417 932 in
439 870 543 932 libello
570 877 668 932 costra
690 867 860 950 Aeephotos,
876 883 972 927 unam
991 863 1030 926 ab
1053 863 1091 925 iis
1139 868 1311 928 seeundum
1325 869 1407 949 quod
1422 874 1467 930 est
1480 875 1570 930 natus
1583 886 1622 929 ex
1635 868 1797 947 Virgine.»

323 963 520 1025 constitutam
533 968 678 1023 naturum
692 962 751 1022 hoo
762 963 947 1039 argumento
959 956 1088 1033 reiellit;
1180 959 1442 1041 hieronymusad
1461 966 1554 1041 eaput
1574 960 1745 1022 seeundum
1767 958 1887 1040 epistole

328 1077 344 1115 a
358 1058 438 1117 Cum
451 1056 537 1116 enim
550 1054 734 1130 increata,et
748 1052 838 1114 initio
848 1068 955 1113 esrens
964 1050 1003 1110 sit
1011 1047 1090 1109 divi·
1140 1048 1181 1111 od
1193 1049 1348 1132 Ephesios,
1374 1052 1412 1114 de
1433 1053 1587 1114 creatione
1608 1053 1776 1132 disputans,
1797 1055 1827 1113 et
1843 1051 1888 1111 illo

324 1149 421 1224 nitas3
436 1154 537 1209 ereata
558 1164 644 1221 vero,
660 1152 691 1207 et
703 1145 827 1207 initium
845 1142 964 1205 hahens
977 1141 1090 1202 huma·
1141 1142 1372 1206 Proverhiorum
1385 1144 1462 1219 loeo,
1477 1145 1621 1206 Dominus
1630 1142 1756 1227 possedit
1768 1146 1887 1219 mesto,

324 1242 415 1317 nites,
431 1258 568 1320 quanm
579 1240 698 1301 ratione
717 1238 801 1318 quod
815 1254 923 1317 expers
937 1241 983 1295 est
996 1232 1088 1303 initii,
1141 1237 1340 1316 reprehendit
1367 1256 1430 1316 eos,
1459 1237 1513 1318 qui
1547 1236 1702 1299 Christum
1734 1244 1889 1299 ereaturam
1973 1250 1974 1265 ¹

324 1338 356 1394 st
382 1333 465 1413 quod
490 1332 615 1393 initium
641 1330 745 1399 habet,
771 1347 834 1390 una
859 1332 1007 1407 poterunt
1027 1343 1091 1387 esse
1141 1329 1243 1390 dicere
1253 1330 1462 1392 verebantur:
1479 1336 1511 1391 et
1526 1351 1541 1388 a
1554 1328 1651 1392 libere
1665 1328 1889 1411 prodamatnon
1973 1414 1974 1417 Ἴ

1973 1308 1974 1335 i

1973 1338 1974 1373 i

1973 1378 1974 1409 i

325 1423 495 1488 nummi.»
522 1425 560 1485 Et
578 1422 673 1499 alibi3
715 1444 727 1480 a
748 1422 818 1483 Non
844 1420 951 1497 adoro,
978 1419 1090 1498 inquit,
1144 1439 1210 1483 esse
1222 1423 1396 1501 perieulum
1407 1440 1480 1484 eum
1494 1423 1596 1485 disere
1606 1429 1819 1485 ereaturam.»
1973 1420 1974 1469 i

325 1534 392 1579 rem
414 1522 548 1579 creatam
570 1520 684 1596 praeter
707 1519 895 1587 creatorem
920 1511 973 1572 sed
996 1511 1091 1571 adoro
1184 1515 1375 1594 Augustinus
1394 1533 1467 1577 vero
1488 1515 1596 1577 erebro
1616 1515 1752 1597 idipsum
1771 1511 1889 1594 repetit:

325 1616 506 1683 creatorem,
532 1607 588 1689 qui
610 1616 741 1683 oreatus,
769 1605 894 1685 meique
919 1602 1027 1664 similis
1047 1607 1094 1663 est
1146 1612 1181 1667 ut
1192 1607 1226 1667 in
1239 1607 1366 1687 epistola
1378 1607 1711 1687 tv11:«Proindequod
1720 1608 1759 1669 ad
1768 1605 1892 1669 Verbum
1973 1622 1974 1685 q

325 1703 432 1781 iaetus,
448 1702 532 1764 etad
552 1706 737 1768 ereaturam,
754 1699 821 1759 sine
842 1696 1012 1775 ahjeetione
1027 1694 1090 1755 ulla
1145 1700 1264 1775 attinet,
1294 1705 1412 1761 creator
1436 1706 1482 1761 est
1507 1700 1646 1761 Christus
1667 1719 1674 1760 :
1696 1700 1802 1761 omnis
1822 1696 1892 1759 enim
1973 1688 1974 1759 i

327 1796 388 1869 sui,
402 1794 452 1856 vel
464 1793 621 1873 dignitatis
630 1792 752 1871 Jsetura
765 1788 921 1852 deseendit
934 1797 957 1848 ⁶.
969 1808 984 1845 ν
1145 1809 1201 1871 per
1210 1791 1314 1872 ipsum
1327 1792 1495 1854 factasunt.
1504 1793 1591 1865 Quod
1601 1810 1675 1854 roro
1685 1792 1727 1852 ad
1735 1791 1890 1864 hominem,
1973 1762 1974 1839 t

168 1917 199 1964 11·
213 1916 292 1963 unp,
368 1887 422 1948 IV.
448 1886 634 1947 Latinorum
657 1884 785 1946 Patrum
806 1883 889 1944 idem
912 1880 1090 1943 testantium
1147 1889 1288 1945 ereatura
1311 1890 1357 1945 est
1379 1884 1531 1945 Christus.
1559 1885 1671 1945 Factus
1696 1891 1743 1945 est
1764 1884 1843 1945 enim
1862 1898 1894 1941 ex
1973 1856 1974 1941 t

327 1980 446 2060 primus
471 1978 596 2040 socedat
610 1975 756 2038 Hilarius.
773 1975 830 2035 liis
855 1974 889 2035 iu
910 1973 1092 2034 duodecimo
1146 1976 1265 2037 semine
1282 1977 1378 2037 David
1400 1976 1571 2038 seeundum
1585 1992 1722 2053 onmem,
1738 1973 1896 2037 etinsimi·
1973 1944 1974 2035 t

327 2072 518 2137 libroloeum
533 2070 622 2131 ilium
638 2067 877 2141 Proverhiorum,
894 2066 948 2146 qui
965 2072 1093 2126 creatam
1145 2068 1307 2131 titudinem
1321 2069 1486 2130 hominum
1498 2068 1637 2130 fuitum.»
1658 2071 1698 2129 Et
1712 2069 1745 2129 in
1765 2064 1895 2130 Enehiri-

327 2182 383 2225 esse
413 2163 591 2246 sapientium
624 2162 723 2231 docet,
762 2161 908 2220 adversus
932 2157 1094 2219 haeretieos
1145 2159 1201 2235 dih,
1217 2162 1315 2242 sepite
1329 2178 1465 2236 xxxmo,
1480 2182 1495 2219 a
1508 2161 1570 2224 Sed
1589 2179 1662 2222 eum
1688 2160 1776 2221 illam
1794 2163 1896 2221 ereatu-
1973 2188 1974 2219 t

328 2275 486 2331 enarrans,
514 2257 552 2317 de
584 2254 697 2316 Christi
723 2252 862 2313 humana
879 2256 992 2311 natura
1021 2265 1094 2310 eum
1144 2271 1223 2327 ram,
1239 2255 1291 2327 ait,
1315 2273 1409 2334 quam
1435 2254 1529 2333 Virgo
1550 2253 1700 2333 concepit,
1723 2257 1755 2314 et
1778 2252 1894 2332 peperit,
1973 2232 1974 2299 t

328 2347 558 2428 interpretatur,
575 2351 606 2407 et
621 2346 708 2406 illam
727 2362 809 2425 saepe
831 2342 1029 2415 creationem,
1045 2339 1095 2401 vel
1145 2346 1286 2427 quamvis
1295 2346 1335 2407 ad
1348 2346 1445 2407 solam
1456 2364 1622 2426 personam
1634 2345 1690 2406 fllii
1703 2344 1896 2425 pertinentem
1973 2348 1974 2369 ¹

328 2446 503 2501 ereaturam
519 2438 672 2500 nominet.
687 2457 702 2494 a
723 2437 849 2497 Beatam
871 2441 975 2495 eutem
996 2431 1093 2509 illum,
1145 2445 1210 2499 tots
1222 2438 1355 2498 Trinitas
1367 2438 1484 2514 feeerit,
1500 2459 1515 2497 u
1533 2444 1591 2499 etc.
1608 2437 1693 2498 idem
1714 2437 1749 2498 in
1770 2452 1896 2497 sermone
1973 2506 1974 2509 Ἴ

329 2538 480 2594 siveram
496 2530 641 2610 (aitinter
667 2526 737 2610 elia)
763 2532 918 2607 conseptae
931 2524 1094 2586 intrsVir-
1147 2548 1241 2592 mim
1249 2529 1284 2591 de
1295 2529 1396 2593 Verbis
1405 2530 1530 2593 Domitii
1538 2525 1895 2612 ioEvshpelioseeandrm
1973 2530 1974 2533 ’

328 2623 433 2705 ginem
447 2622 547 2691 turnis
561 2622 764 2689 nativitatem,
779 2637 841 2699 qua
858 2625 927 2679 tum
946 2622 1095 2679 creatur&
1144 2621 1303 2700 loannem
1326 2624 1394 2683 «Et
1418 2623 1555 2684 Verbum
1574 2624 1656 2684 Deus
1675 2628 1734 2700 est,
1756 2629 1787 2683 et
1806 2619 1897 2682 anima
1973 2648 1974 2697 j

329 2723 442 2778 nostras
456 2722 487 2778 et
497 2720 620 2790 natura,
635 2719 663 2775 et
675 2713 791 2793 speeies
802 2711 996 2784 nascebatur,
1012 2727 1095 2771 orea-
1145 2715 1280 2776 hominis
1294 2719 1433 2776 ereatura
1456 2719 1519 2789 est3
1531 2718 1562 2775 et
1580 2732 1652 2775 earo
1674 2711 1809 2774 hominis
1829 2728 1897 2773 cres·

329 2814 431 2869 turam
446 2815 477 2869 et
493 2807 645 2869 iacturam
655 2805 821 2886 Apostolus
835 2803 1020 2879 nominavit,
1034 2807 1092 2863 ete.
1146 2812 1216 2868 tura
1229 2812 1276 2867 est
1287 2828 1295 2882 3
1307 2812 1338 2868 et
1356 2824 1427 2867 saro
1443 2805 1581 2867 mortalis
1595 2806 1654 2867 Dei
1668 2812 1809 2867 ereatura
1819 2809 1894 2865 est.»

329 2901 427 2962 Filius
440 2902 545 2981 itaque
557 2918 631 2960 suus
644 2906 690 2960 est
703 2897 827 2979 (nempe
838 2894 905 2977 Dei)
928 2895 982 2975 qui
1000 2900 1047 2956 est
1060 2893 1094 2954 in
1187 2899 1296 2961 sicin
1321 2898 1401 2959 libro
1425 2897 1460 2959 de
1473 2897 1560 2974 Fide,
1580 2907 1609 2958 et
1636 2896 1789 2979 Symbola,
1812 2894 1898 2976 capite
1973 2904 1974 2949 ξ

329 2994 466 3069 homine,
483 3000 514 3054 et
525 3011 564 3054 ex
576 2989 840 3053 homineiaoturs.
857 2989 963 3067 Neque
976 2986 1094 3047 fastum
1145 2996 1275 3071 quarto,
1292 3011 1308 3049 u
1326 2991 1451 3064 Eadem,
1468 2990 1581 3069 inquit,
1597 2991 1760 3069 sapientis,
1781 3006 1846 3069 qua
1866 2986 1898 3048 ds
1973 3012 1974 3023 ν

328 3089 463 3160 tantum,
477 3084 633 3146 sedetiam
645 3088 797 3144 creature.
812 3102 827 3139 t
846 3080 889 3141 Ae
902 3077 1093 3159 paulopost:
1145 3084 1211 3144 Deo
1224 3082 1396 3161 genitaest,
1412 3080 1539 3161 dignata
1550 3087 1597 3142 est
1614 3082 1708 3142 etiam
1729 3083 1764 3142 in
1776 3076 1897 3141 homini-

334 3177 420 3251 oQui
434 3176 519 3238 enim
532 3181 598 3237 erat
613 3176 706 3237 Filius
718 3173 783 3252 Dei,
794 3178 886 3234 natus
899 3177 965 3232 erat
973 3170 1095 3233 ettilius
1144 3173 1203 3235 bus
1225 3174 1334 3235 oresti.
1363 3194 1378 3232 ν)
1403 3175 1484 3233 Tum
1511 3171 1544 3233 in
1570 3173 1670 3253 primo
1696 3172 1735 3234 de
1763 3172 1898 3235 Trinitate

329 3269 466 3331 hominis
482 3289 490 3330 ι
506 3268 656 3349 quianon
670 3265 837 3329 divinitatis
854 3269 920 3325 erat
933 3263 1093 3340 nativitem
1145 3266 1243 3346 sepite
1257 3282 1298 3328 ΧΠ
1316 3287 1331 3325 a
1340 3271 1513 3327 ereaturam
1527 3265 1670 3344 appellat,
1685 3265 1720 3325 in
1734 3265 1899 3346 qushums·

330 3362 384 3423 sed
397 3367 539 3423 ereatura
552 3362 652 3423 earnis
666 3358 922 3440 significationem
935 3357 982 3417 sui
999 3373 1094 3436 gene·
1144 3359 1194 3420 nis
1205 3359 1301 3420 oeulis
1314 3358 1498 3439 apparuit.»
1521 3357 1598 3417 {tem
1620 3357 1654 3419 in
1671 3359 1810 3421 seeundo
1830 3357 1899 3418 libro

329 3452 372 3515 ris
383 3453 509 3534 sosepit.
532 3474 544 3511 ν
1144 3458 1245 3513 contra
1257 3449 1416 3512 lulianum
1429 3448 1538 3529 eapite.
1553 3467 1601 3509 rx.
1612 3451 1728 3525 «Deus,
1738 3450 1793 3531 qui
1805 3445 1901 3527 genuit

373 3539 1093 3622 AmbrosiuslihroprimodeFide‚eapitesexto,
1145 3544 1259 3604 Filium
1282 3542 1342 3604 sibi
1368 3546 1571 3618 eoaetemum,
1596 3542 1681 3621 quod
1701 3542 1738 3603 in
1760 3539 1900 3623 principio

332 3637 461 3699 Arianos
478 3637 636 3697 Christum
655 3634 783 3707 fastum,
800 3640 833 3694 et
855 3639 994 3694 ereetum
1014 3650 1096 3696 asse·
1145 3642 1213 3698 erst
1234 3634 1386 3711 Verbum,
1399 3651 1456 3714 per
1475 3632 1560 3712 quod
1580 3634 1695 3695 ersurit
1713 3651 1809 3696 omne
1830 3628 1903 3713 quod

331 3734 445 3807 rentes,
465 3728 688 3789 «oonsiderare
706 3724 807 3804 jubet,
822 3724 855 3785 in
876 3743 938 3804 quo
958 3730 1098 3786 ereetum
1145 3746 1212 3790 non
1225 3734 1302 3804 erat,
1317 3729 1410 3787 etism
1421 3725 1525 3806 ipsum
1538 3725 1653 3787 creavit
1674 3726 1836 3789 hominem
1847 3722 1904 3785 sine

330 3819 472 3897 legerint,
487 3819 522 3880 in
535 3837 597 3899 quo
610 3817 738 3893 foetum,
754 3821 813 3878 eta.
834 3817 902 3877 Non
916 3817 1001 3878 enim
1017 3818 1098 3878 Deus
1146 3821 1233 3898 vitio,
1249 3838 1314 3881 non
1327 3836 1367 3880 ex
1386 3817 1504 3879 semine
1521 3817 1659 3880 hominis
1677 3837 1736 3901 per
1752 3817 1904 3899 Virginem

331 3911 438 3975 iustus.
457 3912 511 3973 sed
529 3912 609 3971 Deus
630 3909 685 3971 Dei
704 3908 799 3971 Filius
812 3915 903 3970 natus
921 3915 977 3985 est,
994 3914 1099 3988 postes
1146 3920 1265 3976 natum.
1283 3934 1299 3973 t>

332 4008 438 4067 sutem
462 4003 632 4066 seeundum
655 4020 780 4063 earnem
807 4001 902 4062 homo
930 4001 1029 4062 festus
1060 4019 1098 4063 ex
1167 4006 1237 4069 ,Sis
1262 4006 1297 4067 in
1333 4006 1506 4084 fragmento
1536 4020 1718 4067 sermonum
1754 4002 1904 4067 vicesimo·

331 4096 427 4157 Maria
441 4102 497 4159 est.
522 4118 538 4155 i>
556 4095 637 4157 Tum
652 4094 750 4175 rapite
774 4093 916 4173 septimo,
934 4095 996 4155 «ln
1016 4111 1052 4154 eo
1066 4110 1099 4154 se
1148 4105 1244 4176 sexto,
1262 4117 1301 4160 ex
1312 4099 1402 4160 Bedse
1416 4097 1645 4160 commentariis
1657 4097 1909 4177 sdrsputseam·

333 4196 471 4251 ereetum
489 4189 574 4266 dicit,
586 4188 621 4249 in
639 4206 702 4267 quo
721 4192 753 4247 et
775 4185 936 4247 hominem
955 4185 1100 4247 testifica·
1149 4189 1225 4249 dum
1252 4188 1389 4268 epistolia
1415 4186 1455 4248 od
1480 4186 1699 4268 Philippenses,
1728 4207 1746 4245 s
1772 4185 1909 4246 Videmus

332 4286 394 4344 tur.
408 4303 424 4341 t>
438 4281 489 4344 Sis
509 4281 589 4342 libro
604 4284 725 4360 quarto,
742 4278 841 4359 eapite
854 4279 1000 4347 seeundo,
1016 4277 1100 4358 quod
1149 4298 1224 4360 ergo
1239 4281 1346 4342 iesum
1366 4279 1534 4356 Christum,
1558 4278 1670 4357 inquit,
1694 4283 1725 4339 et
1748 4279 1860 4350 Deum,
1884 4276 1911 4333 et

332 4373 497 4454 Apostolus
516 4370 591 4446 ait¹,
611 4376 703 4452 eaput
726 4388 782 4431 esse
805 4368 919 4431 Christi
937 4368 1045 4447 Deum,
1061 4369 1101 4430 ad
1150 4373 1328 4447 hominem
1343 4371 1500 4433 Christum
1522 4375 1554 4432 et
1573 4370 1724 4431 tectorem
1746 4384 1863 4440 rerum,
1885 4369 1912 4426 et

333 4472 523 4546 assumptam
542 4480 693 4526 «samem
706 4461 842 4535 reiertpt
861 4459 1098 4541 quiadivinites‚
1151 4464 1267 4527 iactum
1294 4464 1327 4524 in
1354 4463 1448 4525 rebus
1478 4461 1666 4524 :Christum
1692 4469 1724 4524 et
1752 4468 1912 4524 erestorem

332 4563 440 4640 utpote
454 4556 595 4631 creatrix,
612 4560 704 4637 eaput
717 4558 763 4616 est
776 4558 932 4616 ereatura.
947 4574 963 4612 u
1151 4556 1298 4633 hominis,
1314 4561 1345 4617 et
1358 4561 1498 4617 creatum
1515 4554 1717 4616 hominem.»

376 4650 464 4713 Idem
490 4647 671 4711 Ambrosius
688 4647 830 4709 sermone
849 4660 871 4707 ν
889 4642 929 4705 sd
948 4643 1102 4708 Psuimum
1193 4651 1235 4711 V.
1257 4649 1318 4711 Leo
1333 4649 1415 4728 Papo
1430 4646 1551 4729 primus
1568 4646 1603 4708 in
1625 4663 1770 4709 sermone
1789 4639 1914 4709 seruum

372 4895 394 4936 a
414 4878 529 4935 oraru.
548 4871 644 4947 Τδγὰρ
656 4869 753 4929 tristis
769 4870 889 4945 μεμένηκε
901 4869 1010 4937 sumis,
1020 4873 1062 4926 so
1075 4871 1104 4928 si
1189 4870 1441 4932 eidemiib.1de
1462 4872 1558 4943 Imap.
1578 4869 1614 4926 ot
1638 4876 1772 4944 spemin
1793 4875 1824 4945 τῇ
1847 4863 1915 4922 adast

337 4959 597 5025 ‘mitratum'-
1152 4956 1274 5031 ausast
1288 4957 1415 5012 κτίσαντα·
1438 4954 1504 5010 etti
1523 4961 1656 5027 προσκυνῶ
1676 4955 1720 5010 ev
1747 4953 1848 5023 anetho
1871 4969 1917 5005 ττι·

373 5044 496 5102 ὁῙῑῙθῐΠ·
517 5039 547 5093 Et
559 5039 680 5111 ὅπως)
695 5038 737 5092 καὶ
750 5036 886 5111 &tappet
909 5038 1001 5107 sitm,
1019 5035 1104 5106 timi
1154 5042 1241 5095 σθέντα
1255 5039 1348 5095 τὸκατ’
1361 5037 1414 5113 us,
1428 5038 1469 5093 καὶ
1483 5036 1516 5101 εἰς
1528 5038 1605 5093 κτίσιν
1615 5037 1791 5101 dimissimus
1812 5038 1852 5091 sei
1864 5034 1916 5088 ht-

340 5128 376 5195 tt,
386 5128 429 5182 “t
442 5121 580 5198 tpqpuqt,
597 5121 763 5194 utpoatrq„
777 5127 830 5186 πῶς
843 5121 873 5175 τὺ
887 5120 1006 5196 ἄναρχον,
1023 5122 1064 5175 καὶ
1077 5121 1107 5177 τὸ
1154 5124 1271 5198 tespites
1282 5123 1475 5192 κατιληλνθότα.

339 5211 462 5286 ἠργμένον
472 5210 528 5282 μιᾶς
536 5206 605 5263 ἕσται
618 5205 726 5278 phasim

364 5402 508 5450 iidemu.
