3990 6130
353 262 412 329 tto
870 273 1195 343 remissionibus
1215 274 1433 340 mouerunt

181 475 329 576 terete
353 430 1115 609 stituit?,tttttmtttttttt
1166 439 1945 615 ,tttntttdtlttttttltttd

351 612 563 693 Ancyreum,
593 620 692 700 eapite
721 621 839 684 decimo
865 630 967 697 sexto,
994 624 1116 687 uidetur
1165 625 1225 687 fuit
1238 628 1321 688 enim
1335 628 1521 690 Ariancrum
1535 629 1669 708 partium
1683 648 1691 704 ;
1706 646 1765 691 nee
1783 629 1849 689 satis
1859 628 1908 708 pie,

353 705 520 786 Christum,
546 716 582 772 ut
607 711 780 790 hominem,
808 715 874 776 sola
898 724 978 793 θισει,
1007 716 1041 779 id
1068 718 1116 779 est
1165 734 1201 778 ac
1219 719 1337 781 sineere
1360 722 1399 782 de
1418 721 1538 782 Christo
1557 720 1692 782 Domino
1715 721 1855 782 mutiens.
1873 721 1910 781 De

351 795 513 880 adoptione,
541 802 682 866 confiteri
708 823 774 869 esse
797 806 909 871 filium.
937 807 1115 869 Camenim
1165 810 1280 890 cyrillo
1297 813 1407 892 maj0r,
1423 818 1455 875 et
1465 810 1624 892 operosior
1644 818 1691 874 est
1709 812 1832 892 questo
1846 830 1854 873 ι
1866 811 1911 892 qui

270 945 285 990 ·.
349 889 528 954 Marcellum
537 894 581 955 tbi
588 897 837 976 reprehenderet,
845 901 929 980 quod
940 910 1116 982 uqnvoes·
1164 902 1287 965 duobus
1301 904 1335 964 in
1348 904 1424 966 locis
1434 903 1570 986 adoptivo
1583 904 1652 986 pilio
1668 903 1825 981 rumerari
1837 904 1911 966 ride·

349 980 459 1045 bulum
474 985 642 1050 identidem
669 997 843 1073 usurparet,
859 1010 916 1055 nec
934 993 1036 1070 filiurn
1056 991 1115 1053 liei
1164 999 1225 1056 tur.
1241 996 1366 1058 Primus
1378 995 1469 1059 estin
1482 996 1605 1076 dialogo
1619 997 1735 1059 testim
1755 996 1912 1058 ubloontm

348 1077 525 1141 nominaret
537 1080 720 1163 potiusque
734 1084 988 1166 seGhristusipse
1000 1086 1114 1166 sapius
1163 1088 1294 1150 Αοίοιιοο
1320 1088 1493 1170 disputans,
1526 1113 1541 1143 ι
1565 1089 1620 1168 qui
1651 1089 1752 1150 lilium
1777 1074 1913 1168 negabant

346 1167 381 1229 in
395 1171 568 1251 Evangeliis
581 1175 714 1254 appellat
728 1195 736 1237 :
751 1177 791 1238 ad
811 1177 962 1257 maiorem
980 1177 1026 1238 illi
1041 1195 1115 1240 eon·
1162 1197 1273 1242 serum
1286 1198 1352 1243 esso
1365 1183 1476 1259 [leura
1490 1182 1545 1243 sed
1564 1181 1744 1261 huiusmodi
1761 1199 1867 1243 nomm
1881 1181 1913 1242 de

347 1261 502 1325 citandam
511 1265 671 1343 invidiam,
686 1266 753 1347 ejus
762 1269 989 1350 verbuproiert
1000 1270 1115 1352 quibus
1162 1272 1320 1335 uoluntate
1334 1274 1447 1351 Patris,
1461 1272 1604 1335 beneficii
1614 1274 1661 1335 illi
1674 1274 1913 1336 loeoconoeusum

347 1354 502 1417 asserebat
517 1359 696 1421 «Christum
709 1380 774 1422 non
787 1380 819 1423 se
834 1363 998 1425 Deifilium
1011 1365 1112 1425 nomi·
1163 1364 1332 1445 putabantl
1347 1386 1385 1426 :s
1402 1365 1666 1447 postlongumde
1682 1360 1741 1428 hee
1757 1384 1794 1428 re
1810 1365 1913 1428 instita

347 1463 438 1524 nare,
454 1449 508 1509 sed
517 1448 633 1530 ubique
646 1452 748 1515 filium
774 1454 922 1517 hominis.
937 1475 954 1515 ο
971 1457 1060 1531 Quod
1076 1473 1114 1518 ec
1163 1462 1431 1531 tammonem,
1444 1459 1488 1521 ita
1501 1459 1628 1520 demum
1640 1449 1914 1534 compescimus
1975 1446 1976 1477 l

346 1547 451 1602 mente
465 1542 620 1622 scripsisse
634 1546 814 1607 Marcellum
827 1546 882 1625 ait,
901 1548 1028 1613 cutists
1040 1567 1113 1628 pro-
1162 1550 1267 1625 nitur,
1282 1550 1313 1610 id
1327 1551 1411 1629 quod
1431 1550 1766 1613 reetesebsberetutc
1779 1549 1841 1630 ipse
1852 1568 1913 1611 eon·
1975 1560 1976 1611 ξ

345 1631 477 1695 sessione
490 1635 639 1714 adstruat,
655 1638 816 1700 hominem
836 1640 1113 1719 adoptiouefilium
1162 1641 1272 1719 literis,
1298 1648 1541 1705 consentaneum
1566 1660 1641 1720 esse,
1665 1648 1701 1703 ut
1726 1647 1803 1704 tuna
1823 1643 1914 1704 damn
1975 1662 1976 1687 ³

346 1725 413 1795 Dei,
428 1733 552 1806 propter
574 1731 837 1800 communionem,
857 1750 952 1813 οιιιιιο
975 1751 1047 1795 eum
1058 1733 1112 1794 illo
1163 1735 1375 1797 existimemus
1387 1735 1482 1797 fuisse
1505 1734 1582 1796 Filio
1610 1753 1727 1797 nomon
1743 1730 1831 1811 illud,
1844 1733 1914 1814 quod
1975 1746 1976 1771 ³

345 1816 805 1897 babuit,essefaotum⁰.n0uod
819 1823 1113 1904 igiturexMarcelli
1162 1832 1210 1890 est
1231 1845 1324 1907 super
1343 1846 1436 1890 omne
1450 1846 1577 1900 nomen,
1593 1828 1718 1908 quando
1739 1832 1773 1889 et
1798 1826 1915 1888 formam
1975 1832 1976 1847 ³

345 1910 447 1971 serbis
460 1913 602 1975 concludi
615 1915 722 1977 amerit
737 1915 895 1991 Eusebius,
911 1917 1033 1980 ridetur
1047 1917 1112 1998 ipse
1160 1919 1262 1981 nostri
1290 1919 1422 1982 similem
1454 1920 1591 1997 subiens,
1612 1926 1762 2000 tauquam
1790 1937 1866 1983 unus
1883 1935 1915 1980 ex
1975 1946 1976 1997 3

344 2003 483 2079 sensisse,
498 2022 560 2084 qna
573 2005 801 2071 filiushominis
815 2013 871 2086 est,
877 2009 1002 2071 nonnul
1015 2009 1111 2091 adop·
1162 2011 1254 2072 nobis
1266 2013 1299 2072 in
1315 2012 1416 2074 filium
1436 2011 1608 2092 adscriptos
1622 2017 1669 2074 est
1688 2011 1753 2088 eei,
1768 2012 1915 2093 adoptatus
1975 2032 1976 2071 1

343 2094 428 2159 tione
456 2098 513 2159 Dei
540 2116 606 2160 esse
633 2099 746 2179 filium,
760 2120 797 2162 ao
815 2110 900 2183 epten
918 2103 1064 2183 quadam
1081 2108 1113 2164 et
1162 2103 1324 2165 nobiscnm
1338 2110 1369 2166 et
1390 2110 1518 2185 propter
1535 2123 1593 2167 nos
1607 2104 1659 2165 ille
1678 2121 1784 2179 verus,
1802 2122 1838 2165 sc
1856 2120 1914 2182 ger·
1975 2160 1976 2165 ,

342 2194 469 2267 propter
491 2192 754 2269 communionem,
774 2212 870 2273 quam
885 2211 957 2255 cum
979 2195 1031 2256 liei
1046 2194 1110 2256 filio
1160 2213 1284 2273 manus,
1297 2202 1334 2257 ut
1354 2203 1386 2258 et
1407 2214 1465 2260 nos
1487 2203 1614 2277 propter
1634 2195 1913 2277 ipsumfiltisimus,
1975 2214 1976 2217 ¹

341 2274 459 2340 habuit:
476 2279 758 2360 quoefthestorii
767 2283 1108 2362 postmodumlrasresie.
1160 2286 1373 2367 glorimillius
1390 2307 1461 2369 quas
1474 2295 1621 2351 naturam
1632 2293 1774 2369 superat,
1791 2304 1915 2368 compre-
1975 2278 1976 2281 ¹

377 2506 398 2548 a
416 2492 516 2549 Eusss.
544 2493 554 2548 Ι
578 2490 708 2549 delicet.
725 2492 810 2550 ibent.
835 2509 896 2565 cap.
925 2511 980 2550 ινι.
1000 2496 1048 2549 Καὶ
1066 2496 1108 2550 διὰ
1193 2498 1484 2556 resarciuntur.
1505 2498 1915 2570 illiqelitporrotetedlqtnte
1975 2516 1976 2573 j

341 2580 415 2630 τοῦτο
435 2575 485 2649 οὐχ
501 2576 554 2630 οἱον
575 2576 629 2630 θεοῦ
650 2576 736 2630 ἑαυτὸν
754 2576 880 2650 ὀνομάζει,
902 2577 968 2632 ἀλλὰ
981 2575 1108 2653 πανταχοῖι
1157 2580 1243 2649 inibe,
1259 2582 1404 2655 διαγελῶσιν
1427 2582 1504 2649 ebibe,
1525 2583 1567 2637 ιιιιὶ
1587 2583 1660 2655 φασὶν
1674 2581 1719 2635 oin
1741 2577 1915 2655 rimdsbspit
1975 2594 1976 2635 ξ

339 2657 392 2713 οἱον
407 2659 546 2731 ἀνθρώπου,
559 2658 601 2713 ἵνα
623 2659 664 2713 διὰ
688 2664 731 2729 τῆς
749 2660 809 2733 πρὸς
822 2660 894 2716 αὐτὸν
908 2662 1037 2726 κοινωνίας
1054 2663 1106 2717 οἷὸν
1157 2664 1234 2727 ὄντως
1248 2664 1373 2734 ἀληθινὸν,
1387 2667 1529 2740 κεχαρίσθαι
1541 2665 1568 2721 dl
1581 2666 1650 2739 αοτῷ
1661 2663 1773 2738 τοῦνομα
1785 2664 1847 2720 scri
1856 2664 1916 2732 iliq-
1975 2694 1976 2719 ;

338 2737 395 2794 θεοῦ
406 2743 515 2816 γενέσθαι
528 2744 712 2818 παρασκευάσῃ.
1156 2766 1195 2802 ers
1208 2751 1366 2822 τοῦπατρὸς.
1975 2736 1976 2739 ¹

336 2923 495 2977 dinumerati
509 2925 584 2977 Minus
597 2924 698 2991 protetio
721 2923 835 2976 coherere
849 2938 901 2976 oum
923 2923 1107 2976 antecedentibus
1191 2926 1215 2976 3.
1235 2925 1292 2979 Gom
1306 2925 1338 2978 sit
1356 2925 1473 2990 Petsdus,
1486 2926 1562 2981 missu
1574 2926 1689 2980 coherere
1705 2942 1757 2980 eum
1770 2926 1915 2982 sumsisti·

336 3000 428 3051 verbum
439 3001 565 3063 odoratur,
580 3015 647 3065 quam
658 3000 802 3066 adoptetur;
813 2999 932 3066 minusque
946 3002 1020 3071 aptam
1033 2999 1106 3051 videri
1155 2998 1203 3053 'sus
1215 3001 1308 3053 verbnm
1321 3003 1447 3066 ederetur,
1458 3016 1525 3069 quom
1539 3003 1678 3068 adoptatur,
1689 3003 1915 3071 nonpossumusquis
1975 2996 1976 3023 ³

336 3076 470 3140 orationem,
485 3076 504 3128 si
529 3076 648 3128 edmundi
662 3089 705 3127 νοιι
723 3080 844 3142 repetatur.
860 3075 894 3125 lis
906 3074 988 3140 qulbus
1005 3074 1106 3126 absolute
1156 3076 1305 3142 refragamur,
1321 3082 1411 3145 propter
1425 3078 1533 3143 rationes,
1555 3094 1611 3142 quas
1633 3078 1745 3145 superiori
1762 3080 1835 3147 capite
1851 3078 1916 3130 dedn-

336 3155 432 3220 eolliqlt,
459 3155 599 3207 retinendum
617 3168 667 3206 esse
690 3154 828 3219 adoptetur.
853 3153 923 3218 Cujus
940 3152 1023 3216 serbis,
1044 3153 1105 3205 salva
1156 3152 1239 3204 rimus.
1255 3152 1289 3205 Ne
1303 3156 1378 3205 umen
1393 3154 1511 3206 videamur
1522 3155 1578 3206 tanti
1599 3153 1644 3205 riri
1664 3154 1822 3209 auctoritatem
1843 3159 1917 3206 unus

336 3243 386 3296 quc
398 3229 816 3283 masimadebeturerudltissimosiro
829 3228 1105 3291 ruantquaehaisn
1155 3227 1344 3295 etimprudenter
1357 3230 1487 3295 negligam
1518 3229 1587 3282 lteest
1610 3229 1644 3280 illl
1671 3243 1788 3296 opponere
1807 3229 1874 3283 niun
1894 3242 1917 3280 er

335 3321 386 3373 que
400 3306 558 3374 respondean.
1150 3304 1234 3369 ,eedem
1242 3306 1350 3358 ἰοοίοιιιο
1366 3310 1445 3360 uestro
1464 3305 1629 3360 nobilissimum
1655 3304 1917 3371 iimloqnmtirbrlslcu
1975 3296 1976 3367 ἶ

369 3382 612 3445 silandensium
634 3378 749 3433 essesine
779 3380 861 3432 idonea
877 3383 980 3432 seierum
1000 3377 1105 3433 codicum
1155 3379 1311 3447 llasqnssium,
1328 3381 1393 3447 eujus
1406 3381 1497 3448 quidem
1510 3382 1608 3434 eruditio
1617 3381 1799 3435 lemannum
1808 3383 1917 3448 initqm
1975 3372 1976 3387 ¹

333 3459 465 3511 auctoritaie
492 3458 644 3525 reponendum
658 3458 784 3519 odoretur,
808 3460 885 3524 aperta
908 3456 1030 3522 siguificat,
1059 3470 1103 3508 non
1154 3448 1249 3517 Pontii,
1264 3457 1304 3509 sed
1318 3457 1434 3522 ingenium
1460 3472 1505 3509 uon
1519 3458 1594 3510 minus
1613 3472 1676 3521 nere,
1691 3461 1713 3509 et
1732 3457 1864 3526 perspicer,
1880 3469 1916 3509 oet

333 3549 439 3588 recusus
452 3549 487 3597 se,
505 3534 559 3601 quin
573 3533 653 3600 reponi
666 3532 746 3585 debeat
759 3530 851 3584 verbum
866 3531 992 3594 οὰοιοιιιι,
1007 3530 1026 3583 si
1036 3530 1103 3582 modo
1154 3530 1228 3583 minor
1241 3530 1264 3583 in
1278 3547 1305 3583 aa
1320 3532 1438 3587 tractanda
1457 3532 1581 3599 quastione
1602 3531 1728 3598 diligentia.
1753 3532 1797 3585 ille
1820 3548 1874 3597 erqo
1887 3532 1917 3583 sis

333 3611 394 3664 sdsit
408 3611 490 3663 idonea
514 3614 616 3662 setarum
629 3609 733 3661 codicum
748 3608 878 3660 suctnrttss.
903 3607 970 3673 Atqui
993 3606 1103 3670 ejusmodi
1153 3604 1267 3672 loqu'iur:
1286 3607 1573 3674 «Quamvisiusliqsilsus
1586 3608 1703 3661 codicibus
1717 3606 1915 3669 mansuescens,
1975 3634 1976 3637 ¹

333 3686 490 3739 auctoritatem
507 3700 553 3737 non
568 3686 725 3749 deessesuprs
738 3684 886 3736 ostenffimus.
901 3683 959 3734 linio
972 3683 1032 3735 eninr
1051 3682 1104 3735 lee-
1152 3681 1288 3735 nisenam
1301 3682 1357 3736 illud
1371 3685 1508 3750 adoptato,
1524 3685 1547 3735 ln
1560 3683 1613 3735 sltls
1628 3688 1703 3735 umen
1723 3682 1809 3748 legitur
1833 3684 1917 3735 οὼιιι-

334 3762 389 3813 ttoni
412 3775 457 3813 non
471 3760 539 3812 modo
556 3760 631 3811 tavent
644 3757 805 3824 antiquissime
825 3772 905 3809 omnes
918 3757 1102 3823 editoresque
1153 3761 1209 3809 tur:
1223 3759 1247 3810 in
1260 3773 1305 3826 quo
1321 3758 1389 3812 beda
1405 3759 1478 3826 poturit
1499 3759 1587 3812 inauris
1606 3759 1749 3826 scriptorum
1761 3773 1830 3813 etms
1841 3756 1917 3824 eliquit
1975 3754 1976 3757 ’

333 3836 419 3901 utique,
435 3835 568 3901 exscriptis
591 3832 708 3886 codicibus
728 3834 794 3884 taeta
815 3837 875 3897 sunt,
902 3832 942 3884 sed
966 3833 1032 3885 etiam
1051 3836 1101 3899 ipso
1152 3832 1260 3900 irrepere,
1285 3835 1415 3888 Hanerero
1428 3849 1479 3889 esse
1492 3835 1611 3889 lectionem
1640 3849 1771 3900 germanam
1785 3849 1814 3887 cx
1840 3834 1917 3902 optino

333 3908 450 3963 Eriststlrio
465 3912 556 3966 tabum.
567 3910 644 3977 plures
658 3924 685 3960 ex
702 3908 737 3960 bis
750 3909 789 3975 qui
803 3923 863 3961 nune
876 3908 996 3971 habentur,
1010 3908 1101 3961 codices
1151 3922 1228 3972 sensu,
1248 3925 1314 3977 quern
1333 3909 1524 3977 redditserbum
1547 3911 1675 3974 aduraim,
1697 3910 1752 3962 mitt
1775 3910 1852 3964 babeo
1868 3922 1919 3977 pe·-

333 4000 401 4039 srsnu
424 3987 517 4039 armti.
535 3985 594 4037 linio
607 3988 716 4050 preterea
727 3983 820 4036 testord
833 3984 969 4049 suffragatur
981 3983 1099 4047 ileumus,
1151 3998 1256 4047 sussum3
1278 3999 1331 4038 cunr
1346 3989 1422 4037 umes
1437 3985 1529 4038 verbum
1543 3984 1670 4052 stomun,
1684 3984 1828 4051 strationem
1840 3984 1917 4035 bouum

332 4062 371 4130 qut
385 4062 468 4114 diserte
481 4062 547 4114 donet
561 4061 659 4113 Felicem
677 4058 847 4126 pomeraniae
872 4059 948 4112 diens
961 4060 1100 4125 ιιοοριοιιιι,
1151 4072 1242 4112 sessum
1255 4060 1379 4128 exprimere
1393 4059 1475 4113 adeat.
1490 4059 1564 4114 teris
1587 4059 1668 4113 llilsrii
1683 4060 1712 4111 ds
1735 4059 1822 4112 Christi
1835 4056 1918 4112 uun·

332 4138 371 4190 nbi
381 4138 446 4191 drus
463 4137 561 4189 Hilarius
570 4137 603 4189 ait
616 4136 745 4187 οάοιιιιιιι.
771 4130 844 4187 Porro
857 4149 924 4189 nemo
939 4148 983 4186 non
997 4133 1103 4199 intelligit
1150 4138 1196 4186 tais
1207 4135 1330 4190 meandum
1340 4135 1565 4189 esmemsunthse:
1586 4152 1597 4185 r
1612 4132 1688 4187 Abori
1695 4134 1919 4200 tntdlipttsmiid

332 4214 482 4266 testimoninm
497 4213 541 4265 boc
560 4210 651 4264 mantnt
664 4210 795 4262 affirmantis
809 4210 918 4263 ildariam
931 4210 1006 4277 reipsa
1019 4210 1102 4263 dixisse
1150 4210 1489 4275 seminabituinsinus
1497 4211 1830 4277 assimoooasptn'trutpnrit
1841 4211 1917 4277 Virus.

332 4291 456 4349 adoratur,
480 4288 550 4339 instar
567 4302 617 4339 esse
633 4286 778 4337 vetustissimi
798 4284 892 4346 codicis,
908 4284 954 4336 imo
968 4291 990 4335 et
1003 4284 1100 4351 plurium
1146 4286 1318 4351 pertusulieo
1332 4286 1482 4352 estdnfnns
1494 4288 1568 4352 usqu,
1583 4283 1918 4351 isuduntesdnqelisudirus·
1975 4282 1976 4285 ’

331 4366 434 4417 codicum
448 4363 666 4424 vetustissimorum
682 4375 754 4427 neque
777 4361 836 4412 enlm
859 4361 893 4411 sir
904 4364 970 4412 atate
984 4374 1025 4412 sua
1042 4361 1101 4412 doc·
1150 4364 1200 4421 tur,
1210 4362 1288 4426 panni
1301 4362 1408 4423 sordent,
1422 4362 1487 4413 bern
1496 4361 1806 4427 odornsrdtspotestetts
1816 4360 1918 4427 ducitur

332 4440 432 4493 testum
445 4439 515 4492 Felici
532 4438 621 4490 crimini
636 4441 741 4500 venarer,
757 4435 816 4501 qnod
827 4435 919 4487 omniuo
931 4435 1100 4501 perversissime
1149 4450 1199 4487 non
1207 4437 1329 4488 amittitur
1336 4435 1632 4497 ,dumesrntsleumilttas
1639 4435 1781 4488 ιιάοιιιιιιι.»
1794 4434 1838 4488 liin
1847 4434 1919 4502 parti·

330 4516 385 4569 dicit
401 4516 539 4581 adoptatur,
555 4513 595 4564 ubi
609 4513 674 4565 dirus
687 4512 786 4564 Hilarius
800 4511 833 4563 nit
844 4511 971 4573 odoratur,
986 4511 1029 4563 uisi
1043 4524 1099 4577 per·
1149 4512 1199 4564 culs
1207 4511 1397 4572 dumaiubabd
1408 4511 1516 4575 maestis,
1533 4510 1627 4577 perinde
1638 4514 1706 4578 etque
1715 4511 1829 4577 particule
1841 4511 1919 4577 epus-

329 4609 420 4647 suasum
439 4594 482 4661 ipsi
509 4593 598 4654 inisset,
613 4605 692 4644 omnes
722 4590 802 4643 flunt
828 4590 920 4643 cedices
944 4594 999 4642 tuse
1023 4589 1099 4656 reipsa
1147 4587 1303 4640 dem.lleddlt
1313 4587 1459 4653 erqooptiue
1467 4586 1728 4651 conuncupatur
1733 4587 1918 4652 pomnsem

328 4668 434 4725 habuisse
447 4668 540 4721 verbum
553 4667 613 4719 istud
627 4667 751 4719 masur.
1147 4664 1274 4715 omittetur
1286 4663 1344 4714 inter
1354 4668 1451 4729 partum
1461 4663 1559 4727 santus,
1569 4666 1592 4712 et
1604 4661 1708 4713 sordidos
1723 4661 1918 4727 permittens,

361 4744 387 4797 s.
408 4744 537 4797 cumidem
557 4741 663 4795 Petarins
677 4740 767 4806 uegsdt
782 4737 1023 4804 deqermnnstlllaril
1046 4737 1098 4791 leo·
1146 4737 1205 4788 dum
1222 4738 1304 4789 menis
1328 4737 1454 4789 lumiliter
1481 4737 1607 4788 odoratu.
1632 4734 1689 4788 Cum
1713 4734 1774 4787 enim
1788 4738 1915 4797 οοοιοιιιι,

327 4818 713 4872 tiouetemereassenitendnmesse
723 4817 855 4879 Hinemsro,
870 4813 1095 4887 nonsattsadveriit,
1146 4813 1268 4865 retundis
1284 4827 1312 4864 oa
1328 4812 1434 4877 ιοοὶοοιιο
1447 4825 1493 4864 sue
1510 4811 1610 4873 deitatis,
1638 4809 1668 4863 ob
1704 4824 1772 4876 quum
1797 4825 1853 4865 enm
1881 4809 1919 4862 ills

328 4895 353 4947 t.
368 4894 488 4947 sionnam
502 4894 623 4947 Hiscmsro
635 4891 802 4958 quodammodo
811 4890 1014 4958 protumidas
1023 4889 1097 4956 seilp-
1145 4889 1270 4943 manc.
1281 4887 1308 4940 Si
1321 4900 1374 4940 sero
1383 4887 1447 4953 lepis
1467 4885 1607 4953 adoptstsr,
1621 4884 1659 4937 ris
1674 4898 1756 4939 ansus
1765 4885 1919 4953 prnoeffl·

326 4970 385 5025 sisse
408 4984 458 5035 pras
480 4969 630 5023 curatorem
653 4968 702 5032 ejus
723 4967 815 5021 omnino
838 4965 969 5019 credibilem
988 4964 1096 5018 reddum.
1144 4963 1188 5017 bus
1201 4963 1316 5017 coherere
1326 4967 1425 5029 potest»
1441 4964 1556 5016 Ηιοιονοι
1568 4962 1715 5027 amoma,
1736 4963 1776 5028 qut
1790 4974 1850 5015 sne
1862 4972 1918 5030 prs-

326 5046 352 5097 2.
368 5045 526 5105 discussum,
549 5057 617 5107 quarn
638 5041 707 5097 Felici
733 5042 911 5095 intenderetis
934 5040 993 5092 libro
1014 5039 1096 5091 Hilarii
1144 5039 1232 5092 nnutbt
1252 5038 1322 5091 rerba
1346 5037 1387 5090 illo
1415 5038 1531 5090 οάοιιιινι
1547 5038 1658 5104 mnam
1679 5050 1772 5090 sem
1800 5036 1916 5091 exbsbsrls

325 5123 447 5188 depressis
473 5117 667 5177 criminationem,
696 5117 798 5169 eumdem
815 5118 840 5168 lu
862 5116 908 5169 alio
922 5120 1000 5182 postea
1026 5129 1096 5181 opere
1144 5119 1223 5167 eontra
1237 5128 1290 5166 sero
1303 5114 1340 5165 rix
1358 5128 1450 5166 sensum
1467 5112 1772 5179 pmndsntbuseotsrsr·
1796 5110 1917 5179 possent

326 5194 535 5253 reperissemus
558 5192 683 5256 colligitur,
703 5192 814 5243 neminem
841 5197 895 5244 tunc
917 5192 996 5253 iniec,
1020 5191 1058 5257 qui
1073 5190 1093 5242 ei
1144 5190 1397 5255 legamusodoptntur.
1412 5188 1533 5253 cumerqo
1551 5187 1626 5240 bactu
1639 5191 1794 5254 parteaperte
1806 5189 1917 5255 repugnet

324 5270 463 5324 renuntient
489 5268 661 5322 conuadieeret.
693 5267 717 5319 3.
738 5267 839 5335 lienique
862 5267 981 5319 Felicitan
1007 5266 1094 5319 fraudis
1143 5266 1250 5329 Peterin,
1270 5280 1312 5318 nos
1338 5265 1362 5317 in
1384 5280 1410 5317 re
1435 5270 1580 5317 controversa
1606 5263 1763 5317 suoloritstem
1786 5264 1915 5331 sequimur,

323 5346 420 5411 resipis
441 5345 562 5397 stamnum
589 5341 744 5409 superessem
764 5343 856 5409 antiquo
871 5343 960 5407 oedtce,
985 5341 1024 5408 qul
1039 5342 1093 5395 olim
1143 5354 1210 5408 qoam
1228 5340 1395 5403 reessmtnste,
1409 5344 1538 5407 etexpeuso
1551 5336 1917 5393 commilititonum

324 5418 598 5488 sqnupnneuslsrnerlr.
1143 5416 1271 5483 propiorem
1285 5415 1478 5470 sustratum.»
1494 5414 1700 5469 Heederrsonlus.
1785 5410 1815 5466 ἲ.
1835 5412 1905 5466 Η
