3956 6158
469 436 489 451 ⁶
507 366 557 428 DE
577 362 876 429 INCARNATIONE,
900 361 974 424 LIB.
997 362 1064 435 Xll,
1091 362 1178 424 CAP.
1201 362 1287 425 xlv.
1619 355 1678 420 aab

99 530 157 592 beo
171 532 357 593 sacrificium
369 540 547 613 utrumque,
564 533 694 610 visibile,
706 540 736 592 et
750 531 862 591 invisi·
912 531 1101 592 Testamenti
1115 532 1189 600 novi
1210 531 1335 592 cxliibat
1353 528 1523 591 secundnm
1537 527 1679 590 ordinem

98 623 155 684 bile
170 624 366 686 olfercndnm
384 644 449 687 esse
469 626 568 693 docet.
588 647 600 683 e
616 626 764 700 Quocirca
784 624 864 684 sicut
912 623 1115 685 Melchisedec
1128 624 1166 685 de
1180 642 1319 705 corpore,
1335 630 1366 709 et
1383 622 1533 702 sanguina
1547 642 1602 683 saro
1615 628 1631 682 ‘l
1644 624 1679 682 id

98 722 227 789 orantes,
241 718 354 798 inquit,
370 718 633 799 atqnclaudantes
646 719 684 779 ad
699 737 773 780 enm
793 717 864 778 diri·
912 717 995 777 enim
1011 716 1501 779 sacriticinmsucccssitomnibns
1511 715 1572 776 illis
1585 717 1679 777 sacri-

98 810 195 888 gimns
221 812 431 890 significantes
458 830 559 887 voces,
580 811 631 871 cni
656 829 705 873 res
728 811 809 891 ipsus
829 809 863 869 in
912 810 990 871 ficiis
1005 812 1115 871 veteris
1129 810 1332 883 Testamenti,
1349 828 1421 889 qnae
1437 809 1681 871 immolabantur

98 903 194 975 corde,
211 922 290 983 qaas
313 905 534 985 significemus,
564 905 741 967 offerimus:
758 903 801 964 ita
815 921 863 963 sa-
912 903 946 963 iu
958 903 1071 963 umbra
1085 903 1191 964 fntnri.
1211 904 1337 983 Propter
1356 903 1440 982 qnod
1464 903 1557 964 etiam
1573 920 1679 963 vocem

98 994 266 1056 crificantcs
281 1015 343 1057 non
359 996 447 1058 alteri
458 999 576 1060 visibile
590 997 775 1060 sacrificium
788 995 864 1056 offe·
912 996 998 1056 illam
1013 996 1046 1056 in
1060 995 1183 1057 Psalmo
1204 996 1361 1056 tricesimo
1384 1003 1414 1056 et
1430 1014 1525 1068 norro,
1542 995 1680 1073 ejusdem

97 1085 226 1146 rendam
241 1105 308 1148 esse
329 1089 520 1165 noverimus,
536 1109 632 1171 quam
655 1089 710 1163 ilb,
727 1088 815 1167 cnjus
831 1088 864 1148 in
913 1087 1090 1148 mediatoris
1103 1105 1158 1166 per
1172 1087 1362 1168 prophetiam
1377 1087 1532 1167 loquentis
1543 1086 1681 1165 agnosci·

98 1177 236 1238 cordibus
249 1180 363 1241 uostris
374 1180 527 1243 invisibile
542 1182 726 1244 sacrificium
739 1180 861 1260 nosipsi
912 1197 983 1240 mars
999 1200 1006 1239 ε
1022 1178 1205 1261 sacrificinm
1219 1188 1247 1240 et
1264 1178 1438 1239 oblationem
1462 1176 1600 1252 oclae‘sti3
1616 1196 1680 1238 cor·

16 1338 19 1342 Α
98 1284 157 1328 csse
183 1270 376 1332 debemus.»
400 1273 515 1334 Deiude
542 1275 641 1355 capite
667 1289 704 1334 xx
730 1272 864 1333 declarat
908 1280 1074 1351 pascalem
1085 1270 1241 1351 perfecisti
1252 1270 1494 1349 midi.Quiapro
1509 1269 1682 1330 illisomni-

97 1360 267 1439 cariusmodi
296 1364 414 1425 visibila
437 1367 476 1425 sit
501 1367 641 1427 Ecclesiae
663 1364 861 1426 sacrificium.
913 1363 971 1423 bas
993 1363 1161 1439 sacrificiis,
1191 1369 1222 1424 et
1246 1361 1453 1424 oblationibus
1477 1380 1589 1441 corpus
1617 1362 1683 1441 ejus

100 1454 213 1515 eUnde
227 1474 321 1517 verns
343 1457 395 1517 ille
416 1458 578 1531 mediator,
594 1459 708 1538 inquit,
734 1459 865 1537 inqnen·
914 1454 1053 1529 offertur,
1071 1455 1368 1534 caparticipantibns
1381 1454 1585 1516 ministratur.
1603 1474 1618 1511 o

98 1551 161 1606 tnrn
174 1547 310 1609 formam
324 1550 404 1610 servi
418 1551 569 1631 accipiens
578 1552 729 1612 mediator
739 1551 865 1611 effectus
953 1549 1006 1609 VI.
1032 1549 1117 1609 ldcm
1132 1548 1212 1609 libro
1236 1548 1381 1609 vicesimo
1402 1554 1504 1607 contra
1524 1546 1679 1615 Faustam,

98 1644 140 1699 est
161 1641 215 1700 Dei
238 1646 271 1702 et
290 1642 454 1703 bominum
478 1644 572 1704 homo
601 1644 742 1704 Christus
763 1644 863 1717 lesus,
914 1641 1012 1720 carpite
1035 1657 1122 1701 xvrn.
1153 1640 1324 1712 «Hebraei,
1353 1639 1465 1718 inquit,
1491 1639 1523 1698 in
1551 1640 1684 1700 victimis

99 1731 325 1793 caminiacum
339 1734 394 1794 Dei
409 1735 592 1796 sacrificinm
614 1754 684 1796 cnm
702 1737 795 1796 Patre
808 1753 863 1795 su·
917 1751 1073 1812 pecorum,
1090 1751 1167 1811 qnos
1185 1732 1356 1794 offensam
1381 1734 1453 1803 lieo,
1470 1732 1616 1794 multisct
1629 1751 1682 1793 va-

99 1829 168 1893 mat,
185 1843 258 1884 caim
285 1844 348 1903 quo
369 1833 397 1887 ct
420 1845 503 1887 raritas
525 1829 605 1888 Deras
626 1834 683 1899 est,
704 1833 810 1888 temen
830 1827 865 1887 in
914 1824 968 1884 riis
983 1825 1093 1899 modis,
1109 1824 1188 1885 sicut
1206 1844 1240 1886 rc
1265 1831 1351 1887 tanta
1371 1824 1501 1902 dignum
1524 1832 1683 1904 erat,pr0-

99 1914 192 1975 torma
217 1919 298 1977 servi
323 1919 506 1979 sacrificinm
532 1919 644 1980 maluit
667 1938 749 1991 esse,
770 1937 865 1999 qnam
914 1919 1050 1994 phetiam
1073 1917 1270 1978 celebrabant
1294 1918 1407 1979 fntmae
1426 1916 1684 1995 victimae,qnam

99 2024 232 2084 sumere3
246 2028 288 2071 rae
303 2011 353 2070 vel
373 2010 431 2071 hac
452 2011 611 2072 occasione
625 2013 790 2091 qnisquam
804 2013 867 2072 exi·
915 2009 1054 2069 Christus
1068 2009 1188 2070 obtulit.
1209 2010 1295 2070 Unde
1302 2010 1369 2087 jam
1386 2009 1553 2069 Christiani
1568 2009 1684 2088 peracti

99 2099 232 2161 elimaret
246 2102 373 2162 cuilibet
385 2103 618 2167 sacrificandam
627 2122 691 2165 esse
705 2111 863 2167 creaturae.
914 2101 1052 2179 ejusdam
1067 2101 1205 2162 sacrificii
1220 2102 1404 2162 memoriam
1416 2100 1573 2161 celebrant
1586 2119 1685 2162 secro-

100 2191 156 2251 Pcr
168 2193 226 2253 boc
240 2199 272 2254 et
283 2195 424 2259 sacerdos
437 2202 491 2265 est,
517 2197 583 2276 ipse
598 2196 742 2272 afferens,
758 2197 823 2274 ipsc
835 2202 866 2257 et
915 2200 1019 2254 sancta
1033 2194 1190 2254 oblatione
1204 2201 1234 2255 at
1244 2194 1478 2273 participatione
1492 2193 1640 2272 corporis,
1654 2200 1685 2255 et

101 2283 220 2345 oblatio.
237 2287 334 2366 Cujus
343 2287 386 2348 rei
400 2294 627 2350 sacramentnm
649 2289 865 2371 quotidianum
914 2287 1074 2365 sanguinis
1088 2286 1232 2347 Christi.»
1242 2289 1285 2347 he
1297 2286 1443 2366 deinceps
1458 2286 1560 2347 Fausti
1569 2286 1685 2347 calum

102 2393 160 2436 csse
181 2378 283 2441 voluit
308 2380 447 2441 Ecclesiae
474 2380 658 2442 sacrificinm
675 2401 682 2443 ε
701 2400 771 2461 quae
794 2399 866 2442 carm
915 2378 993 2454 uias,
1012 2379 1125 2459 qnibns
1139 2379 1384 2440 Christianorum
1405 2378 1561 2458 singulare
1574 2379 1684 2440 sacrifi·

100 2471 191 2546 ipsius
211 2472 322 2552 capitis
334 2491 445 2553 corpus
460 2474 509 2548 sit,
531 2475 663 2553 seipsam
685 2492 742 2555 per
763 2474 866 2554 ipsam
915 2471 1186 2543 eiuminlamabat,
1202 2472 1324 2551 egregie
1345 2471 1498 2546 refellens,
1514 2473 1683 2553 prasertim

102 2561 186 2623 discit
199 2564 325 2625 offerre.
342 2588 357 2622 o
915 2564 996 2642 qnod
1014 2565 1194 2644 objiciebat3
1221 2565 1394 2632 Catholicae
1418 2563 1498 2626 idolo
1517 2566 1633 2627 vertisse
1653 2566 1684 2626 in

137 2654 173 2715 Et
195 2658 227 2716 in
246 2656 330 2717 libro
342 2658 427 2717 XVll
442 2658 477 2718 de
493 2658 617 2719 Ciuitate
632 2658 699 2732 Dei,
720 2660 819 2738 capite
833 2678 864 2732 v,
913 2666 1071 2738 near-tpces,
1088 2677 1159 2735 pices
1173 2659 1249 2717 colis
1260 2656 1410 2719 sian'libas
1423 2656 1564 2731 calerent;
1577 2664 1684 2719 contra

101 2748 328 2823 pradicationem
357 2749 441 2810 illam
470 2751 619 2811 divinitus
653 2751 768 2810 editam
798 2752 865 2811 Heli
915 2749 1158 2821 heac,etsimilin
1181 2750 1390 2829 prolemque
1412 2748 1683 2828 hodiequeinlic·

100 2856 217 2900 stimmo
249 2842 401 2901 sacerdoti
430 2842 468 2902 dc
495 2841 663 2902 auferendo
696 2844 866 2904 sacerdotio
915 2840 1040 2900 alesiam
1054 2842 1235 2902 catholicam
1250 2839 1503 2902 conferuntur-ab
1519 2841 1683 2913 hereticis,

102 2933 222 3009 posteris
236 2933 354 3012 ipsius;
383 2934 459 2995 adeo
487 2940 523 2994 ut
537 2935 569 2993 in
590 2935 732 2995 ordinem
752 2936 866 2998 redacti
916 2932 970 2991 ita·
984 2933 1154 3010 praescribit
1178 2935 1276 3013 capite
1298 2951 1362 2996 xm.
1383 2955 1399 2989 e
1423 2931 1560 3012 Populus
1579 2941 1684 2994 summ

13 3032 17 3049 '
101 3026 217 3085 irenaei
251 3027 324 3097 sint,
361 3033 395 3086 nt
429 3026 650 3088 sacrificiorum
684 3029 865 3106 particulam
916 3025 1107 3086 Christianus
1141 3026 1308 3087 memorias
1341 3030 1516 3104 martyrum
1540 3025 1684 3104 religiosa

102 3119 194 3195 pretio
208 3118 377 3195 redimant,
402 3118 560 3179 dicentes:
583 3119 709 3181 Dimitte
723 3139 766 3180 me
787 3120 865 3181 obse·
915 3116 1110 3177 solemnitate
1135 3117 1341 3193 concelebrat,
1371 3123 1403 3178 et
1429 3116 1468 3178 ad
1489 3118 1685 3179 excitandam

102 3226 146 3268 cro
157 3209 197 3271 ad
207 3230 300 3271 anam
308 3219 426 3291 partem
440 3210 656 3285 sacerdotalem,
676 3221 710 3272 nt
720 3212 866 3275 comedam
915 3208 1171 3284 imitationem,ot
1183 3216 1218 3270 nt
1232 3210 1349 3271 meritis
1359 3227 1469 3271 aarum
1480 3213 1682 3285 consocietur,

102 3299 237 3363 bucellam
252 3301 356 3383 penas*
377 3302 469 3376 eboc,
485 3303 625 3383 inquam,
642 3304 782 3365 divinum
796 3324 865 3365 ora·
915 3308 1008 3381 atque
1033 3301 1226 3362 orationibus
1246 3303 1411 3388 adjuvetur
1427 3302 1493 3363 :ita
1516 3308 1622 3364 mmen
1650 3308 1686 3364 ut

102 3392 200 3456 calam
213 3395 261 3457 sic
274 3395 313 3456 ad
323 3394 532 3458 Christianum
552 3395 734 3459 sacrificinm
750 3414 868 3458 accam·
916 3395 994 3457 nulli
1008 3401 1199 3475 martyrum
1215 3395 1269 3456 sed
1282 3395 1340 3475 ipsi
1363 3396 1426 3456 lieo
1447 3402 1622 3475 martyrum
1635 3414 1683 3458 aa·

101 3485 230 3551 modat:
268 3486 395 3562 «Quod
422 3505 496 3569 ergo
521 3488 650 3566 addidit,
679 3489 868 3553 manducare
916 3487 1087 3551 eriflremns
1104 3507 1111 3550 ε
1128 3488 1270 3570 quamvis
1288 3487 1322 3550 in
1335 3487 1495 3553 memoriis
1508 3493 1685 3570 martyrum

101 3593 206 3659 msam
215 3579 326 3655 {etiam
339 3580 440 3662 ipsum
452 3579 698 3662 meriflciigenas
710 3580 868 3662 eleganter
917 3581 1140 3645 comtituamus
1153 3578 1452 3658 altaria.Quisenlrn
1466 3580 1639 3646 chasatum
1650 3582 1685 3647 in

101 3672 257 3754 expressit,
271 3672 382 3755 dequo
397 3673 470 3736 dicit
491 3674 631 3738 sacerdos
645 3673 721 3758 ipse.
737 3673 864 3750 Paeis¹,
915 3674 991 3738 locis
1018 3679 1196 3738 sanctorum
1220 3691 1386 3756 corpomm
1412 3673 1557 3737 ambtens
1582 3673 1682 3753 altari,

101 3779 180 3845 quem
207 3783 262 3848 epo
282 3763 398 3843 dedere,
429 3784 499 3828 caca
525 3786 589 3831 meo
608 3776 661 3845 est,
683 3785 744 3851 pra
770 3765 870 3831 secali
917 3766 1083 3850 aliqnando
1110 3766 1211 3830 dixit:
1231 3766 1396 3832 oderimus
1422 3765 1479 3830 tibi
1507 3767 1606 3845 Petra,
1630 3772 1685 3832 eut

103 3856 186 3920 vr'ta:
212 3859 311 3941 ipsam
334 3866 378 3920 est
403 3858 585 3931 sacrificium
619 3879 677 3922 aaa
711 3860 866 3924 secandam
916 3860 1025 3938 Paule,
1040 3866 1095 3922 aut
1108 3860 1281 3943 Cypriane?
1295 3860 1349 3924 sed
1373 3861 1457 3943 quod
1471 3860 1611 3938 offertur,
1637 3861 1682 3926 oi·

102 3948 229 4013 ommem
255 3952 365 4028 Aaron,
393 3951 611 4013 sedecennalem
637 3952 770 4015 acclinem
795 3952 868 4015 Mel·
914 3953 1014 4016 sartan*
1026 3955 1099 4031 Deo,
1115 3954 1168 4033 qni
1184 3960 1336 4034 martyres
1346 3954 1551 4017 coronavit.»

102 4041 241 4117 cle‘seclee,
283 4052 340 4106 etc.
379 4045 451 4105 idea
485 4045 536 4105 hic
569 4045 642 4107 dicit
677 4046 865 4107 manducare
958 4046 1087 4108 Inlibro
1101 4048 1246 4107 vicesimo
1260 4044 1444 4109 secundarie
1460 4045 1593 4109 Civitate
1614 4046 1681 4122 Dei,

102 4153 226 4213 panem,
237 4138 321 4216 qnod
335 4143 381 4199 est
395 4138 427 4198 in
441 4156 522 4196 novo
536 4139 731 4200 Testamenta
749 4140 865 4200 sacriti-
917 4140 1015 4219 capite
1038 4143 1156 4209 octavo,
1175 4138 1228 4198 nbi
1249 4138 1398 4199 miracula
1424 4138 1567 4217 quaedam
1590 4138 1684 4199 refert

103 4228 184 4290 ciram
210 4229 467 4291 Clnislianoram.
498 4251 514 4287 n
537 4230 614 4291 llam
640 4232 675 4291 in
702 4232 800 4311 capite
815 4248 864 4301 xx,
917 4236 1007 4290 aetate
1022 4235 1175 4309 snagesta
1191 4249 1198 4290 :
1215 4230 1683 4309 etinteraliaquemadmodum

103 4319 330 4384 Procerbrbrnm
344 4322 433 4383 illum
457 4323 573 4398 locum,
588 4322 622 4383 in
635 4341 698 4402 qno
716 4324 866 4403 sapientia
917 4322 1056 4402 Hesperii
1068 4323 1127 4383 viri
1148 4322 1302 4384 tribunitii
1320 4323 1432 4384 domus
1450 4323 1490 4383 ab
1504 4322 1682 4385 damonum

104 4430 239 4476 mensam
253 4414 429 4493 apposuisse
443 4414 566 4491 dieitur,
581 4421 611 4475 et
631 4416 674 4476 sic.
694 4417 733 4476 ad
754 4416 864 4477 convi-
916 4413 1111 4475 infestatione
1131 4414 1261 4475 liberata
1278 4416 1337 4490 sit;
1357 4435 1373 4473 a
1396 4416 1530 4494 Rogavit
1548 4422 1681 4493 nostros,

104 4504 187 4567 vium
228 4505 399 4568 invitarc⁸t
446 4506 561 4582 Venite,
592 4507 731 4569 carmelite
756 4528 865 4588 panem
917 4506 1017 4585 iuquit
1032 4505 1054 4579 ⁶,
1083 4523 1132 4566 mc
1146 4507 1273 4568 absente
1288 4507 1494 4587 presbyteros,
1516 4513 1552 4567 nt
1573 4508 1684 4587 aliquis

106 4610 207 4672 mentri,
233 4607 260 4659 et
280 4597 367 4659 bibite
392 4597 506 4669 va'nam,
533 4597 612 4679 qaod
634 4600 739 4659 miseni
763 4601 865 4674 colim
917 4616 1025 4659 eornm
1041 4598 1093 4659 illo
1115 4606 1264 4677 pergeret,
1279 4600 1367 4678 cnjus
1389 4599 1581 4660 orationibus
1594 4600 1682 4662 cede-
1717 4672 1723 4683 ι

105 4686 142 4745 ad
154 4688 231 4749 illud
245 4708 335 4751 noves
349 4690 424 4768 legis
434 4690 618 4751 sacrificium
633 4692 776 4771 applicat,
792 4698 822 4753 et
835 4693 867 4752 in
916 4696 995 4751 rent.
1027 4691 1166 4751 Perrexit
1187 4709 1270 4751 naus
1285 4712 1293 4752 ς
1310 4691 1424 4752 obtulit
1437 4691 1481 4752 ibi
1500 4691 1684 4755 sacrificium

105 4778 275 4843 maverms
296 4804 311 4841 a
331 4800 479 4862 apparere
502 4783 576 4845 dicit
596 4784 800 4844 sacerdotium
819 4803 866 4845 se·
916 4782 1053 4862 corporis
1077 4783 1201 4858 Christi,
1222 4801 1315 4844 arans
1338 4790 1492 4862 quantum
1516 4785 1627 4862 potuit,
1649 4790 1685 4845 ut

106 4874 239 4934 candum
261 4876 403 4935 ordinem
425 4875 661 4937 Melchisedec.»
684 4878 763 4936 Tum
784 4879 867 4956 qnod
917 4873 1115 4935 cessaretilla
1129 4875 1262 4953 vexatio,
1279 4877 1340 4936 Deo
1361 4876 1505 4956 protinus
1519 4877 1684 4940 miseraute

107 4962 138 5022 in
159 4965 335 5029 Ecclesiaste
352 4968 499 5047 scriptum
528 4974 584 5039 cst,
602 4966 669 5029 Non
694 4977 734 5029 est
763 4970 867 5030 lancem
916 4969 1084 5027 cessavit.»

107 5051 225 5134 bomini,
250 5059 309 5119 em
329 5057 406 5139 qaod
424 5057 622 5133 manducabit,
643 5072 670 5120 et
690 5059 797 5129 litet&
823 5064 866 5123 sic
956 5060 1004 5119 Ad
1018 5058 1085 5119 haec
1098 5058 1177 5119 libro
1190 5058 1224 5120 de
1235 5058 1355 5137 Spiritu
1364 5069 1394 5121 et
1405 5059 1517 5135 littera,
1530 5062 1629 5141 capite
1638 5079 1680 5125 ar.

107 5144 320 5227 interpretatur
335 5170 342 5210 ε
364 5172 379 5209 c
392 5151 472 5217 Quid
482 5152 658 5212 credibilius
668 5152 768 5213 dicere
780 5153 867 5213 intel·
919 5172 935 5209 a
950 5151 1004 5211 Dei
1018 5150 1148 5227 cultnm,
1161 5152 1216 5227 ait,
1225 5153 1258 5213 in
1273 5154 1329 5213 hoc
1339 5153 1683 5215 maximceonstitutum

107 5234 219 5317 ligitur,
233 5261 329 5321 qnam
339 5244 422 5322 qnod
431 5243 470 5303 ad
479 5244 745 5324 participationem
751 5264 866 5306 mensae
916 5261 992 5320 esse,
1007 5244 1197 5304 ntaraimaei
1211 5244 1329 5305 nonsit
1349 5245 1482 5323 ingrata.
1501 5247 1589 5307 Unde
1604 5253 1635 5305 et
1649 5248 1684 5306 in

106 5322 194 5405 hrains
205 5332 352 5410 pertinet,
369 5349 464 5411 qnam
482 5332 624 5393 sacerdos
637 5333 702 5412 ipse
716 5334 867 5395 mediator
916 5339 982 5415 ipso
996 5337 1166 5417 verissimo,
1176 5343 1207 5398 et
1218 5337 1365 5416 singulari
1379 5337 1540 5416 sacrificio,
1551 5339 1683 5399 homino

132 5528 144 5568 l
158 5526 175 5573 l.
186 5530 234 5586 ileu.
246 5543 274 5584 n,
286 5532 319 5578 to.
330 5553 359 5568 -
371 5532 434 5578 loeo.
447 5542 478 5577 rr.
488 5531 540 5577 -d
550 5534 614 5578 Peos.
627 5544 648 5585 v,
660 5533 681 5578 5.
691 5533 836 5581 -lseetn
846 5536 896 5581 -t
906 5538 1002 5591 damst.
1017 5543 1070 5583 ton.
1081 5547 1098 5581 ι.
1157 5512 1159 5515 V
