3932 6142
491 277 540 342 DE
558 275 861 355 mutassemus,
881 276 954 347 tls.
976 275 1058 353 vul,
1080 276 1163 345 dte.
1186 277 1240 340 IX.
1468 360 1478 379 ⁶
1599 275 1658 339 w

86 443 309 517 mactatione
329 442 499 513 &similatis
517 460 592 509 sun.
607 443 689 519 Eupo
702 439 839 522 perterre
887 446 1010 511 verant,
1023 442 1044 502 ii
1058 447 1126 503 tum
1140 442 1240 503 eidem
1257 441 1421 503 ambarum
1436 448 1563 522 ἐνεργειῶν
1586 459 1658 519 pro·
1699 448 1820 500 maaro-

87 537 247 619 passioaem
266 540 386 603 natue
405 540 452 597 est
468 536 629 615 nutuque
645 531 717 599 saed
731 532 840 597 cedere
889 532 1012 594 lessioni
1041 533 1271 611 suffragantum
1304 539 1373 594 tum
1404 533 1566 593 haereticos
1590 551 1660 593 cam
1723 511 1787 548 nom.

87 628 219 711 passioni,
236 644 300 699 pon
324 632 371 689 est
386 626 549 707 utriusque
565 629 694 699 naturoe,
717 623 841 693 sumsit
889 625 998 686 stolide
1016 631 1166 706 negantes
1183 625 1314 687 decretis
1328 625 1392 685 suis
1406 626 1575 703 configunt.
1592 625 1660 685 Ete-

89 719 311 800 uuiusdeuique
324 736 475 801 persona.
494 738 509 776 s
527 718 607 796 Ergo
625 716 765 783 humana
788 734 841 777 na·
889 717 954 779 nim
993 718 1079 779 nulla
1113 724 1161 779 cst
1191 717 1341 798 perlecta,
1371 717 1489 799 sibique
1516 721 1660 778 constans

89 819 159 891 tura,
169 830 237 891 que
250 828 377 879 sensum
388 809 499 881 habuit
510 808 625 873 doloris
634 813 665 871 et
679 807 839 886 passionis,
887 814 1090 890 naturaque.
1101 828 1165 870 non
1177 809 1365 890 operationis
1377 809 1492 889 aliquid
1508 815 1657 883 exerceat,

90 921 172 985 mem
192 902 335 969 divinitas
362 920 426 963 non
447 899 539 980 cepit,
554 899 710 969 diversam
732 897 842 961 obhac
889 906 919 962 et
934 902 973 961 sit
987 903 1269 983 dvevtpqqcogduarc
1284 901 1498 961 ubinumerus
1512 906 1557 960 est
1570 908 1659 962 natu·
1692 914 1833 968 merestona

91 1002 196 1077 ἐνέργειαν
210 994 387 1057 estsortita.
889 1009 1012 1067 rarum;
1026 993 1070 1053 ibi
1086 1000 1117 1054 et
1130 993 1346 1073 operationum
1360 997 1406 1052 est
1422 1009 1582 1053 numerus.
1715 979 1803 1023 ‘m'

15 1093 17 1104 *
122 1089 158 1149 X.
173 1086 295 1153 Boetius
309 1084 439 1164 insignis
452 1084 654 1166 phssosophus
667 1084 794 1164 pariter,
805 1099 842 1141 ac
930 1085 1009 1145 Hinc
1031 1085 1126 1163 igitur
1146 1090 1289 1164 apparet,
1302 1084 1510 1164 jampridem,
1530 1089 1561 1144 et
1586 1090 1658 1147 ante

89 1179 235 1255 theologus
249 1179 283 1238 in
302 1176 383 1237 libro
401 1175 435 1236 de
448 1174 561 1235 derebus
580 1174 715 1247 naturis,
730 1182 757 1233 et
781 1191 842 1239 eea
889 1176 1168 1241 Monotheletarum
1201 1183 1369 1251 exortum,
1396 1177 1598 1244 damnatam,
1627 1181 1658 1237 et

86 1290 197 1351 pascuo
212 1268 341 1341 Christi,
356 1269 393 1329 de
408 1268 537 1341 adamo,
552 1272 719 1345 antequam
733 1283 840 1344 pecca·
890 1268 1094 1348 proscriptam
1108 1268 1239 1331 istorum
1252 1268 1345 1331 fuisse
1360 1268 1523 1347 perfidiam
1537 1285 1609 1331 cum
1618 1268 1657 1329 ab

89 1369 137 1433 ret.
151 1363 201 1425 ills
214 1360 319 1443 prodit
336 1381 343 1420 τ
366 1361 428 1427 ‹Ia
441 1360 501 1421 hoe
514 1358 609 1437 igitur
625 1354 725 1439 (siaiu)
742 1357 841 1417 Adam
890 1361 1019 1439 singulis
1035 1361 1186 1436 Patribus,
1204 1359 1258 1439 qui
1273 1361 1398 1423 devera
1419 1360 1532 1423 Christi
1544 1361 1657 1423 huma·

88 1456 147 1515 talis
159 1455 225 1527 tuit,
237 1451 842 1528 usmandueuretacbibcret,utaceepta
891 1452 987 1515 nitate
1015 1458 1123 1514 contm
1148 1452 1292 1530 antiquos
1323 1452 1484 1515 haereticos
1507 1451 1658 1530 seriptum

89 1547 237 1625 digereret,
261 1550 297 1609 ut
316 1544 474 1611 laberetur
493 1543 527 1602 in
550 1559 707 1617 somnum,
725 1547 756 1599 et
768 1539 840 1612 alia,
890 1546 1059 1624 quodpiam
1072 1546 1212 1609 fecerunt
1225 1565 1232 1619 ;
1244 1550 1312 1609 tum
1326 1544 1365 1605 oh
1380 1543 1538 1605 ominibus
1551 1544 1656 1605 conci·

88 1657 147 1717 que
159 1641 185 1701 ei
199 1657 266 1698 nou
281 1635 458 1709 defuerunt,
473 1634 610 1697 helmana
634 1632 772 1711 quidem,
788 1630 841 1701 sed
890 1637 951 1712 liis,
968 1646 1032 1698 tam
1045 1637 1258 1715 generalibus,
1274 1654 1368 1715 quam
1388 1634 1570 1711 minorihus,
1586 1654 1656 1714 quae

89 1727 479 1809 mneessd.elquae11ullam
492 1743 615 1805 pernam
629 1721 839 1785 mortisinfer·
890 1729 928 1789 de
949 1747 985 1793 ea
1019 1747 1053 1789 re
1090 1727 1235 1791 nonnihil
1259 1730 1473 1789 decreverunt.
1505 1728 1592 1800 Quod
1619 1729 1656 1788 dc

87 1831 155 1889 unt.
169 1824 244 1893 oue
259 1818 516 1891 omuiahabuisse
525 1814 695 1890 Christum,
709 1814 839 1874 dubium
892 1822 1031 1895 Nieaena,
1056 1821 1225 1899 Ephesius,
1257 1818 1519 1887 criuleodonensi,
1548 1821 1657 1898 quintu

87 1934 141 1979 11⁰ss
153 1921 206 1976 ⁰⁵1·
222 1914 304 1975 Nam
325 1916 355 1972 θῒ
368 1907 576 1983 manducavit,
590 1913 621 1967 ei
633 1907 722 1981 bibit,
734 1910 772 1966 ’θῐ
782 1907 840 1965 hu·
891 1913 1044 1992 synodus,
1061 1918 1146 1976 sexta
1160 1913 1309 1992 synodus,
1325 1917 1356 1972 et
1374 1913 1586 1973 lateranensis
1599 1912 1656 1973 sub

87 2007 160 2075 mani
172 2005 312 2087 eorporis
330 2002 431 2065 officio
452 2001 575 2069 functus
598 2004 644 2059 est
661 2018 696 2058 :a
714 2004 780 2061 tum
800 1999 838 2059 de
891 2007 1024 2067 Martino
1031 2005 1132 2085 primo
1145 2024 1181 2065 ac
1191 2011 1308 2066 crateras
1321 2022 1447 2079 omnes3
1460 2022 1516 2064 nec
1523 2023 1588 2067 nou
1598 2004 1653 2076 illi,

87 2097 241 2174 iridigeutia
255 2095 318 2157 eibi
333 2093 494 2154 inAdamo
508 2093 649 2170 loquens,
664 2090 745 2151 hanc
758 2109 839 2151 eom·
890 2098 944 2178 qui
975 2097 1199 2163 Monutheletas
1232 2103 1474 2175 oppugnarunt,
1504 2096 1657 2155 Maximus

87 2191 147 2253 dem
158 2192 187 2251 in
203 2189 327 2250 Christo
342 2186 435 2246 luisse
449 2185 541 2259 dicit3
561 2181 609 2242 sed
623 2187 764 2264 potestate
783 2202 841 2251 eea
889 2196 1020 2269 martyr,
1034 2192 1172 2251 loannes
1191 2190 1408 2261 Damascenus,
1423 2187 1537 2266 aliique
1553 2189 1656 2249 Patres

87 2284 247 2347 scaettae.
891 2282 998 2345 crebro
1027 2281 1180 2345 inculeare
1201 2281 1311 2347 solent.
1345 2280 1426 2343 Vide
1462 2279 1656 2357 Agathonem

0 2387 44 2456 ψ
118 2375 248 2439 loannes
283 2370 456 2433 Maxentius
489 2369 522 2429 in
544 2366 618 2451 fidei
650 2367 839 2449 professione,
890 2370 1005 2449 Papam
1030 2372 1062 2431 iu
1086 2370 1215 2451 epistola
1238 2366 1424 2448 synodica¹3
1450 2367 1484 2430 in
1511 2386 1589 2446 qua,
1618 2386 1656 2429 ex

90 2467 293 2529 ‘Fatendum
321 2469 378 2537 0⁸¹2
403 2459 535 2539 millib
563 2461 661 2521 Deum
693 2461 726 2519 in
752 2459 841 2521 cuuis
890 2463 1147 2531 Chalcedonensis
1169 2461 1290 2524 concilii
1314 2459 1504 2530 defiuitione,
1525 2460 1654 2531 catholi-

84 2558 208 2636 iaeuissc,
223 2571 414 2637 pannosum,
427 2550 842 2618 sordibusinvolutumcre-
889 2572 961 2619 crim
970 2555 1282 2636 dogmapropuguat3
1296 2559 1325 2621 et
1335 2553 1363 2613 ci
1375 2552 1561 2620 contrariam
1574 2571 1658 2614 ever-

86 2651 162 2725 tisse,
175 2657 205 2711 ct
223 2647 392 2727 proiecisse
414 2649 513 2721 etate,
530 2642 679 2723 sapientia
693 2648 842 2705 etsccun·
890 2646 929 2709 tit
943 2645 1098 2711 haeresim.

86 2741 150 2813 dum
169 2739 410 2811 humanitatem,
423 2753 488 2794 noo
507 2734 678 2795 secundum
697 2733 840 2793 diivinita-

85 2839 136 2897 tem
151 2836 265 2897 :heum
274 2826 534 2904 esurissesitisse,
559 2825 840 2889 lassumexitinere

85 2927 230 3005 quievisse,
261 2941 329 2985 non
355 2918 528 2983 secundum
550 2916 757 2990 divinitatem,
786 2916 840 2979 sed

84 3018 236 3079 secundum
251 3014 481 3077 humanitatem
503 3030 510 3072 :
528 3010 627 3070 Deum
641 3008 842 3088 comprehen-

84 3127 141 3171 sum
153 3108 297 3173 manibus
314 3105 494 3183 impiorum,
506 3101 691 3179 judicatum,
707 3100 839 3161 damna-

85 3206 150 3276 tum,
175 3198 373 3267 crucifixum,
401 3196 481 3255 latus
509 3194 616 3254 lancea
635 3192 838 3272 perforatum,

84 3310 138 3355 noo
160 3290 335 3354 secundm
363 3286 566 3360 disinitatem,
593 3284 645 3344 scd
670 3285 840 3349 secundum

83 3382 300 3445 humanitatem
313 3401 345 3455 s,
361 3385 419 3441 etc.

116 3474 165 3537 XI.
185 3477 329 3553 lengum
344 3477 390 3532 est
403 3469 540 3548 singulos
553 3467 707 3551 appellare
722 3468 839 3542 Patres,

84 3567 168 3647 quiet
180 3564 340 3635 innumeri
359 3569 449 3639 sunt,
464 3567 494 3622 et
507 3579 563 3641 per
576 3579 608 3621 sc
622 3560 733 3641 cuique
752 3559 841 3621 facile

84 3664 122 3723 at
134 3678 181 3722 cos
193 3664 356 3721 annotare.
374 3656 494 3727 Horum
519 3658 637 3732 quanta
651 3652 737 3731 copia
751 3652 790 3721 sit
804 3672 842 3714 cx

84 3768 115 3811 eo
127 3758 220 3831 potest
234 3747 396 3823 estimari,
405 3745 488 3825 quod
503 3745 536 3804 in
546 3744 645 3823 capite
655 3744 837 3823 primodiri,

85 3849 111 3903 et
130 3850 267 3905 veterum
295 3838 457 3901 sententiae
483 3835 543 3896 illac
564 3834 748 3913 significant,
765 3854 842 3919 quas

85 3936 209 4013 proxim
222 3928 478 4003 antecedentibus
497 3927 648 4011 capitibus
669 3927 838 4007 descripsi:

85 4031 190 4107 mppria
201 4023 354 4091 vocabulo
373 4022 469 4083 etiam
481 4027 513 4083 τὰ
527 4028 591 4099 πάθη
606 4018 734 4094 censeri
751 4019 781 4079 id
797 4026 842 4081 est

84 4117 257 4193 medones,
266 4117 331 4177 sive
341 4120 386 4185 ut,
398 4113 492 4190 vulgo
502 4110 587 4197 loqui
601 4119 839 4185 consueverunt,

84 4213 366 4285 assuetumque.
383 4203 479 4284 Atqui
497 4208 642 4273 naturam
656 4201 793 4279 hominis
808 4203 842 4263 in

87 4299 194 4360 Christo
208 4299 296 4371 sarie
320 4295 462 4359 affectam
486 4312 563 4368 esse,
593 4298 624 4352 et
657 4291 757 4352 multa
771 4310 840 4370 pas-

86 4406 153 4465 sam,
167 4409 236 4471 quoe
251 4390 285 4450 in
299 4387 436 4451 divium
450 4385 558 4446 cadere
567 4383 654 4447 nrrllo
668 4384 761 4451 modo
772 4401 841 4462 pos-

86 4486 158 4557 sunt,
172 4489 203 4543 et
217 4481 332 4541 idcireo
341 4479 424 4539 illius
434 4483 507 4541 sunt
522 4474 657 4555 propria,
674 4492 767 4535 nemo
777 4493 842 4535 uon

86 4579 191 4651 aperte,
206 4573 390 4652 copioseque
404 4569 518 4643 docuit,
536 4569 589 4651 qui
606 4566 642 4625 de
658 4565 778 4626 Christo
792 4567 841 4628 lit-

86 4661 407 4743 teramaliquamtecit.
421 4662 538 4721 Etsunt
544 4657 639 4735 igitur
648 4656 702 4717 illo
713 4659 842 4720 totidem

86 4757 292 4835 operationum
325 4750 501 4817 testimonia
535 4750 693 4819 duarum,
730 4751 843 4828 quihus

87 4845 357 4919 Monotheletarprp
370 4843 490 4905 insania
504 4840 713 4919 redarguitur.

119 4939 238 4999 Rursus
279 4936 468 5016 quicumque
494 4937 622 4994 naturas
653 4932 687 4992 in
724 4933 844 4994 Christo

86 5027 153 5095 duas
165 5031 314 5109 integras,
330 5033 362 5088 et
375 5026 534 5107 perlectas,
555 5024 621 5084 siric
645 5023 708 5085 ulla
731 5025 843 5086 confu-

86 5119 173 5193 sions,
195 5120 247 5181 rel
266 5119 404 5193 ipteritu,
427 5117 637 5177 mutationeve
663 5116 843 5179 convenisse

84 5212 203 5272 tradunt
219 5231 227 5270 :
244 5212 325 5290 quod
341 5209 466 5288 quidem
480 5207 627 5269 Catholici
642 5224 841 5268 omncsasse-

110 5408 185 5454 t'lon.
196 5410 224 5453 lv
236 5410 289 5455 sos.
299 5411 361 5456 Patr.
375 5409 426 5453 -t
437 5409 488 5465 syn.
498 5407 512 5451 e
524 5414 566 5455 urt-
578 5407 613 5453 lv.
628 5408 681 5453 Vide
690 5419 756 5465 supra
768 5408 807 5452 tlh.
820 5408 859 5459 111,
871 5420 920 5464 esp.
933 5419 956 5452 u.
