3956 6158
497 261 547 327 DE
566 256 870 337 theodeurinus,
891 258 962 325 tte.
986 258 1060 338 xli,
1082 256 1168 324 GAP.
1189 257 1256 324 XV.
1609 253 1670 322 tet

81 420 228 489 clausas
244 421 347 505 primo
363 421 537 489 stromateo.
566 420 857 504 epraaexerdtatio·
904 422 1042 496 nomine,
1072 423 1106 485 la
1146 439 1207 502 qas
1233 421 1433 502 magistratus
1466 421 1671 485 inveniuntur

81 528 157 575 nem
183 513 352 592 quamdam
382 514 425 577 ait
453 530 518 575 esse
540 513 630 593 regui
663 511 854 592 pastoricium
904 512 1016 587 reipsa,
1032 513 1255 592 nonopinioue
1271 518 1404 589 tantum,
1419 512 1612 574 scientem.»

80 601 261 667 mantiam:
285 604 311 663 si
332 603 402 683 quis
421 604 667 665 mansuetissimo
690 604 855 665 hominnm
944 603 1085 664 Clemens
1108 608 1185 663 rtem
1212 604 1439 664 Alexandrinus
1460 604 1543 664 libro
1568 604 1670 683 primo

80 694 171 773 gregi
197 695 386 774 praefuturus
412 703 475 757 est:
512 695 775 775 quemadmodum
801 712 853 755 ve·
902 693 1107 769 Stromateon,
1121 695 1225 774 priora
1257 694 1311 756 illa
1340 696 1475 755 Platonis
1497 713 1515 754 e
1537 693 1672 755 Politice

79 785 179 847 uendi
205 787 382 847 exercitatio
409 787 525 849 bellicae
560 787 634 849 artis
671 785 853 866 praeparatio
903 787 999 846 rerba
1012 786 1124 859 τείσεις
1140 791 1209 846 tum
1222 785 1281 846 hoe
1303 786 1442 865 iusuper,
1461 786 1627 865 «regalem
1640 790 1673 846 et

81 882 164 936 aare.
181 898 197 935 r
215 877 451 956 Chrysostomns
472 880 558 952 item,
583 878 633 940 vel
665 878 743 939 alius
769 877 852 956 qnis-
904 876 1065 955 politicum
1079 877 1199 950 virum,
1220 877 1389 937 animatam
1412 895 1477 937 esse
1503 875 1668 956 legemr.»

83 967 184 1047 piem,
200 967 234 1031 in
253 969 526 1049 bomiliaquadam
541 969 698 1031 Christum
711 970 780 1030 ideo
802 987 854 1048 pa·
904 969 1084 1047 Cujnsmodi
1112 969 1268 1030 Christum
1303 986 1367 1030 esse
1400 987 1475 1029 mox
1505 973 1669 1043 asseverat,

83 1069 202 1123 norem
228 1077 294 1123 case
314 1060 429 1125 laetum
456 1062 595 1122 humano
634 1061 741 1139 generi
766 1060 851 1133 dicit,
907 1060 1098 1140 aquilegem
1125 1060 1275 1140 implevit,
1304 1066 1334 1121 et
1354 1061 1546 1121 voluntatem
1570 1059 1673 1120 Patris

81 1151 233 1229 quoniam
246 1152 389 1214 homines
402 1153 522 1215 invenit
535 1153 693 1232 pecudum
705 1170 804 1228 more,
816 1170 852 1212 ac
901 1151 974 1214 iecit
998 1171 1005 1211 :
1026 1152 1080 1231 qui
1100 1151 1194 1213 etiam
1215 1152 1341 1212 sublimi
1354 1153 1388 1212 in
1414 1152 1500 1231 ligno
1522 1152 1671 1230 quodam·

81 1240 151 1305 ιίιιο
171 1243 295 1307 ratione
316 1244 473 1307 urentes:
502 1250 595 1322 atqire
617 1244 730 1305 idcirco
748 1243 852 1304 statim
903 1244 997 1304 modo
1022 1244 1193 1322 descriptus
1206 1250 1302 1318 est;c
1327 1243 1427 1322 qualis
1445 1249 1510 1303 eret
1527 1243 1671 1312 Lacedae-

34 1397 37 1402 ,
81 1338 151 1412 post
163 1334 355 1397 nativitatem
372 1336 407 1395 in
430 1337 560 1415 praesepi
580 1336 751 1416 repositum
774 1353 849 1396 esse.
902 1336 1080 1398 modiorum
1113 1337 1308 1415 Ephororum
1337 1335 1461 1414 Scytala
1478 1333 1501 1411 ³,
1537 1335 1596 1396 hoe
1627 1340 1673 1395 est

83 1446 99 1485 a
121 1426 288 1505 Numquis
301 1446 358 1488 nos
371 1434 519 1506 tanquam
533 1428 674 1489 homines
687 1427 852 1488 rationales
901 1425 1034 1505 lignum.
1051 1430 1086 1488 iu
1099 1445 1162 1506 qno
1176 1428 1324 1488 mandata
1344 1446 1400 1488 sua
1413 1428 1453 1487 ad
1474 1428 1673 1506 magistratus

80 1517 182 1581 Deum
203 1536 269 1580 uon
293 1520 486 1598 agnovimus,
509 1519 577 1580 vult
604 1537 661 1581 nos
684 1519 792 1583 saltem
815 1524 852 1578 nt
902 1518 1077 1579 mittebant.
1108 1520 1154 1579 Ita
1182 1518 1324 1580 Clemens
1352 1519 1391 1579 ad
1423 1518 1612 1598 pendentem
1636 1519 1671 1579 iu

80 1626 154 1671 oves
167 1610 296 1673 rationis
310 1618 461 1690 expertes,
476 1618 632 1688 pastorem
654 1628 847 1689 cognoscere.
901 1628 992 1670 cruce
1016 1610 1186 1670 Dominum
1207 1610 1358 1671 alludens.
1375 1611 1517 1690 Inqnem
1541 1616 1573 1671 et
1594 1609 1671 1671 illud

81 1699 116 1761 Si
129 1701 216 1763 anim
232 1701 371 1766 Salvator
384 1703 418 1763 in
431 1703 587 1765 mundum
606 1701 734 1763 veniens
749 1702 851 1763 homi·
902 1701 1031 1773 confert,
1046 1701 1130 1780 quod
1152 1720 1172 1762 a
1197 1701 1329 1761 Pindaro
1343 1703 1492 1780 seriptum
1507 1707 1565 1762 est.
1579 1723 1595 1759 o
1608 1703 1671 1762 Lex

79 1810 156 1855 uem
171 1796 333 1857 teratione
356 1794 522 1874 preditum
535 1798 851 1865 nactusessetmeces·
903 1793 1049 1854 omnihus
1075 1798 1186 1873 regnat
1213 1793 1408 1871 mortalibus,
1432 1800 1464 1854 et
1485 1793 1669 1854 immortali-

80 1884 163 1945 sario
190 1884 249 1945 tihi
271 1891 419 1964 tanquam
447 1887 528 1947 Deus
553 1885 755 1966 apparuisset.
791 1885 850 1947 Sed
901 1883 989 1944 huss.
1003 1906 1019 1943 a
1050 1885 1144 1945 Addit
1168 1890 1199 1944 et
1226 1885 1335 1945 Stoicis
1359 1884 1493 1964 placere,
1522 1902 1666 1962 regnum,

79 1975 402 2055 quianonhomiuam
417 1977 552 2043 invenit:
567 1977 621 2037 sed
636 1976 850 2054 utoremjam
900 1975 1124 2050 sacerdotium,
1163 1975 1375 2055 prophetiam,
1418 1975 1494 2054 legis
1534 1976 1669 2038 ferendae

79 2066 156 2129 olim
182 2075 348 2141 errantem,
377 2074 409 2130 et
434 2087 490 2148 per
521 2069 688 2146 Prophetas
716 2067 849 2127 Domino
901 2067 1068 2134 scientiam,
1097 2068 1229 2142 divitias,
1259 2067 1522 2146 pulchritudinem
1549 2087 1666 2141 ueram,

79 2158 307 2238 supplicantem
328 2179 335 2221 :
354 2158 466 2223 Errant
477 2160 552 2220 sicat
574 2158 714 2239 onasqnoe
737 2158 829 2237 periit
836 2177 847 2226 ;
900 2157 1104 2230 nobilitatem,
1125 2158 1300 2219 libertatem
1322 2157 1378 2218 soli
1402 2159 1502 2220 inesse
1524 2160 1667 2238 sapienti.

78 2269 182 2330 querc
205 2269 320 2315 sonem
346 2259 429 2313 rosan
449 2270 461 2313 .·
484 2257 644 2331 propterea
667 2250 849 2328 dignitatem
900 2250 975 2322 Qun
988 2249 1052 2310 fere
1066 2249 1182 2322 omnia,
1199 2254 1230 2309 et
1244 2250 1282 2309 iis
1296 2250 1388 2327 longe
1409 2250 1511 2328 plura,
1526 2269 1622 2329 penes
1636 2268 1668 2312 se

79 2341 214 2405 multat
238 2343 368 2421 regiam,
385 2351 416 2404 et
436 2343 622 2422 pastoralem
640 2360 706 2422 pras
729 2360 762 2403 se
789 2340 850 2401 fert
899 2359 964 2403 esse
987 2341 1068 2420 apud
1090 2340 1288 2402 Salomonem
1313 2340 1665 2421 sapienttaproutatur·;

79 2432 355 2496 officimdmemt.
372 2454 387 2490 o
898 2432 1043 2511 idemque
1067 2438 1135 2493 tum
1164 2433 1230 2511 ipse
1258 2432 1355 2508 alihi3
1379 2438 1447 2494 tum
1468 2433 1671 2495 Ecclesiastici

0 2548 54 2587 ssa
119 2522 203 2587 Vlll.
225 2525 313 2598 Quod
333 2529 438 2585 antem
454 2523 539 2601 regia
561 2524 694 2602 dignitas
709 2524 845 2603 proprie,
898 2524 988 2599 liber,
1016 2543 1051 2584 an
1078 2523 1218 2603 plerique
1246 2525 1298 2585 alii
1326 2526 1403 2586 sacri
1425 2524 1667 2586 luculentissime

7 2609 38 2643 ‘⁹'
79 2623 111 2677 et
137 2615 301 2677 excellenti
319 2617 411 2677 modo
430 2615 548 2676 Christo
582 2615 706 2677 Domini
737 2633 849 2677 eonve-
900 2619 1060 2677 testantur.

78 2708 163 2771 nint:
190 2708 361 2788 presertim
381 2707 444 2784 ilie,
468 2725 562 2786 quem
581 2707 655 2780 dixi,
681 2707 848 2786 spiritualis
938 2709 1018 2769 Sane
1030 2716 1074 2783 rto
1088 2716 1246 2788 νομοθεταὴν
1260 2713 1381 2787 partem
1390 2721 1515 2784 essese
1526 2721 1663 2789 βασιλικῆς.

79 2799 171 2878 regni
194 2799 396 2878 principatus,
422 2816 460 2861 eu
488 2816 525 2859 eo
552 2798 623 2859 licet
652 2816 846 2902 cognoscere.
898 2801 1004 2860 statuit
1015 2819 1049 2860 ιιι
1062 2800 1171 2860 eodem
1185 2799 1238 2859 illo
1259 2799 1338 2860 libra
1357 2799 1488 2861 Politice
1508 2801 1607 2863 Plato.
1625 2803 1801 2877 hcm,
1714 2779 1810 2834 ΨΜ

81 2889 238 2970 Sapientis
271 2890 356 2955 euim
381 2896 426 2951 est
452 2908 595 2969 praeesse,
623 2890 686 2950 et
677 2907 842 2994 imperare.
898 2890 985 2951 Philo
999 2889 1368 2951 Judaanslihrotertiode
1381 2891 1556 2968 vitellianis,
1581 2911 1661 2971 qna-
1686 2887 1823 2938 mmm·

79 2982 156 3045 Ideo
166 2983 370 3063 Sapientiam
380 2981 549 3043 Proverbiis
558 2981 631 3042 :Per
645 3000 700 3056 me,
712 2981 813 3060 iuquit
824 2982 845 3058 ¹,
897 2983 987 3043 tnor'
980 3000 1013 3041 ιιι
1025 2981 1159 3061 perfeeto
1168 2982 1317 3060 principe,
1328 3001 1364 3043 ac
1375 2984 1567 3044 moderatore
1576 2984 1663 3045 dotes
1713 3008 1788 3063 aeia

79 3093 162 3153 reges
174 3083 308 3154 regnarat,
323 3082 350 3134 rt
364 3072 458 3154 legum
482 3071 647 3133 conditores
656 3072 741 3152 justo
755 3071 848 3135 ‹iecer—
897 3072 996 3135 inesse
1010 3078 1151 3152 oportere
1163 3078 1259 3151 putat,
1273 3092 1407 3152 mgnum,
1420 3073 1451 3135 id
1463 3075 1665 3155 estrepnondi

78 3172 166 3229 scunt.
183 3166 243 3229 Per
261 3183 306 3227 me
323 3164 477 3245 principes
496 3164 654 3242 i'rnpercnt,
672 3172 699 3224 et
717 3173 848 3244 potentes
897 3165 1107 3239 scientiam,et
1119 3165 1350 3240 auctoritatem
1363 3165 1435 3245 legis
1442 3165 1665 3246 proscribendis

77 3257 239 3321 decernant
246 3258 412 3338 justitiam.
434 3258 487 3317 Est
507 3261 612 3317 austera
629 3255 765 3317 Christus
789 3256 849 3317 Dei
897 3255 1084 3335 Ιοεειίιοιεαι,
1102 3255 1306 3332 sacerdotium,
1322 3263 1354 3317 et
1372 3257 1665 3338 propiciantium

78 3349 185 3425 mites,
204 3360 231 3413 et
260 3350 316 3410 liei
336 3348 514 3428 sopierant
541 3348 573 3407 in
592 3366 649 3427 qno
672 3356 742 3409 sunt
755 3365 849 3408 mores
897 3348 931 3409 in
962 3348 1115 3413 Christum
1137 3347 1270 3427 perfecte
1289 3349 1395 3409 omnia
1420 3356 1618 3429 competunt3
1633 3356 1665 3411 et

76 3439 212 3503 cissami
221 3441 384 3520 sapientie,
399 3449 425 3500 et
440 3439 569 3501 scientiae
582 3437 748 3500 obnooditi.
897 3439 1011 3500 ideirco
1023 3439 1155 3517 regiain
1174 3439 1227 3501 illo
1242 3440 1389 3518 dignitas,
1407 3446 1439 3501 et
1451 3441 1594 3519 majestas
1608 3441 1663 3502 ah·

118 3533 341 3610 Estquaedasn,
357 3531 449 3593 nteit
462 3532 495 3591 in
509 3529 638 3590 Politice
665 3530 750 3590 Plato
770 3549 846 3591 are·
895 3529 1082 3593 solertissima
1103 3530 1168 3591 suis
1190 3530 1336 3592 omnihus
1356 3532 1507 3607 numeris,
1532 3538 1564 3594 et
1582 3551 1663 3612 prte-

73 3623 157 3701 galis
170 3623 308 3700 scientia,
324 3642 384 3702 qna
400 3622 539 3701 quisquis
552 3620 700 3701 praeditus
713 3626 770 3693 est,
783 3621 846 3683 sive
895 3622 1081 3685 stantissitna
1096 3622 1261 3702 reperitur.
1277 3624 1320 3685 De
1334 3623 1392 3684 hac
1412 3625 1495 3704 rema
1515 3624 1665 3700 dignitate

73 3715 180 3796 reipsa
201 3721 319 3794 regnet,
347 3715 412 3777 siva
436 3731 500 3776 non
524 3719 643 3792 regnet,
667 3712 779 3792 regalis
802 3723 848 3774 est
896 3713 1036 3793 pluribus
1054 3713 1106 3777 hie
1127 3732 1218 3793 agere
1239 3733 1502 3795 supervacaneum
1519 3715 1663 3794 arbitror,

72 3806 311 3887 appellandum.
328 3807 506 3885 »Idemque
519 3805 612 3884 paulo
627 3810 713 3884 post,
734 3822 845 3867 arem·
896 3824 968 3867 eum
981 3806 1022 3867 ah
1036 3805 1165 3867 eruditis
1174 3805 1328 3882 theologis
1342 3826 1378 3869 ea
1395 3810 1522 3888 quaestio
1540 3809 1664 3889 copiose

72 3897 234 3977 publicam
258 3898 345 3961 illam
370 3898 529 3976 prestanti
562 3897 697 3975 quadam
725 3896 847 3957 radone
895 3904 1083 3977 pertractata
1099 3898 1139 3959 sit
1160 3918 1167 3958 ε
1188 3899 1322 3961 maxime
1345 3899 1384 3961 ab
1405 3902 1553 3979 Gregorio
1571 3919 1589 3961 a
1605 3901 1667 3961 Va·

71 3998 196 4055 matam
217 4008 294 4068 esse,
322 3989 482 4069 solamque
509 3988 687 4068 reipublice
718 3989 846 4066 dignam
896 3988 991 4051 lentia
1004 3988 1026 4050 ί.

109 4179 133 4221 α
152 4162 264 4221 ΕιιιΗ
283 4163 392 4219 Strom.
412 4159 590 4235 Προγυμνασίοι
607 4158 654 4233 γὰρ
675 4157 800 4230 βασιλείας
813 4161 850 4228 τῷ
901 4155 988 4225 ἀξίαν,
1030 4159 1071 4211 καί
1108 4159 1222 4231 προφέρει
1257 4158 1301 4227 τὴν
1338 4159 1486 4231 ποιματιιιὴν
1508 4158 1663 4233 κηδιμονίαν.

71 4246 195 4320 μέλλοντι
219 4250 262 4312 τῆς
286 4245 444 4318 ἣμερωτότπς
469 4249 520 4296 τῶν
548 4241 681 4313 ἀνθρώπων
711 4239 849 4294 ἐπιστατεῖν
936 4239 1055 4296 οΡιιτο
1069 4244 1101 4297 ln
1116 4241 1202 4297 Patet.
1223 4242 1270 4295 Δεῖ
1279 4241 1326 4314 γὰρ
1343 4243 1372 4311 δὴ
1388 4244 1460 4314 τόνγε
1478 4242 1522 4311 τὴν
1538 4244 1664 4314 βασιλικὴν

71 4329 168 4401 ἀγέλης
188 4326 204 4394 ἡ
227 4326 367 4399 ποιμενικὴ,
389 4327 496 4398 καθάπερ
521 4324 561 4377 καί
586 4325 638 4385 τοῖς
661 4324 849 4395 πολεμιαοῖςτῇ
898 4321 991 4397 ἔχοντα
1014 4321 1159 4397 ἐπιστήμην,
1174 4324 1202 4377 ἄν
1226 4327 1249 4379 τ’
1269 4324 1344 4399 ἀρχῇ,
1365 4325 1406 4377 καί
1426 4323 1467 4377 ἐὰν
1488 4325 1533 4397 μὴ,
1547 4325 1609 4380 κατὰ
1622 4320 1665 4381 τόν

68 4412 144 4484 ρόσει
158 4402 319 4482 ἡόηρεντίαή.
899 4405 1033 4478 ἔμπροσθεν
1043 4407 1129 4479 λόγον,
1145 4408 1213 4478 ὅμως
1223 4407 1346 4478 βασιλικόν
1361 4409 1592 4481 προσαγορεύεσθαι.

107 4494 249 4551 όίῖιιιιιιι.
274 4491 389 4555 lom.V,
410 4491 487 4546 hom.
502 4505 591 4544 ccxvt.
616 4487 712 4560 Ἐχρῆν
732 4485 775 4557 μὲν
799 4485 848 4558 γὰρ
932 4487 1039 4543 (libid.
1058 4487 1664 4560 Ἀναγκαῖονόὴκαλπολιτειῶν,όιςέοιιιε,ταότην

67 4578 141 4651 ἡμεῖς
154 4576 210 4629 θεόν
223 4574 296 4629 αότόν
310 4578 448 4647 γινώσκειν,
463 4574 504 4626 καί
519 4572 631 4644 βασιλέα.
647 4568 705 4622 ἀλλ’
720 4567 801 4636 ίπιιόὴ
814 4569 848 4632 ίις
897 4572 1059 4642 διαφερόντως
1072 4570 1144 4642 όρόὴν
1160 4566 1232 4636 είναι,
1253 4571 1294 4624 καί
1308 4574 1384 4644 μόνην
1398 4573 1533 4638 πολιτείαν,
1554 4572 1578 4627 ἓν
1599 4571 1615 4648 ᾖ
1629 4594 1665 4636 τις

66 4661 201 4732 ἅνθρωποι
218 4659 314 4729 λογικοί
332 4658 387 4710 θεόν
408 4655 453 4709 chr
474 4654 624 4726 ίπίγνωμεν,
647 4652 759 4725 βούλεται
781 4650 846 4722 ἡμᾶς
896 4655 926 4707 ἂν
941 4653 1048 4725 εόρίσποι
1068 4655 1123 4716 πόλις
1147 4654 1270 4727 ἄρχοντας
1284 4654 1380 4723 ἀληθῶς
1394 4654 1567 4729 ἐπιστήμονας,
1581 4657 1664 4711 καλοῦ

67 4747 116 4799 κᾶν
131 4742 290 4813 &cupidate
313 4741 403 4804 ἄλογα,
418 4739 461 4793 τόν
484 4739 591 4809 ποιμίνα
603 4737 730 4808 γνωρίσαι.
755 4733 785 4787 Εἰ
798 4733 846 4805 γὰρ
896 4736 1029 4797 &creissac
1040 4738 1123 4808 μόνον.

67 4825 152 4881 ssede
167 4824 183 4879 ό
200 4822 384 4894 scripsistis
405 4823 499 4893 κόσμον
522 4814 575 4893 sipi
594 4838 621 4873 σε
635 4819 761 4890 ἄνθρωπον
776 4817 846 4888 λογι·
931 4820 1050 4875 ectasi.
1081 4819 1092 4874 1
1118 4821 1226 4877 Strom.
1251 4820 1299 4875 Thr
1325 4820 1450 4890 βασιλικόν
1473 4822 1564 4895 ἄνδρα,
1588 4825 1663 4895 νόμον

67 4909 132 4971 uhu,
162 4904 410 4979 &requiescatis
430 4903 482 4967 θεός
506 4900 657 4974 ἐπεραίνετο.
682 4900 738 4953 ἀλλ’
762 4897 843 4966 ἐπειδὴ
895 4900 1007 4975 ἔμψυχον
1030 4897 1199 4973 ἀποφαίνεται.
1226 4907 1339 4964 τοιοῦτος
1362 4902 1419 4959 hid
1441 4904 1542 4977 πληρῶν
1556 4903 1601 4977 μίν
1621 4906 1665 4961 τόν

69 4992 205 5064 ἄνθρωπον
220 4987 262 5063 μίν
275 4979 362 5060 οόχ
337 5004 414 5059 sapas,
439 4986 473 5047 ὡς
494 4986 619 5058 πρόόατον
640 4982 666 5036 δὲ
680 4982 843 5053 πλανώμενον
895 4985 982 5056 νόμον,
998 4990 1075 5037 ποιῶν
1091 4983 1118 5037 δὲ
1135 4984 1269 5055 τόόέλημα
1282 4985 1437 5059 τοῦπατρὸς,
1452 4985 1665 5060 όνιτρεγραμμίνος

69 5071 227 5145 ἰξᾶρχειίων
241 5072 348 5143 χρόνων,
363 5089 394 5121 κα
392 5068 604 5140 λπαρεσιαλοῦντα
621 5066 662 5119 διὰ
680 5070 729 5119 τῶν
744 5064 843 5134 Προρη-
893 5064 920 5117 δὲ
937 5065 1048 5137 ἄντικρυς
1063 5064 1182 5128 {clinico
1196 5067 1261 5129 τινός
1251 5067 1378 5140 υψηλου.

69 5161 124 5209 τῶν
139 5153 183 5207 τόν
197 5154 327 5220 δεσπότην.
344 5149 529 5218 Ἔπλανιίθην’
515 5171 548 5214 ως
564 5148 687 5221 πρόόατσν
703 5144 841 5209 testatis,
928 5146 1098 5220 [Ριιιιιιιιιιε
1111 5149 1159 5205 Olt
1148 5166 1229 5222 ραις).
1251 5151 1469 5222 Νόμοςόπάντων
1486 5152 1666 5224 prestantes,-

69 5240 181 5309 ζήιησον
207 5235 248 5289 τόν
275 5235 364 5288 δοῦλόν
377 5253 431 5287 σου·
461 5232 499 5286 διό
523 5232 619 5304 κρύπτει
641 5229 685 5298 τὴν
713 5227 840 5303 βασιλικὴν
890 5234 939 5285 των
951 5231 1038 5297 τεκαὶ
1050 5230 1187 5287 ἀθανάτων

102 5380 189 5426 lPror.
199 5391 249 5432 uri,
257 5380 290 5425 li
292 5377 646 5425 ticonii-evitarunt
651 5375 702 5421 Sch
712 5374 821 5430 σόθίςιιι
831 5387 889 5420 rs.-
862 5377 992 5421 [error
979 5388 1018 5422 ιιι
1021 5376 1139 5443 18οιιαιρ
1138 5378 1249 5437 hdrsg
1256 5378 1669 5436 avectolxhtaaoumrn.tram
