4104 6160
321 268 362 328 tr
822 274 1157 338 THEOLOGIOORUM
1177 275 1399 341 uoeutrutt

322 434 406 507 dam,
422 441 453 497 et
461 441 690 519 comparatione
704 459 775 503 cum
787 441 839 503 illa
853 442 956 521 priore
967 440 1089 501 conier—
1138 440 1205 503 loco
1233 443 1367 523 positum
1393 450 1464 506 ante
1497 453 1606 507 caetera
1639 446 1845 526 dispiciemus.
1871 443 1905 503 ld
1952 436 2039 497 trial

323 532 375 587 tur
393 548 400 588 :
415 527 601 594 1111111111
619 532 687 595 duee
709 542 826 596 coturoe
846 539 1035 596 concurrant.
1051 535 1089 594 In
1139 535 1222 594 enim
1256 537 1473 615 disputationis
1500 540 1718 618 consequentia
1751 536 1906 617 postulare
1944 505 2039 605 1⁴sz

323 619 381 680 hac
394 623 489 697 enim,
504 628 778 687 catartauocahulo
792 627 928 704 subjecta
942 625 1092 703 signitica—
1140 627 1542 692 videtur.tlonsiderarehoe
1549 632 1841 710 jubethnonymus3
1852 629 1908 708 Gy·
1940 614 2039 712 ⁶¹¹2?

326 711 366 771 tio
394 718 440 772 111
457 715 534 791 ejus,
561 718 645 795 quod
670 719 704 777 iu
730 719 890 790 ambabus,
923 718 1028 779 divina
1061 722 1091 776 et
1140 719 1246 779 rillum
1260 720 1543 801 inlocisillis,quae
1558 742 1599 784 ex
1613 723 1774 793 coattulit,
1788 729 1908 782 naturoe

324 803 462 865 humana
488 810 634 870 cernitur.
663 812 728 871 Hoc
748 818 852 871 autem
872 815 1001 871 nonest
1022 829 1092 890 pro·
1142 811 1292 871 unitatem
1306 813 1338 872 in
1358 814 1478 874 Christo
1500 815 1653 875 declarare
1671 816 1738 875 sic:
1759 834 1771 870 1
1789 813 1912 873 Scilicet

324 897 440 974 prietas
455 902 637 977 personalis3
654 903 707 963 sed
725 909 836 963 natura
858 904 935 983 ipsa,
951 920 1012 980 qua
1029 902 1092 962 sin·
1141 921 1206 963 non
1230 903 1298 963 lleri
1320 922 1376 982 per
1391 907 1614 978 confusionem,
1643 906 1909 978 commixtionem,

325 987 440 1063 gularis
454 997 511 1062 est,
534 993 696 1073 existitque
715 996 826 1074 reipsa,
847 1001 876 1055 et
892 1002 937 1056 est
950 996 1094 1074 111111111-
1143 1000 1198 1056 111
1217 997 1450 1059 conversionem
1471 1019 1478 1059 :
1501 1001 1553 1060 sed
1569 1019 1626 1079 per
1644 998 1911 1077 compositionem,

326 1079 382 1154 sis;
408 1090 501 1159 prout
525 1084 714 1164 hypostasim
741 1088 780 1147 ah
808 1088 934 1167 Cyrillo.
965 1088 1094 1164 aliisque
1143 1087 1243 1166 qualis
1275 1095 1320 1149 est
1355 1091 1457 1150 unitas
1484 1098 1604 1152 natura
1623 1092 1771 1151 humanae
1787 1107 1913 1166 rompo-

326 1179 484 1251 sumptam
504 1195 568 1237 esse
591 1197 686 1257 supra
700 1181 799 1259 capite
819 1180 954 1241 secundo
969 1179 1096 1239 demon·
1145 1180 1211 1239 sitae
1226 1199 1264 1240 ex
1280 1200 1407 1261 corpore
1423 1184 1614 1244 stamma.»
1631 1184 1718 1244 Hauc
1731 1183 1815 1243 enim
1828 1181 1915 1241 simi-

326 1266 648 1341 stravimus.Quareut
662 1272 801 1332 inaltera
813 1272 1096 1351 propositione,va
1145 1271 1308 1332 litudinem
1332 1275 1446 1354 passim
1461 1277 1594 1354 Cyrillus
1606 1276 1739 1336 inculcat
1756 1295 1762 1334 :
1778 1275 1915 1334 maxime

327 1357 591 1439 111111111ςφύσεως
606 1364 908 1444 11111111111111111,
918 1381 981 1423 non
993 1362 1095 1422 ambi·
1146 1363 1179 1422 in
1191 1364 1320 1443 epistola
1334 1368 1469 1427 secunda
1487 1366 1527 1429 ad
1542 1367 1710 1429 Successum
1728 1366 1788 1427 illis
1799 1366 1912 1438 verbis,

327 1456 433 1525 guest
453 1454 620 1531 aequivoce,
638 1463 783 1517 naturam
798 1457 951 1530 itidemet
962 1462 1095 1516 tartaraco
1144 1474 1216 1534 quta
1232 1457 1349 1529 Graece,
1366 1460 1533 1539 Latineque
1547 1461 1699 1537 descripta
1712 1460 1811 1539 capite
1823 1463 1916 1518 ante-

327 1541 499 1619 significare
525 1547 626 1608 dehet.
653 1550 749 1609 Porro
761 1555 914 1627 quatenus
939 1548 976 1606 ad
1000 1563 1097 1606 unam

328 1637 548 1715 propriamque
576 1640 670 1700 Verbi
698 1648 841 1701 naturam
867 1639 1098 1719 quodammodo

329 1726 565 1805 determinatur,
588 1750 659 1791 cum
683 1733 824 1807 dicimus,
855 1731 949 1794 Unum
971 1749 1029 1791 esse
1046 1748 1097 1790 aa·

331 1823 430 1877 teram
463 1820 551 1881 Verbi
575 1827 786 1885 incarnatam:
812 1824 889 1884 nihil
908 1824 1009 1884 obstat
1023 1821 1099 1900 quin

330 1912 511 1973 secundaria
531 1921 680 1993 potestate
701 1917 875 1995 implicetur
898 1917 931 1975 in
951 1934 988 1975 eo
1006 1921 1099 1993 φύσεως

330 2004 479 2064 vocabulo
502 2008 587 2084 quod
615 2008 767 2084 peculiare
793 2008 886 2068 hahet
917 2008 950 2067 in
973 2006 1096 2079 Verbo,

332 2113 445 2174 nempe
457 2099 642 2160 subsistendi
653 2100 833 2179 proprietas,
850 2106 881 2160 11
894 2117 1036 2179 persona.

371 2187 456 2259 Quod
486 2196 520 2250 ut
546 2192 685 2267 exemplo
710 2192 891 2264 declaretur,
905 2207 1099 2250 assumamus

331 2277 419 2353 illud,
444 2282 527 2358 quod
555 2283 593 2341 ad
617 2283 730 2344 divinae
752 2284 960 2361 humanaeque
979 2291 1099 2342 natura

331 2372 582 2449 conjunctionem
608 2377 733 2455 propius
756 2377 911 2454 pertinere
952 2392 990 2434 ex
1013 2392 1095 2434 sanc.

331 2464 452 2525 Thoma
471 2483 535 2524 nou
547 2467 643 2526 semel
658 2468 859 2527 ostendimus.
882 2468 914 2526 si
936 2467 1005 2544 quis
1020 2466 1096 2543 ejus,

331 2555 415 2633 quod
427 2556 529 2617 elbam
540 2559 662 2633 dicitur,
680 2560 936 2638 compositionem
949 2558 1100 2637 explicare

331 2648 449 2713 volens.
464 2650 508 2709 ita
530 2651 649 2712 dixerit.
668 2652 716 2711 Ad
730 2652 835 2711 album
850 2651 1100 2711 constituendum

331 2742 394 2802 duo
418 2744 513 2817 entia,
541 2743 604 2804 sive
628 2750 747 2803 naturae
773 2744 1098 2804 duae'convenerunt:

330 2838 398 2893 tum
411 2834 454 2894 ita
467 2840 606 2912 pertexat
623 2836 812 2914 :Postquam
832 2854 905 2894 varo
928 2835 1100 2913 conjuncta

331 2924 559 3002 intelliguntur,
570 2928 634 3005 jam
657 2946 722 2988 non
737 2929 800 2988 duo
815 2934 888 2987 sunt
899 2929 991 3000 entia,
1010 2932 1100 2986 nutu·

330 3036 412 3079 1111
425 3019 508 3090 dua,
520 3038 589 3097 qua
603 3020 746 3080 videlicet
760 3025 919 3097 separatae,
934 3019 1101 3096 divisaeque

331 3110 523 3188 cogitentur:
539 3113 593 3173 sed
620 3118 665 3172 est
687 3130 787 3171 unum
808 3128 873 3187 ens,
898 3128 1022 3189 unaque
1045 3129 1102 3169 na·

334 3210 402 3262 tura
425 3203 551 3281 parietis
576 3203 718 3264 dealbati.
743 3203 801 3263 llic
823 3202 987 3281 utrobique
1013 3206 1100 3277 cotis,

332 3302 386 3355 aut
408 3300 527 3356 11111111
552 3314 613 3355 vox
640 3313 741 3374 neque
760 3294 974 3365 substantiam,
1000 3312 1102 3372 neque

332 3386 472 3447 accidens
496 3388 632 3466 proprie,
652 3405 687 3447 ac
712 3387 836 3457 diserte,
864 3386 913 3446 vel
931 3386 1102 3445 turmaliter

332 3480 507 3559 significat:
531 3481 584 3541 sed
610 3498 677 3540 rem
697 3479 832 3558 aliquam
860 3478 1051 3538 indididuam
1072 3484 1103 3539 et

332 3573 524 3643 existentem.
543 3576 583 3632 At
601 3573 635 3632 in
650 3572 785 3632 secunda
808 3572 1032 3646 enuntiatione,
1047 3572 1102 3630 ad-

328 3665 412 3742 jecto
427 3664 552 3742 parietis
577 3666 722 3736 nomina,
752 3661 980 3738 quodammodo
1001 3662 1102 3722 modi·

332 3755 442 3815 iicatur
461 3755 612 3833 generalis
639 3761 669 3814 et
687 3754 810 3814 infinita
833 3754 922 3827 entis,
938 3759 1102 3815 acuaturae

333 3850 431 3923 notio,
457 3854 493 3907 ut
519 3847 736 3908 subsistentem
759 3855 913 3923 naturam,
934 3851 965 3907 11
988 3846 1104 3924 subjec-

333 3945 402 3999 tum
433 3940 569 4000 secundo
593 3940 677 4016 loco,
702 3947 733 4000 et
755 3941 843 4019 quasi
867 3958 906 3999 cx
933 3939 1104 3999 abundanti

333 4031 493 4104 significet.

376 4123 1105 4195 llaecauimadversiomisinostranobisinventa

335 4217 469 4278 nimium
483 4218 617 4295 placent,
634 4216 787 4293 quantivis
801 4233 865 4276 esse
884 4214 961 4274 mihi
983 4214 1105 4273 ridetur

336 4310 428 4382 adid,
441 4309 524 4387 quod
539 4308 730 4386 inpraesenti
745 4308 881 4385 agimus3
898 4313 929 4366 et
949 4306 988 4365 ad
1000 4305 1105 4383 Cyrilli

336 4401 571 4463 celeberrimam
599 4400 700 4471 illam,
730 4419 766 4460 ac
787 4404 874 4459 tanta
908 4398 1106 4458 contentione

283 4514 286 4519 ⁴
336 4494 484 4570 agitatum
502 4493 718 4571 explicandam
745 4491 954 4551 sententiam:
984 4507 1106 4549 necnon

337 4586 377 4646 ad
401 4591 542 4646 veterum
563 4585 602 4645 de
622 4584 674 4644 illa
696 4585 874 4655 contrarias,
895 4587 931 4641 ut
950 4582 1105 4655 ridentur,

339 4677 501 4755 opiniones
517 4678 549 4735 in
572 4676 767 4737 coneordiam
792 4675 988 4735 revocandas.
1011 4673 1106 4732 Deni-

339 4788 411 4848 que,
424 4775 460 4829 ut
473 4768 557 4848 quod
574 4773 680 4828 nostra
698 4767 791 4827 modo
818 4767 954 4839 interest,
979 4765 1108 4842 attinga-

340 4878 424 4935 mus3
454 4866 602 4939 tanquam
628 4859 833 4920 everriculum
856 4865 900 4919 est
919 4857 1108 4917 malitiarum

340 4951 483 5012 omnium
502 4958 533 5013 11
554 4951 780 5011 calumniarum
797 4950 969 5029 Anonymi3
995 4948 1109 5026 quibus

341 5044 451 5123 cyrilli
462 5044 732 5117 existimationem,
755 5044 838 5123 quod
852 5043 892 5102 ad
916 5042 976 5102 hoc
989 5045 1109 5105 natue

341 5137 435 5195 unius
448 5145 540 5216 caput
552 5137 672 5206 attinet,
688 5136 804 5196 violare
815 5140 943 5195 conatus
955 5138 1011 5208 est,
1026 5132 1109 5210 quod

342 5245 381 5287 ex
396 5229 596 5306 sequentibus
605 5229 801 5307 perspicuum
815 5226 884 5297 erit.

1139 1549 1278 1635 cedenti,
1293 1549 1344 1610 hir.
1356 1557 1479 1612 tantum
1497 1552 1606 1612 Latine
1619 1552 1762 1612 referam.
1773 1550 1820 1609 lbi
1831 1554 1916 1628 post·

1148 1658 1241 1717 quam
1256 1641 1344 1715 dixit,
1361 1662 1479 1703 «unam
1498 1663 1562 1704 esse
1574 1650 1719 1704 naturam
1736 1643 1804 1702 Filii
1815 1643 1917 1702 incar-

1148 1741 1266 1807 natam,
1283 1754 1298 1790 1
1314 1752 1387 1794 mox
1401 1735 1478 1795 illud
1490 1737 1599 1795 addit:
1618 1757 1630 1792 c
1647 1737 1715 1795 Non
1728 1735 1812 1794 enim
1830 1734 1864 1793 11
1880 1733 1919 1794 111

1148 1827 1282 1898 tantum,
1303 1844 1372 1904 quse
1396 1835 1507 1888 natura
1532 1827 1683 1906 simplicia
1709 1834 1791 1899 suut,
1818 1844 1919 1885 unum

1148 1932 1255 1975 revera
1269 1917 1403 1979 dieitur:
1424 1920 1477 1979 sed
1494 1919 1587 1980 etiam
1602 1920 1636 1978 11
1656 1920 1693 1979 iis
1707 1937 1777 1997 quae
1795 1936 1920 1996 compo·

1149 2007 1259 2068 sitione
1283 2010 1467 2070 coaluerunt
1484 2011 1678 2089 :eujusmodi
1700 2016 1746 2071 111
1763 2011 1858 2070 homo
1880 2028 1920 2070 ex

1150 2099 1254 2158 anima
1269 2106 1300 2159 11
1320 2120 1448 2180 corpore
1468 2110 1620 2163 constans.
1637 2103 1758 2181 Quippe
1781 2120 1831 2162 res
1857 2101 1919 2160 hu-

1145 2190 1281 2268 jusmodi
1294 2211 1365 2254 cum
1375 2195 1475 2273 specie
1485 2195 1612 2255 diversa
1622 2195 1695 2269 sint,
1712 2212 1769 2254 nco
1781 2194 1920 2272 ejusdem

1151 2286 1231 2344 inter
1245 2303 1276 2345 se
1290 2287 1479 2355 substantiae,
1497 2287 1592 2346 unitae
1606 2292 1721 2359 tamen,
1736 2303 1832 2362 unam
1854 2287 1919 2345 effi-

1151 2377 1236 2437 ciunt
1245 2378 1381 2438 hominis
1392 2384 1548 2438 naturam.
1562 2398 1577 2435 a
1595 2379 1642 2438 Ad
1656 2395 1726 2456 quaa
1741 2378 1784 2437 ita
1797 2377 1922 2437 disserit

1150 2470 1353 2547 Anonymus:
1389 2492 1404 2526 c
1418 2471 1506 2530 ldem
1538 2488 1621 2542 esse,
1651 2488 1688 2530 ac
1718 2471 1743 2529 si
1775 2469 1919 2541 dixisset,

1150 2561 1289 2621 Christus
1314 2569 1432 2623 constat
1456 2580 1495 2621 ex
1517 2562 1621 2622 Verbo
1646 2566 1677 2621 11
1703 2561 1918 2636 humanitate,

1150 2671 1220 2731 quae
1235 2671 1332 2712 unam
1346 2660 1490 2714 naturam
1513 2653 1568 2713 filii
1593 2653 1785 2713 incarnatam
1806 2653 1921 2713 consti-

1149 2749 1255 2816 tuunt,
1272 2746 1349 2806 sicut
1362 2747 1457 2805 homo
1472 2750 1591 2806 11111111
1605 2763 1742 2824 corpore,
1758 2750 1789 2805 11
1801 2745 1917 2819 anima,

1150 2855 1220 2916 quae
1230 2856 1323 2897 unam
1339 2844 1484 2897 naturam
1492 2837 1629 2898 hominis
1642 2836 1815 2897 absolvunt.
1830 2858 1846 2893 u

1191 2932 1286 3007 Atqui
1300 2930 1325 2988 si
1340 2929 1387 2989 vel
1398 2929 1516 3007 judicii,
1531 2931 1595 2988 imo
1610 2929 1784 2989 communis
1798 2946 1917 2998 sensus,

1151 3020 1313 3100 paululum
1327 3020 1516 3081 adhibuisset
1529 3020 1568 3079 ad
1584 3020 1634 3079 illa
1649 3020 1755 3099 Gyrilli
1768 3020 1874 3092 verba,
1888 3026 1920 3080 et

1151 3112 1246 3185 adid,
1272 3113 1353 3191 quod
1379 3113 1452 3172 inde
1466 3112 1680 3172 ratiocinando
1695 3111 1819 3172 conficit
1831 3115 1918 3171 Ano·

1151 3222 1276 3283 11111111,
1288 3205 1424 3284 proiecto
1436 3205 1561 3265 vidisset
1574 3211 1699 3265 ἀσύστατα
1712 3205 1872 3280 haeresse,
1887 3210 1920 3264 ct
1993 3237 2039 3281 11,

1152 3315 1171 3356 1
1186 3296 1292 3375 Gyrilli
1305 3308 1407 3371 sensu,
1429 3315 1465 3356 ac
1482 3302 1587 3357 mente
1601 3297 1723 3375 penitus
1737 3296 1917 3358 abhorrere.
1945 3292 2039 3336 ‘W'

1152 3389 1237 3466 Nego
1259 3387 1353 3465 igitur
1371 3387 1512 3467 praecise,
1527 3406 1638 3451 verum
1652 3387 1729 3447 illud
1742 3406 1818 3464 esse,
1834 3389 1919 3467 quod

1152 3498 1191 3540 ex
1219 3479 1413 3540 memorabili
1444 3480 1497 3540 illa
1524 3479 1631 3558 Cyrilli
1659 3481 1826 3555 sententia,
1856 3499 1921 3559 qua

1152 3571 1308 3632 secundam
1333 3571 1493 3631 auctionem
1516 3573 1642 3643 asserit,
1665 3591 1754 3633 uuam
1777 3591 1834 3633 esse
1856 3572 1921 3653 filii

1160 3673 1298 3723 naturam
1335 3664 1536 3734 incarnatum,
1572 3663 1688 3741 colligit
1707 3667 1914 3743 Anonymus,

1153 3773 1250 3815 unam
1285 3755 1324 3814 ab
1358 3754 1410 3814 illo
1445 3755 1643 3815 constitutam
1677 3772 1741 3815 esse
1775 3761 1921 3816 naturam

1154 3846 1446 3919 Christi,exllerho,
1460 3847 1689 3907 ethumanitatc
1700 3847 1919 3926 compositam:

1154 3939 1234 3998 sicut
1241 3956 1278 3998 ex
1288 3938 1394 3998 anima
1403 3944 1434 3999 et
1448 3957 1575 4017 corpore
1584 3957 1647 3998 una
1662 3939 1798 3999 hominis
1810 3947 1924 4001 natura

1155 4030 1317 4090 conflatur.
1335 4032 1403 4090 Duo
1427 4030 1478 4090 hic
1501 4030 1592 4090 nobis
1619 4030 1799 4108 explicanda
1825 4038 1919 4093 sunt:

1153 4122 1301 4201 primum,
1318 4139 1412 4200 quam
1426 4127 1515 4182 vocat
1529 4121 1663 4201 Gyrillus
1678 4141 1768 4183 unam
1781 4131 1923 4185 nutrirem

1157 4214 1359 4282 incarnatam,
1389 4232 1454 4273 non
1477 4232 1541 4274 esse
1565 4214 1677 4274 Christi
1704 4220 1850 4275 naturam
1884 4235 1924 4277 ex

1155 4306 1274 4380 Verbo,
1295 4310 1326 4365 et
1346 4305 1540 4365 humanitate
1559 4306 1782 4383 compositam:
1799 4307 1923 4385 deinde,

1155 4397 1297 4475 quamvis
1309 4397 1442 4456 similem
1457 4414 1522 4456 esse
1537 4396 1619 4457 dicat
1631 4397 1737 4470 illam,
1752 4416 1823 4477 quae
1841 4399 1877 4459 iit
1890 4401 1926 4459 in

1156 4489 1287 4559 Christo,
1304 4493 1487 4549 naturarum
1510 4489 1644 4549 duarum
1664 4489 1857 4567 junctionem
1883 4491 1924 4562 ei,

1157 4599 1227 4659 quae
1249 4581 1281 4639 11
1295 4581 1422 4641 homine
1436 4581 1587 4655 cernitur,
1609 4581 1721 4641 auimae
1744 4586 1836 4661 atquc
1856 4601 1924 4642 cor-

1158 4673 1257 4751 poris:
1272 4690 1336 4732 non
1349 4678 1455 4733 tamen
1464 4691 1503 4733 ex
1514 4691 1551 4733 eo
1564 4673 1663 4751 sequi,
1677 4691 1785 4751 parem
1796 4676 1926 4736 omnino

1159 4765 1322 4842 utrubique
1336 4766 1489 4825 rationem
1503 4782 1589 4839 esse;
1610 4770 1664 4825 aut
1677 4765 1819 4825 similiter
1833 4773 1926 4845 atque

1157 4857 1208 4918 hic
1232 4857 1344 4927 evenit,
1374 4858 1438 4917 illie
1451 4857 1544 4918 etiam
1558 4862 1701 4917 naturam
1727 4857 1864 4936 aliquam
1887 4878 1928 4920 ex

1158 4948 1309 5009 ambabus
1322 4966 1419 5009 unam
1434 4950 1563 5010 existere
1577 4949 1790 5027 compositam.
1807 4950 1928 5012 Horum

1159 5040 1294 5100 duorum
1310 5041 1397 5119 prius
1422 5041 1481 5102 hoe
1508 5041 1541 5101 in
1567 5040 1684 5120 capite3
1706 5042 1859 5119 posterius
1884 5042 1927 5103 ad

1160 5138 1305 5210 quartam
1319 5132 1477 5213 Anonymi
1491 5133 1792 5206 argumentationem
1802 5179 1809 5207 ,
1818 5134 1874 5193 ubi
1888 5134 1927 5195 de

1160 5223 1217 5283 hac
1232 5241 1265 5283 re
1279 5223 1344 5302 agit
1356 5242 1395 5285 ex
1408 5224 1556 5304 professo,
1568 5229 1673 5303 postea
1686 5223 1925 5304 disputabimus.

383 5320 421 5381 V.
437 5320 567 5399 Reliqua
583 5325 656 5380 sunt
674 5320 732 5380 tria
746 5320 783 5380 de
797 5324 929 5399 quatuor
944 5315 1112 5378 observatis
1201 5315 1255 5374 Vl.
1280 5315 1350 5375 Non
1361 5334 1450 5396 posse
1462 5321 1607 5376 naturam
1616 5331 1713 5376 unam
1724 5317 1930 5397 compositam

346 5412 385 5475 ab
400 5415 567 5491 Anonymo
582 5431 589 5472 :
606 5409 773 5491 exquibus
786 5415 988 5489 postremo,et
1001 5412 1111 5487 quarto

1161 5423 1199 5468 ex
1213 5407 1315 5468 Verbo
1328 5412 1361 5470 et
1373 5408 1565 5468 humanitate
1590 5407 1624 5468 in
1644 5407 1698 5468 illc
1718 5405 1825 5487 Gyrilli
1845 5408 1930 5472 dicto
